[
  {
    "date": "2025-07-31",
    "symbol": "A",
    "reportedCurrency": "USD",
    "cik": "0001090872",
    "fillingDate": "2025-08-29",
    "acceptedDate": "2025-08-29 16:33:55",
    "calendarYear": "2025",
    "period": "Q3",
    "revenue": 1738000000,
    "costOfRevenue": 824000000,
    "grossProfit": 914000000,
    "grossProfitRatio": 0.5258918297,
    "researchAndDevelopmentExpenses": 111000000,
    "generalAndAdministrativeExpenses": 0,
    "sellingAndMarketingExpenses": 0,
    "sellingGeneralAndAdministrativeExpenses": 417000000,
    "otherExpenses": 26000000,
    "operatingExpenses": 554000000,
    "costAndExpenses": 1378000000,
    "interestIncome": 16000000,
    "interestExpense": 28000000,
    "depreciationAndAmortization": 72000000,
    "ebitda": 466000000,
    "ebitdaratio": 0.2681242808,
    "operatingIncome": 360000000,
    "operatingIncomeRatio": 0.2071346375,
    "totalOtherIncomeExpensesNet": 6000000,
    "incomeBeforeTax": 366000000,
    "incomeBeforeTaxRatio": 0.2105868815,
    "incomeTaxExpense": 30000000,
    "netIncome": 336000000,
    "netIncomeRatio": 0.1933256617,
    "eps": 1.18,
    "epsdiluted": 1.18,
    "weightedAverageShsOut": 285000000,
    "weightedAverageShsOutDil": 285000000,
    "link": "https://www.sec.gov/Archives/edgar/data/1090872/000109087225000036/0001090872-25-000036-index.htm",
    "finalLink": "https://www.sec.gov/Archives/edgar/data/1090872/000109087225000036/a-20250731.htm"
  },
  {
    "date": "2025-04-30",
    "symbol": "A",
    "reportedCurrency": "USD",
    "cik": "0001090872",
    "fillingDate": "2025-06-02",
    "acceptedDate": "2025-05-30 19:02:43",
    "calendarYear": "2025",
    "period": "Q2",
    "revenue": 1668000000,
    "costOfRevenue": 802000000,
    "grossProfit": 866000000,
    "grossProfitRatio": 0.5191846523,
    "researchAndDevelopmentExpenses": 112000000,
    "generalAndAdministrativeExpenses": 0,
    "sellingAndMarketingExpenses": 0,
    "sellingGeneralAndAdministrativeExpenses": 454000000,
    "otherExpenses": 0,
    "operatingExpenses": 566000000,
    "costAndExpenses": 1368000000,
    "interestIncome": 14000000,
    "interestExpense": 29000000,
    "depreciationAndAmortization": 73000000,
    "ebitda": 362000000,
    "ebitdaratio": 0.2170263789,
    "operatingIncome": 300000000,
    "operatingIncomeRatio": 0.1798561151,
    "totalOtherIncomeExpensesNet": -40000000,
    "incomeBeforeTax": 260000000,
    "incomeBeforeTaxRatio": 0.1558752998,
    "incomeTaxExpense": 45000000,
    "netIncome": 215000000,
    "netIncomeRatio": 0.1288968825,
    "eps": 0.75,
    "epsdiluted": 0.75,
    "weightedAverageShsOut": 285000000,
    "weightedAverageShsOutDil": 285000000,
    "link": "https://www.sec.gov/Archives/edgar/data/1090872/000109087225000021/0001090872-25-000021-index.htm",
    "finalLink": "https://www.sec.gov/Archives/edgar/data/1090872/000109087225000021/a-20250430.htm"
  },
  {
    "date": "2025-01-31",
    "symbol": "A",
    "reportedCurrency": "USD",
    "cik": "0001090872",
    "fillingDate": "2025-03-03",
    "acceptedDate": "2025-03-03 16:59:37",
    "calendarYear": "2025",
    "period": "Q1",
    "revenue": 1681000000,
    "costOfRevenue": 782000000,
    "grossProfit": 899000000,
    "grossProfitRatio": 0.5348007139,
    "researchAndDevelopmentExpenses": 113000000,
    "generalAndAdministrativeExpenses": 0,
    "sellingAndMarketingExpenses": 0,
    "sellingGeneralAndAdministrativeExpenses": 410000000,
    "otherExpenses": 0,
    "operatingExpenses": 523000000,
    "costAndExpenses": 1305000000,
    "interestIncome": 15000000,
    "interestExpense": 28000000,
    "depreciationAndAmortization": 72000000,
    "ebitda": 467000000,
    "ebitdaratio": 0.2778108269,
    "operatingIncome": 376000000,
    "operatingIncomeRatio": 0.2236763831,
    "totalOtherIncomeExpensesNet": -9000000,
    "incomeBeforeTax": 367000000,
    "incomeBeforeTaxRatio": 0.2183224271,
    "incomeTaxExpense": 49000000,
    "netIncome": 318000000,
    "netIncomeRatio": 0.1891731112,
    "eps": 1.12,
    "epsdiluted": 1.11,
    "weightedAverageShsOut": 285000000,
    "weightedAverageShsOutDil": 287000000,
    "link": "https://www.sec.gov/Archives/edgar/data/1090872/000109087225000008/0001090872-25-000008-index.htm",
    "finalLink": "https://www.sec.gov/Archives/edgar/data/1090872/000109087225000008/a-20250131.htm"
  },
  {
    "date": "2024-10-31",
    "symbol": "A",
    "reportedCurrency": "USD",
    "cik": "0001090872",
    "fillingDate": "2024-12-20",
    "acceptedDate": "2024-12-19 18:51:56",
    "calendarYear": "2024",
    "period": "Q4",
    "revenue": 1701000000,
    "costOfRevenue": 785000000,
    "grossProfit": 916000000,
    "grossProfitRatio": 0.5385067607,
    "researchAndDevelopmentExpenses": 111000000,
    "generalAndAdministrativeExpenses": 0,
    "sellingAndMarketingExpenses": 0,
    "sellingGeneralAndAdministrativeExpenses": 397000000,
    "otherExpenses": 0,
    "operatingExpenses": 508000000,
    "costAndExpenses": 1293000000,
    "interestIncome": 24000000,
    "interestExpense": 32000000,
    "depreciationAndAmortization": 69000000,
    "ebitda": 502000000,
    "ebitdaratio": 0.2951205173,
    "operatingIncome": 408000000,
    "operatingIncomeRatio": 0.2398589065,
    "totalOtherIncomeExpensesNet": -7000000,
    "incomeBeforeTax": 401000000,
    "incomeBeforeTaxRatio": 0.2357436802,
    "incomeTaxExpense": 50000000,
    "netIncome": 351000000,
    "netIncomeRatio": 0.2063492063,
    "eps": 1.23,
    "epsdiluted": 1.22,
    "weightedAverageShsOut": 290000000,
    "weightedAverageShsOutDil": 291000000,
    "link": "https://www.sec.gov/Archives/edgar/data/1090872/000109087224000049/0001090872-24-000049-index.htm",
    "finalLink": "https://www.sec.gov/Archives/edgar/data/1090872/000109087224000049/a-20241031.htm"
  },
  {
    "date": "2024-07-31",
    "symbol": "A",
    "reportedCurrency": "USD",
    "cik": "0001090872",
    "fillingDate": "2024-08-30",
    "acceptedDate": "2024-08-29 18:51:17",
    "calendarYear": "2024",
    "period": "Q3",
    "revenue": 1578000000,
    "costOfRevenue": 723000000,
    "grossProfit": 855000000,
    "grossProfitRatio": 0.5418250951,
    "researchAndDevelopmentExpenses": 127000000,
    "generalAndAdministrativeExpenses": 0,
    "sellingAndMarketingExpenses": 0,
    "sellingGeneralAndAdministrativeExpenses": 395000000,
    "otherExpenses": 0,
    "operatingExpenses": 522000000,
    "costAndExpenses": 1245000000,
    "interestIncome": 19000000,
    "interestExpense": 22000000,
    "depreciationAndAmortization": 63000000,
    "ebitda": 428000000,
    "ebitdaratio": 0.2712294043,
    "operatingIncome": 333000000,
    "operatingIncomeRatio": 0.211026616,
    "totalOtherIncomeExpensesNet": 10000000,
    "incomeBeforeTax": 343000000,
    "incomeBeforeTaxRatio": 0.2173637516,
    "incomeTaxExpense": 61000000,
    "netIncome": 282000000,
    "netIncomeRatio": 0.1787072243,
    "eps": 0.97,
    "epsdiluted": 0.97,
    "weightedAverageShsOut": 290000000,
    "weightedAverageShsOutDil": 291000000,
    "link": "https://www.sec.gov/Archives/edgar/data/1090872/000109087224000033/0001090872-24-000033-index.htm",
    "finalLink": "https://www.sec.gov/Archives/edgar/data/1090872/000109087224000033/a-20240731.htm"
  },
  {
    "date": "2024-04-30",
    "symbol": "A",
    "reportedCurrency": "USD",
    "cik": "0001090872",
    "fillingDate": "2024-06-03",
    "acceptedDate": "2024-05-31 18:52:05",
    "calendarYear": "2024",
    "period": "Q2",
    "revenue": 1573000000,
    "costOfRevenue": 717000000,
    "grossProfit": 856000000,
    "grossProfitRatio": 0.5441830896,
    "researchAndDevelopmentExpenses": 113000000,
    "generalAndAdministrativeExpenses": 0,
    "sellingAndMarketingExpenses": 0,
    "sellingGeneralAndAdministrativeExpenses": 380000000,
    "otherExpenses": 0,
    "operatingExpenses": 493000000,
    "costAndExpenses": 1210000000,
    "interestIncome": 19000000,
    "interestExpense": 20000000,
    "depreciationAndAmortization": 63000000,
    "ebitda": 436000000,
    "ebitdaratio": 0.2771773681,
    "operatingIncome": 363000000,
    "operatingIncomeRatio": 0.2307692308,
    "totalOtherIncomeExpensesNet": 11000000,
    "incomeBeforeTax": 374000000,
    "incomeBeforeTaxRatio": 0.2377622378,
    "incomeTaxExpense": 66000000,
    "netIncome": 308000000,
    "netIncomeRatio": 0.1958041958,
    "eps": 1.05,
    "epsdiluted": 1.05,
    "weightedAverageShsOut": 293000000,
    "weightedAverageShsOutDil": 293000000,
    "link": "https://www.sec.gov/Archives/edgar/data/1090872/000109087224000021/0001090872-24-000021-index.htm",
    "finalLink": "https://www.sec.gov/Archives/edgar/data/1090872/000109087224000021/a-20240430.htm"
  },
  {
    "date": "2024-01-31",
    "symbol": "A",
    "reportedCurrency": "USD",
    "cik": "0001090872",
    "fillingDate": "2024-03-05",
    "acceptedDate": "2024-03-04 18:49:08",
    "calendarYear": "2024",
    "period": "Q1",
    "revenue": 1658000000,
    "costOfRevenue": 750000000,
    "grossProfit": 908000000,
    "grossProfitRatio": 0.5476477684,
    "researchAndDevelopmentExpenses": 128000000,
    "generalAndAdministrativeExpenses": 0,
    "sellingAndMarketingExpenses": 0,
    "sellingGeneralAndAdministrativeExpenses": 396000000,
    "otherExpenses": 0,
    "operatingExpenses": 524000000,
    "costAndExpenses": 1274000000,
    "interestIncome": 18000000,
    "interestExpense": 22000000,
    "depreciationAndAmortization": 62000000,
    "ebitda": 487000000,
    "ebitdaratio": 0.2937273824,
    "operatingIncome": 384000000,
    "operatingIncomeRatio": 0.2316043426,
    "totalOtherIncomeExpensesNet": 19000000,
    "incomeBeforeTax": 403000000,
    "incomeBeforeTaxRatio": 0.2430639324,
    "incomeTaxExpense": 55000000,
    "netIncome": 348000000,
    "netIncomeRatio": 0.2098914355,
    "eps": 1.19,
    "epsdiluted": 1.18,
    "weightedAverageShsOut": 293000000,
    "weightedAverageShsOutDil": 294000000,
    "link": "https://www.sec.gov/Archives/edgar/data/1090872/000109087224000011/0001090872-24-000011-index.htm",
    "finalLink": "https://www.sec.gov/Archives/edgar/data/1090872/000109087224000011/a-20240131.htm"
  },
  {
    "date": "2023-10-31",
    "symbol": "A",
    "reportedCurrency": "USD",
    "cik": "0001090872",
    "fillingDate": "2023-12-20",
    "acceptedDate": "2023-12-19 18:52:16",
    "calendarYear": "2023",
    "period": "Q4",
    "revenue": 1688000000,
    "costOfRevenue": 773000000,
    "grossProfit": 915000000,
    "grossProfitRatio": 0.5420616114,
    "researchAndDevelopmentExpenses": 114000000,
    "generalAndAdministrativeExpenses": 0,
    "sellingAndMarketingExpenses": 0,
    "sellingGeneralAndAdministrativeExpenses": 393000000,
    "otherExpenses": 0,
    "operatingExpenses": 507000000,
    "costAndExpenses": 1280000000,
    "interestIncome": 17000000,
    "interestExpense": 22000000,
    "depreciationAndAmortization": 62000000,
    "ebitda": 504000000,
    "ebitdaratio": 0.2985781991,
    "operatingIncome": 408000000,
    "operatingIncomeRatio": 0.2417061611,
    "totalOtherIncomeExpensesNet": 12000000,
    "incomeBeforeTax": 420000000,
    "incomeBeforeTaxRatio": 0.2488151659,
    "incomeTaxExpense": -55000000,
    "netIncome": 475000000,
    "netIncomeRatio": 0.2813981043,
    "eps": 1.63,
    "epsdiluted": 1.62,
    "weightedAverageShsOut": 292000000,
    "weightedAverageShsOutDil": 293000000,
    "link": "https://www.sec.gov/Archives/edgar/data/1090872/000109087223000020/0001090872-23-000020-index.htm",
    "finalLink": "https://www.sec.gov/Archives/edgar/data/1090872/000109087223000020/a-20231031.htm"
  },
  {
    "date": "2023-07-31",
    "symbol": "A",
    "reportedCurrency": "USD",
    "cik": "0001090872",
    "fillingDate": "2023-08-31",
    "acceptedDate": "2023-08-30 18:47:03",
    "calendarYear": "2023",
    "period": "Q3",
    "revenue": 1672000000,
    "costOfRevenue": 1014000000,
    "grossProfit": 658000000,
    "grossProfitRatio": 0.3935406699,
    "researchAndDevelopmentExpenses": 118000000,
    "generalAndAdministrativeExpenses": 0,
    "sellingAndMarketingExpenses": 0,
    "sellingGeneralAndAdministrativeExpenses": 407000000,
    "otherExpenses": 0,
    "operatingExpenses": 525000000,
    "costAndExpenses": 1539000000,
    "interestIncome": 13000000,
    "interestExpense": 24000000,
    "depreciationAndAmortization": 71000000,
    "ebitda": 227000000,
    "ebitdaratio": 0.1357655502,
    "operatingIncome": 133000000,
    "operatingIncomeRatio": 0.0795454545,
    "totalOtherIncomeExpensesNet": -1000000,
    "incomeBeforeTax": 132000000,
    "incomeBeforeTaxRatio": 0.0789473684,
    "incomeTaxExpense": 21000000,
    "netIncome": 111000000,
    "netIncomeRatio": 0.0663875598,
    "eps": 0.38,
    "epsdiluted": 0.38,
    "weightedAverageShsOut": 294000000,
    "weightedAverageShsOutDil": 295000000,
    "link": "https://www.sec.gov/Archives/edgar/data/1090872/000109087223000015/0001090872-23-000015-index.htm",
    "finalLink": "https://www.sec.gov/Archives/edgar/data/1090872/000109087223000015/a-20230731.htm"
  },
  {
    "date": "2023-04-30",
    "symbol": "A",
    "reportedCurrency": "USD",
    "cik": "0001090872",
    "fillingDate": "2023-05-26",
    "acceptedDate": "2023-05-26 17:28:42",
    "calendarYear": "2023",
    "period": "Q2",
    "revenue": 1717000000,
    "costOfRevenue": 793000000,
    "grossProfit": 924000000,
    "grossProfitRatio": 0.5381479324,
    "researchAndDevelopmentExpenses": 126000000,
    "generalAndAdministrativeExpenses": 0,
    "sellingAndMarketingExpenses": 0,
    "sellingGeneralAndAdministrativeExpenses": 415000000,
    "otherExpenses": 0,
    "operatingExpenses": 541000000,
    "costAndExpenses": 1334000000,
    "interestIncome": 12000000,
    "interestExpense": 24000000,
    "depreciationAndAmortization": 71000000,
    "ebitda": 472000000,
    "ebitdaratio": 0.274898078,
    "operatingIncome": 383000000,
    "operatingIncomeRatio": 0.2230634828,
    "totalOtherIncomeExpensesNet": -6000000,
    "incomeBeforeTax": 377000000,
    "incomeBeforeTaxRatio": 0.2195690157,
    "incomeTaxExpense": 75000000,
    "netIncome": 302000000,
    "netIncomeRatio": 0.1758881771,
    "eps": 1.02,
    "epsdiluted": 1.02,
    "weightedAverageShsOut": 296078431,
    "weightedAverageShsOutDil": 297000000,
    "link": "https://www.sec.gov/Archives/edgar/data/1090872/000109087223000010/0001090872-23-000010-index.htm",
    "finalLink": "https://www.sec.gov/Archives/edgar/data/1090872/000109087223000010/a-20230430.htm"
  },
  {
    "date": "2023-01-31",
    "symbol": "A",
    "reportedCurrency": "USD",
    "cik": "0001090872",
    "fillingDate": "2023-03-03",
    "acceptedDate": "2023-03-02 18:52:33",
    "calendarYear": "2023",
    "period": "Q1",
    "revenue": 1756000000,
    "costOfRevenue": 788000000,
    "grossProfit": 968000000,
    "grossProfitRatio": 0.5512528474,
    "researchAndDevelopmentExpenses": 123000000,
    "generalAndAdministrativeExpenses": 0,
    "sellingAndMarketingExpenses": 0,
    "sellingGeneralAndAdministrativeExpenses": 419000000,
    "otherExpenses": 0,
    "operatingExpenses": 542000000,
    "costAndExpenses": 1330000000,
    "interestIncome": 9000000,
    "interestExpense": 25000000,
    "depreciationAndAmortization": 67000000,
    "ebitda": 502000000,
    "ebitdaratio": 0.2858769932,
    "operatingIncome": 426000000,
    "operatingIncomeRatio": 0.2425968109,
    "totalOtherIncomeExpensesNet": -16000000,
    "incomeBeforeTax": 410000000,
    "incomeBeforeTaxRatio": 0.2334851936,
    "incomeTaxExpense": 58000000,
    "netIncome": 352000000,
    "netIncomeRatio": 0.2004555809,
    "eps": 1.19,
    "epsdiluted": 1.19,
    "weightedAverageShsOut": 296000000,
    "weightedAverageShsOutDil": 297000000,
    "link": "https://www.sec.gov/Archives/edgar/data/1090872/000109087223000005/0001090872-23-000005-index.htm",
    "finalLink": "https://www.sec.gov/Archives/edgar/data/1090872/000109087223000005/a-20230131.htm"
  },
  {
    "date": "2022-10-31",
    "symbol": "A",
    "reportedCurrency": "USD",
    "cik": "0001090872",
    "fillingDate": "2022-12-21",
    "acceptedDate": "2022-12-20 18:42:30",
    "calendarYear": "2022",
    "period": "Q4",
    "revenue": 1849000000,
    "costOfRevenue": 837000000,
    "grossProfit": 1012000000,
    "grossProfitRatio": 0.5473228772,
    "researchAndDevelopmentExpenses": 119000000,
    "generalAndAdministrativeExpenses": 0,
    "sellingAndMarketingExpenses": 0,
    "sellingGeneralAndAdministrativeExpenses": 422000000,
    "otherExpenses": 0,
    "operatingExpenses": 541000000,
    "costAndExpenses": 1378000000,
    "interestIncome": 5000000,
    "interestExpense": 23000000,
    "depreciationAndAmortization": 73000000,
    "ebitda": 551000000,
    "ebitdaratio": 0.2979989183,
    "operatingIncome": 471000000,
    "operatingIncomeRatio": 0.2547322877,
    "totalOtherIncomeExpensesNet": -16000000,
    "incomeBeforeTax": 455000000,
    "incomeBeforeTaxRatio": 0.2460789616,
    "incomeTaxExpense": 87000000,
    "netIncome": 368000000,
    "netIncomeRatio": 0.1990265008,
    "eps": 1.24,
    "epsdiluted": 1.23,
    "weightedAverageShsOut": 296000000,
    "weightedAverageShsOutDil": 298000000,
    "link": "https://www.sec.gov/Archives/edgar/data/1090872/000109087222000026/0001090872-22-000026-index.htm",
    "finalLink": "https://www.sec.gov/Archives/edgar/data/1090872/000109087222000026/a-20221031.htm"
  },
  {
    "date": "2022-07-31",
    "symbol": "A",
    "reportedCurrency": "USD",
    "cik": "0001090872",
    "fillingDate": "2022-09-01",
    "acceptedDate": "2022-08-31 18:53:26",
    "calendarYear": "2022",
    "period": "Q3",
    "revenue": 1718000000,
    "costOfRevenue": 779000000,
    "grossProfit": 939000000,
    "grossProfitRatio": 0.5465657742,
    "researchAndDevelopmentExpenses": 116000000,
    "generalAndAdministrativeExpenses": 0,
    "sellingAndMarketingExpenses": 0,
    "sellingGeneralAndAdministrativeExpenses": 412000000,
    "otherExpenses": 0,
    "operatingExpenses": 528000000,
    "costAndExpenses": 1307000000,
    "interestIncome": 2000000,
    "interestExpense": 19000000,
    "depreciationAndAmortization": 80000000,
    "ebitda": 497000000,
    "ebitdaratio": 0.2892898719,
    "operatingIncome": 411000000,
    "operatingIncomeRatio": 0.2392316647,
    "totalOtherIncomeExpensesNet": -14000000,
    "incomeBeforeTax": 397000000,
    "incomeBeforeTaxRatio": 0.2310826542,
    "incomeTaxExpense": 68000000,
    "netIncome": 329000000,
    "netIncomeRatio": 0.1915017462,
    "eps": 1.1,
    "epsdiluted": 1.1,
    "weightedAverageShsOut": 298000000,
    "weightedAverageShsOutDil": 299000000,
    "link": "https://www.sec.gov/Archives/edgar/data/1090872/000109087222000017/0001090872-22-000017-index.htm",
    "finalLink": "https://www.sec.gov/Archives/edgar/data/1090872/000109087222000017/a-20220731.htm"
  },
  {
    "date": "2022-04-30",
    "symbol": "A",
    "reportedCurrency": "USD",
    "cik": "0001090872",
    "fillingDate": "2022-05-31",
    "acceptedDate": "2022-05-27 19:33:57",
    "calendarYear": "2022",
    "period": "Q2",
    "revenue": 1607000000,
    "costOfRevenue": 746000000,
    "grossProfit": 861000000,
    "grossProfitRatio": 0.5357809583,
    "researchAndDevelopmentExpenses": 115000000,
    "generalAndAdministrativeExpenses": 0,
    "sellingAndMarketingExpenses": 0,
    "sellingGeneralAndAdministrativeExpenses": 386000000,
    "otherExpenses": 0,
    "operatingExpenses": 501000000,
    "costAndExpenses": 1247000000,
    "interestIncome": 1000000,
    "interestExpense": 21000000,
    "depreciationAndAmortization": 82000000,
    "ebitda": 436000000,
    "ebitdaratio": 0.2713130056,
    "operatingIncome": 360000000,
    "operatingIncomeRatio": 0.2240199129,
    "totalOtherIncomeExpensesNet": -27000000,
    "incomeBeforeTax": 333000000,
    "incomeBeforeTaxRatio": 0.2072184194,
    "incomeTaxExpense": 59000000,
    "netIncome": 274000000,
    "netIncomeRatio": 0.1705040448,
    "eps": 0.92,
    "epsdiluted": 0.91,
    "weightedAverageShsOut": 299000000,
    "weightedAverageShsOutDil": 301000000,
    "link": "https://www.sec.gov/Archives/edgar/data/1090872/000109087222000012/0001090872-22-000012-index.htm",
    "finalLink": "https://www.sec.gov/Archives/edgar/data/1090872/000109087222000012/a-20220430.htm"
  },
  {
    "date": "2022-01-31",
    "symbol": "A",
    "reportedCurrency": "USD",
    "cik": "0001090872",
    "fillingDate": "2022-03-03",
    "acceptedDate": "2022-03-03 17:02:17",
    "calendarYear": "2022",
    "period": "Q1",
    "revenue": 1674000000,
    "costOfRevenue": 764000000,
    "grossProfit": 910000000,
    "grossProfitRatio": 0.5436081243,
    "researchAndDevelopmentExpenses": 117000000,
    "generalAndAdministrativeExpenses": 0,
    "sellingAndMarketingExpenses": 0,
    "sellingGeneralAndAdministrativeExpenses": 417000000,
    "otherExpenses": 0,
    "operatingExpenses": 534000000,
    "costAndExpenses": 1298000000,
    "interestIncome": 1000000,
    "interestExpense": 21000000,
    "depreciationAndAmortization": 82000000,
    "ebitda": 422000000,
    "ebitdaratio": 0.2520908005,
    "operatingIncome": 376000000,
    "operatingIncomeRatio": 0.2246117085,
    "totalOtherIncomeExpensesNet": -57000000,
    "incomeBeforeTax": 319000000,
    "incomeBeforeTaxRatio": 0.1905615293,
    "incomeTaxExpense": 36000000,
    "netIncome": 283000000,
    "netIncomeRatio": 0.1690561529,
    "eps": 0.94,
    "epsdiluted": 0.93,
    "weightedAverageShsOut": 301000000,
    "weightedAverageShsOutDil": 303000000,
    "link": "https://www.sec.gov/Archives/edgar/data/1090872/000109087222000007/0001090872-22-000007-index.htm",
    "finalLink": "https://www.sec.gov/Archives/edgar/data/1090872/000109087222000007/a-20220131.htm"
  },
  {
    "date": "2021-10-31",
    "symbol": "A",
    "reportedCurrency": "USD",
    "cik": "0001090872",
    "fillingDate": "2021-12-17",
    "acceptedDate": "2021-12-17 17:01:49",
    "calendarYear": "2021",
    "period": "Q4",
    "revenue": 1660000000,
    "costOfRevenue": 760000000,
    "grossProfit": 900000000,
    "grossProfitRatio": 0.5421686747,
    "researchAndDevelopmentExpenses": 116000000,
    "generalAndAdministrativeExpenses": 0,
    "sellingAndMarketingExpenses": 0,
    "sellingGeneralAndAdministrativeExpenses": 389000000,
    "otherExpenses": 0,
    "operatingExpenses": 505000000,
    "costAndExpenses": 1265000000,
    "interestIncome": 1000000,
    "interestExpense": 21000000,
    "depreciationAndAmortization": 84000000,
    "ebitda": 553000000,
    "ebitdaratio": 0.3331325301,
    "operatingIncome": 395000000,
    "operatingIncomeRatio": 0.2379518072,
    "totalOtherIncomeExpensesNet": 53000000,
    "incomeBeforeTax": 448000000,
    "incomeBeforeTaxRatio": 0.2698795181,
    "incomeTaxExpense": 6000000,
    "netIncome": 442000000,
    "netIncomeRatio": 0.2662650602,
    "eps": 1.46,
    "epsdiluted": 1.45,
    "weightedAverageShsOut": 303000000,
    "weightedAverageShsOutDil": 305000000,
    "link": "https://www.sec.gov/Archives/edgar/data/1090872/000109087221000027/0001090872-21-000027-index.htm",
    "finalLink": "https://www.sec.gov/Archives/edgar/data/1090872/000109087221000027/a-20211031.htm"
  },
  {
    "date": "2021-07-31",
    "symbol": "A",
    "reportedCurrency": "USD",
    "cik": "0001090872",
    "fillingDate": "2021-09-01",
    "acceptedDate": "2021-08-31 19:01:13",
    "calendarYear": "2021",
    "period": "Q3",
    "revenue": 1586000000,
    "costOfRevenue": 734000000,
    "grossProfit": 852000000,
    "grossProfitRatio": 0.5372005044,
    "researchAndDevelopmentExpenses": 113000000,
    "generalAndAdministrativeExpenses": 0,
    "sellingAndMarketingExpenses": 0,
    "sellingGeneralAndAdministrativeExpenses": 403000000,
    "otherExpenses": 0,
    "operatingExpenses": 516000000,
    "costAndExpenses": 1250000000,
    "interestIncome": 0,
    "interestExpense": 21000000,
    "depreciationAndAmortization": 84000000,
    "ebitda": 432000000,
    "ebitdaratio": 0.2723833544,
    "operatingIncome": 336000000,
    "operatingIncomeRatio": 0.2118537201,
    "totalOtherIncomeExpensesNet": -9000000,
    "incomeBeforeTax": 327000000,
    "incomeBeforeTaxRatio": 0.2061790668,
    "incomeTaxExpense": 63000000,
    "netIncome": 264000000,
    "netIncomeRatio": 0.1664564943,
    "eps": 0.87,
    "epsdiluted": 0.86,
    "weightedAverageShsOut": 303000000,
    "weightedAverageShsOutDil": 306000000,
    "link": "https://www.sec.gov/Archives/edgar/data/1090872/000109087221000015/0001090872-21-000015-index.htm",
    "finalLink": "https://www.sec.gov/Archives/edgar/data/1090872/000109087221000015/a-20210731.htm"
  },
  {
    "date": "2021-04-30",
    "symbol": "A",
    "reportedCurrency": "USD",
    "cik": "0001090872",
    "fillingDate": "2021-06-01",
    "acceptedDate": "2021-05-28 18:43:28",
    "calendarYear": "2021",
    "period": "Q2",
    "revenue": 1525000000,
    "costOfRevenue": 708000000,
    "grossProfit": 817000000,
    "grossProfitRatio": 0.5357377049,
    "researchAndDevelopmentExpenses": 109000000,
    "generalAndAdministrativeExpenses": 0,
    "sellingAndMarketingExpenses": 0,
    "sellingGeneralAndAdministrativeExpenses": 420000000,
    "otherExpenses": 0,
    "operatingExpenses": 529000000,
    "costAndExpenses": 1237000000,
    "interestIncome": 1000000,
    "interestExpense": 20000000,
    "depreciationAndAmortization": 77000000,
    "ebitda": 370000000,
    "ebitdaratio": 0.2426229508,
    "operatingIncome": 288000000,
    "operatingIncomeRatio": 0.188852459,
    "totalOtherIncomeExpensesNet": -15000000,
    "incomeBeforeTax": 273000000,
    "incomeBeforeTaxRatio": 0.1790163934,
    "incomeTaxExpense": 57000000,
    "netIncome": 216000000,
    "netIncomeRatio": 0.1416393443,
    "eps": 0.71,
    "epsdiluted": 0.7,
    "weightedAverageShsOut": 304000000,
    "weightedAverageShsOutDil": 307000000,
    "link": "https://www.sec.gov/Archives/edgar/data/1090872/000109087221000009/0001090872-21-000009-index.htm",
    "finalLink": "https://www.sec.gov/Archives/edgar/data/1090872/000109087221000009/a-20210430.htm"
  },
  {
    "date": "2021-01-31",
    "symbol": "A",
    "reportedCurrency": "USD",
    "cik": "0001090872",
    "fillingDate": "2021-03-02",
    "acceptedDate": "2021-03-02 16:44:15",
    "calendarYear": "2021",
    "period": "Q1",
    "revenue": 1548000000,
    "costOfRevenue": 710000000,
    "grossProfit": 838000000,
    "grossProfitRatio": 0.5413436693,
    "researchAndDevelopmentExpenses": 103000000,
    "generalAndAdministrativeExpenses": 0,
    "sellingAndMarketingExpenses": 0,
    "sellingGeneralAndAdministrativeExpenses": 407000000,
    "otherExpenses": 0,
    "operatingExpenses": 510000000,
    "costAndExpenses": 1220000000,
    "interestIncome": 0,
    "interestExpense": 19000000,
    "depreciationAndAmortization": 76000000,
    "ebitda": 407000000,
    "ebitdaratio": 0.2629198966,
    "operatingIncome": 328000000,
    "operatingIncomeRatio": 0.2118863049,
    "totalOtherIncomeExpensesNet": -16000000,
    "incomeBeforeTax": 312000000,
    "incomeBeforeTaxRatio": 0.2015503876,
    "incomeTaxExpense": 24000000,
    "netIncome": 288000000,
    "netIncomeRatio": 0.1860465116,
    "eps": 0.94,
    "epsdiluted": 0.93,
    "weightedAverageShsOut": 306000000,
    "weightedAverageShsOutDil": 309000000,
    "link": "https://www.sec.gov/Archives/edgar/data/1090872/000109087221000004/0001090872-21-000004-index.htm",
    "finalLink": "https://www.sec.gov/Archives/edgar/data/1090872/000109087221000004/a-20210131.htm"
  },
  {
    "date": "2020-10-31",
    "symbol": "A",
    "reportedCurrency": "USD",
    "cik": "0001090872",
    "fillingDate": "2020-12-18",
    "acceptedDate": "2020-12-17 19:56:21",
    "calendarYear": "2020",
    "period": "Q4",
    "revenue": 1483000000,
    "costOfRevenue": 695000000,
    "grossProfit": 788000000,
    "grossProfitRatio": 0.5313553608,
    "researchAndDevelopmentExpenses": 102000000,
    "generalAndAdministrativeExpenses": 0,
    "sellingAndMarketingExpenses": 0,
    "sellingGeneralAndAdministrativeExpenses": 387000000,
    "otherExpenses": 0,
    "operatingExpenses": 489000000,
    "costAndExpenses": 1184000000,
    "interestIncome": 1000000,
    "interestExpense": 19000000,
    "depreciationAndAmortization": 76000000,
    "ebitda": 378000000,
    "ebitdaratio": 0.254888739,
    "operatingIncome": 299000000,
    "operatingIncomeRatio": 0.2016183412,
    "totalOtherIncomeExpensesNet": -16000000,
    "incomeBeforeTax": 283000000,
    "incomeBeforeTaxRatio": 0.1908293999,
    "incomeTaxExpense": 61000000,
    "netIncome": 222000000,
    "netIncomeRatio": 0.149696561,
    "eps": 0.72,
    "epsdiluted": 0.71,
    "weightedAverageShsOut": 308000000,
    "weightedAverageShsOutDil": 311000000,
    "link": "https://www.sec.gov/Archives/edgar/data/1090872/000109087220000020/0001090872-20-000020-index.htm",
    "finalLink": "https://www.sec.gov/Archives/edgar/data/1090872/000109087220000020/a-20201031.htm"
  },
  {
    "date": "2020-07-31",
    "symbol": "A",
    "reportedCurrency": "USD",
    "cik": "0001090872",
    "fillingDate": "2020-09-01",
    "acceptedDate": "2020-09-01 16:41:24",
    "calendarYear": "2020",
    "period": "Q3",
    "revenue": 1261000000,
    "costOfRevenue": 592000000,
    "grossProfit": 669000000,
    "grossProfitRatio": 0.5305313243,
    "researchAndDevelopmentExpenses": 92000000,
    "generalAndAdministrativeExpenses": 0,
    "sellingAndMarketingExpenses": 0,
    "sellingGeneralAndAdministrativeExpenses": 347000000,
    "otherExpenses": 0,
    "operatingExpenses": 439000000,
    "costAndExpenses": 1031000000,
    "interestIncome": 1000000,
    "interestExpense": 19000000,
    "depreciationAndAmortization": 77000000,
    "ebitda": 315000000,
    "ebitdaratio": 0.2498017446,
    "operatingIncome": 230000000,
    "operatingIncomeRatio": 0.1823949247,
    "totalOtherIncomeExpensesNet": -11000000,
    "incomeBeforeTax": 219000000,
    "incomeBeforeTaxRatio": 0.1736716891,
    "incomeTaxExpense": 20000000,
    "netIncome": 199000000,
    "netIncomeRatio": 0.1578112609,
    "eps": 0.64,
    "epsdiluted": 0.64,
    "weightedAverageShsOut": 309000000,
    "weightedAverageShsOutDil": 312000000,
    "link": "https://www.sec.gov/Archives/edgar/data/1090872/000109087220000014/0001090872-20-000014-index.htm",
    "finalLink": "https://www.sec.gov/Archives/edgar/data/1090872/000109087220000014/a-07312020x10q.htm"
  },
  {
    "date": "2020-04-30",
    "symbol": "A",
    "reportedCurrency": "USD",
    "cik": "0001090872",
    "fillingDate": "2020-06-01",
    "acceptedDate": "2020-05-29 20:10:41",
    "calendarYear": "2020",
    "period": "Q2",
    "revenue": 1238000000,
    "costOfRevenue": 581000000,
    "grossProfit": 657000000,
    "grossProfitRatio": 0.5306946688,
    "researchAndDevelopmentExpenses": 197000000,
    "generalAndAdministrativeExpenses": 0,
    "sellingAndMarketingExpenses": 0,
    "sellingGeneralAndAdministrativeExpenses": 358000000,
    "otherExpenses": 0,
    "operatingExpenses": 555000000,
    "costAndExpenses": 1136000000,
    "interestIncome": 3000000,
    "interestExpense": 20000000,
    "depreciationAndAmortization": 76000000,
    "ebitda": 217000000,
    "ebitdaratio": 0.1752827141,
    "operatingIncome": 102000000,
    "operatingIncomeRatio": 0.0823909532,
    "totalOtherIncomeExpensesNet": 19000000,
    "incomeBeforeTax": 121000000,
    "incomeBeforeTaxRatio": 0.0977382876,
    "incomeTaxExpense": 20000000,
    "netIncome": 101000000,
    "netIncomeRatio": 0.0815831987,
    "eps": 0.33,
    "epsdiluted": 0.32,
    "weightedAverageShsOut": 309000000,
    "weightedAverageShsOutDil": 312000000,
    "link": "https://www.sec.gov/Archives/edgar/data/1090872/000109087220000010/0001090872-20-000010-index.htm",
    "finalLink": "https://www.sec.gov/Archives/edgar/data/1090872/000109087220000010/a-04302020x10q.htm"
  },
  {
    "date": "2020-01-31",
    "symbol": "A",
    "reportedCurrency": "USD",
    "cik": "0001090872",
    "fillingDate": "2020-03-03",
    "acceptedDate": "2020-03-03 16:10:23",
    "calendarYear": "2020",
    "period": "Q1",
    "revenue": 1357000000,
    "costOfRevenue": 634000000,
    "grossProfit": 723000000,
    "grossProfitRatio": 0.5327929256,
    "researchAndDevelopmentExpenses": 104000000,
    "generalAndAdministrativeExpenses": 0,
    "sellingAndMarketingExpenses": 0,
    "sellingGeneralAndAdministrativeExpenses": 404000000,
    "otherExpenses": 0,
    "operatingExpenses": 508000000,
    "costAndExpenses": 1142000000,
    "interestIncome": 3000000,
    "interestExpense": 20000000,
    "depreciationAndAmortization": 79000000,
    "ebitda": 318000000,
    "ebitdaratio": 0.2343404569,
    "operatingIncome": 215000000,
    "operatingIncomeRatio": 0.1584377303,
    "totalOtherIncomeExpensesNet": 4000000,
    "incomeBeforeTax": 219000000,
    "incomeBeforeTaxRatio": 0.161385409,
    "incomeTaxExpense": 22000000,
    "netIncome": 197000000,
    "netIncomeRatio": 0.1451731761,
    "eps": 0.64,
    "epsdiluted": 0.63,
    "weightedAverageShsOut": 310000000,
    "weightedAverageShsOutDil": 313000000,
    "link": "https://www.sec.gov/Archives/edgar/data/1090872/000109087220000004/0001090872-20-000004-index.htm",
    "finalLink": "https://www.sec.gov/Archives/edgar/data/1090872/000109087220000004/a-01312020x10q.htm"
  },
  {
    "date": "2019-10-31",
    "symbol": "A",
    "reportedCurrency": "USD",
    "cik": "0001090872",
    "fillingDate": "2019-12-19",
    "acceptedDate": "2019-12-19 17:11:01",
    "calendarYear": "2019",
    "period": "Q4",
    "revenue": 1367000000,
    "costOfRevenue": 630000000,
    "grossProfit": 737000000,
    "grossProfitRatio": 0.5391367959,
    "researchAndDevelopmentExpenses": 102000000,
    "generalAndAdministrativeExpenses": 0,
    "sellingAndMarketingExpenses": 0,
    "sellingGeneralAndAdministrativeExpenses": 385000000,
    "otherExpenses": 0,
    "operatingExpenses": 487000000,
    "costAndExpenses": 1117000000,
    "interestIncome": 6000000,
    "interestExpense": 21000000,
    "depreciationAndAmortization": 76000000,
    "ebitda": 328000000,
    "ebitdaratio": 0.2399414777,
    "operatingIncome": 250000000,
    "operatingIncomeRatio": 0.1828822238,
    "totalOtherIncomeExpensesNet": -19000000,
    "incomeBeforeTax": 231000000,
    "incomeBeforeTaxRatio": 0.1689831748,
    "incomeTaxExpense": 37000000,
    "netIncome": 194000000,
    "netIncomeRatio": 0.1419166057,
    "eps": 0.63,
    "epsdiluted": 0.62,
    "weightedAverageShsOut": 309000000,
    "weightedAverageShsOutDil": 313000000,
    "link": "https://www.sec.gov/Archives/edgar/data/1090872/000109087219000022/0001090872-19-000022-index.htm",
    "finalLink": "https://www.sec.gov/Archives/edgar/data/1090872/000109087219000022/a-10312019x10k.htm"
  },
  {
    "date": "2019-07-31",
    "symbol": "A",
    "reportedCurrency": "USD",
    "cik": "0001090872",
    "fillingDate": "2019-08-30",
    "acceptedDate": "2019-08-30 16:29:30",
    "calendarYear": "2019",
    "period": "Q3",
    "revenue": 1274000000,
    "costOfRevenue": 582000000,
    "grossProfit": 692000000,
    "grossProfitRatio": 0.5431711146,
    "researchAndDevelopmentExpenses": 101000000,
    "generalAndAdministrativeExpenses": 0,
    "sellingAndMarketingExpenses": 0,
    "sellingGeneralAndAdministrativeExpenses": 366000000,
    "otherExpenses": 0,
    "operatingExpenses": 467000000,
    "costAndExpenses": 1049000000,
    "interestIncome": 10000000,
    "interestExpense": 18000000,
    "depreciationAndAmortization": 55000000,
    "ebitda": 295000000,
    "ebitdaratio": 0.2315541601,
    "operatingIncome": 225000000,
    "operatingIncomeRatio": 0.1766091052,
    "totalOtherIncomeExpensesNet": -3000000,
    "incomeBeforeTax": 222000000,
    "incomeBeforeTaxRatio": 0.1742543171,
    "incomeTaxExpense": 31000000,
    "netIncome": 191000000,
    "netIncomeRatio": 0.1499215071,
    "eps": 0.61,
    "epsdiluted": 0.6,
    "weightedAverageShsOut": 312000000,
    "weightedAverageShsOutDil": 316000000,
    "link": "https://www.sec.gov/Archives/edgar/data/1090872/000109087219000015/0001090872-19-000015-index.htm",
    "finalLink": "https://www.sec.gov/Archives/edgar/data/1090872/000109087219000015/a-07312019x10q.htm"
  },
  {
    "date": "2019-04-30",
    "symbol": "A",
    "reportedCurrency": "USD",
    "cik": "0001090872",
    "fillingDate": "2019-05-30",
    "acceptedDate": "2019-05-30 16:08:36",
    "calendarYear": "2019",
    "period": "Q2",
    "revenue": 1238000000,
    "costOfRevenue": 569000000,
    "grossProfit": 669000000,
    "grossProfitRatio": 0.5403877221,
    "researchAndDevelopmentExpenses": 99000000,
    "generalAndAdministrativeExpenses": 0,
    "sellingAndMarketingExpenses": 0,
    "sellingGeneralAndAdministrativeExpenses": 354000000,
    "otherExpenses": 0,
    "operatingExpenses": 453000000,
    "costAndExpenses": 1022000000,
    "interestIncome": 10000000,
    "interestExpense": 17000000,
    "depreciationAndAmortization": 53000000,
    "ebitda": 288000000,
    "ebitdaratio": 0.2326332795,
    "operatingIncome": 216000000,
    "operatingIncomeRatio": 0.1744749596,
    "totalOtherIncomeExpensesNet": 2000000,
    "incomeBeforeTax": 218000000,
    "incomeBeforeTaxRatio": 0.1760904685,
    "incomeTaxExpense": 36000000,
    "netIncome": 182000000,
    "netIncomeRatio": 0.1470113086,
    "eps": 0.57,
    "epsdiluted": 0.57,
    "weightedAverageShsOut": 317000000,
    "weightedAverageShsOutDil": 321000000,
    "link": "https://www.sec.gov/Archives/edgar/data/1090872/000109087219000010/0001090872-19-000010-index.htm",
    "finalLink": "https://www.sec.gov/Archives/edgar/data/1090872/000109087219000010/a-04302019x10q.htm"
  },
  {
    "date": "2019-01-31",
    "symbol": "A",
    "reportedCurrency": "USD",
    "cik": "0001090872",
    "fillingDate": "2019-03-05",
    "acceptedDate": "2019-03-05 16:08:06",
    "calendarYear": "2019",
    "period": "Q1",
    "revenue": 1284000000,
    "costOfRevenue": 577000000,
    "grossProfit": 707000000,
    "grossProfitRatio": 0.550623053,
    "researchAndDevelopmentExpenses": 102000000,
    "generalAndAdministrativeExpenses": 0,
    "sellingAndMarketingExpenses": 0,
    "sellingGeneralAndAdministrativeExpenses": 355000000,
    "otherExpenses": 0,
    "operatingExpenses": 457000000,
    "costAndExpenses": 1034000000,
    "interestIncome": 10000000,
    "interestExpense": 18000000,
    "depreciationAndAmortization": 54000000,
    "ebitda": 320000000,
    "ebitdaratio": 0.2492211838,
    "operatingIncome": 250000000,
    "operatingIncomeRatio": 0.1947040498,
    "totalOtherIncomeExpensesNet": -2000000,
    "incomeBeforeTax": 248000000,
    "incomeBeforeTaxRatio": 0.1931464174,
    "incomeTaxExpense": -256000000,
    "netIncome": 504000000,
    "netIncomeRatio": 0.3925233645,
    "eps": 1.58,
    "epsdiluted": 1.57,
    "weightedAverageShsOut": 318000000,
    "weightedAverageShsOutDil": 322000000,
    "link": "https://www.sec.gov/Archives/edgar/data/1090872/000109087219000006/0001090872-19-000006-index.htm",
    "finalLink": "https://www.sec.gov/Archives/edgar/data/1090872/000109087219000006/a-01312019x10q.htm"
  },
  {
    "date": "2018-10-31",
    "symbol": "A",
    "reportedCurrency": "USD",
    "cik": "0001090872",
    "fillingDate": "2018-12-20",
    "acceptedDate": "2018-12-20 16:27:07",
    "calendarYear": "2018",
    "period": "Q4",
    "revenue": 1294000000,
    "costOfRevenue": 585000000,
    "grossProfit": 709000000,
    "grossProfitRatio": 0.5479134467,
    "researchAndDevelopmentExpenses": 104000000,
    "generalAndAdministrativeExpenses": 0,
    "sellingAndMarketingExpenses": 0,
    "sellingGeneralAndAdministrativeExpenses": 360000000,
    "otherExpenses": 0,
    "operatingExpenses": 464000000,
    "costAndExpenses": 1045000000,
    "interestIncome": 10000000,
    "interestExpense": 18000000,
    "depreciationAndAmortization": 56000000,
    "ebitda": 318000000,
    "ebitdaratio": 0.2457496136,
    "operatingIncome": 249000000,
    "operatingIncomeRatio": 0.1924265842,
    "totalOtherIncomeExpensesNet": -5000000,
    "incomeBeforeTax": 244000000,
    "incomeBeforeTaxRatio": 0.1885625966,
    "incomeTaxExpense": 49000000,
    "netIncome": 195000000,
    "netIncomeRatio": 0.1506955178,
    "eps": 0.61,
    "epsdiluted": 0.61,
    "weightedAverageShsOut": 319000000,
    "weightedAverageShsOutDil": 322000000,
    "link": "https://www.sec.gov/Archives/edgar/data/1090872/000109087218000019/0001090872-18-000019-index.htm",
    "finalLink": "https://www.sec.gov/Archives/edgar/data/1090872/000109087218000019/a-10312018x10k.htm"
  },
  {
    "date": "2018-07-31",
    "symbol": "A",
    "reportedCurrency": "USD",
    "cik": "0001090872",
    "fillingDate": "2018-08-30",
    "acceptedDate": "2018-08-30 16:14:52",
    "calendarYear": "2018",
    "period": "Q3",
    "revenue": 1203000000,
    "costOfRevenue": 542000000,
    "grossProfit": 661000000,
    "grossProfitRatio": 0.5494596841,
    "researchAndDevelopmentExpenses": 97000000,
    "generalAndAdministrativeExpenses": 0,
    "sellingAndMarketingExpenses": 0,
    "sellingGeneralAndAdministrativeExpenses": 339000000,
    "otherExpenses": 0,
    "operatingExpenses": 436000000,
    "costAndExpenses": 978000000,
    "interestIncome": 9000000,
    "interestExpense": 18000000,
    "depreciationAndAmortization": 53000000,
    "ebitda": 313000000,
    "ebitdaratio": 0.2601828761,
    "operatingIncome": 221000000,
    "operatingIncomeRatio": 0.1837073982,
    "totalOtherIncomeExpensesNet": 21000000,
    "incomeBeforeTax": 242000000,
    "incomeBeforeTaxRatio": 0.2011637573,
    "incomeTaxExpense": 6000000,
    "netIncome": 236000000,
    "netIncomeRatio": 0.1961762261,
    "eps": 0.74,
    "epsdiluted": 0.73,
    "weightedAverageShsOut": 320000000,
    "weightedAverageShsOutDil": 324000000,
    "link": "https://www.sec.gov/Archives/edgar/data/1090872/000109087218000015/0001090872-18-000015-index.htm",
    "finalLink": "https://www.sec.gov/Archives/edgar/data/1090872/000109087218000015/a-07312018x10q.htm"
  },
  {
    "date": "2018-04-30",
    "symbol": "A",
    "reportedCurrency": "USD",
    "cik": "0001090872",
    "fillingDate": "2018-05-31",
    "acceptedDate": "2018-05-31 16:08:35",
    "calendarYear": "2018",
    "period": "Q2",
    "revenue": 1206000000,
    "costOfRevenue": 562000000,
    "grossProfit": 644000000,
    "grossProfitRatio": 0.5339966833,
    "researchAndDevelopmentExpenses": 91000000,
    "generalAndAdministrativeExpenses": 0,
    "sellingAndMarketingExpenses": 0,
    "sellingGeneralAndAdministrativeExpenses": 338000000,
    "otherExpenses": 4000000,
    "operatingExpenses": 433000000,
    "costAndExpenses": 996000000,
    "interestIncome": 10000000,
    "interestExpense": 19000000,
    "depreciationAndAmortization": 50000000,
    "ebitda": 296000000,
    "ebitdaratio": 0.2454394693,
    "operatingIncome": 210000000,
    "operatingIncomeRatio": 0.1741293532,
    "totalOtherIncomeExpensesNet": 17000000,
    "incomeBeforeTax": 227000000,
    "incomeBeforeTaxRatio": 0.188225539,
    "incomeTaxExpense": 22000000,
    "netIncome": 205000000,
    "netIncomeRatio": 0.1699834163,
    "eps": 0.64,
    "epsdiluted": 0.63,
    "weightedAverageShsOut": 322000000,
    "weightedAverageShsOutDil": 326000000,
    "link": "https://www.sec.gov/Archives/edgar/data/1090872/000109087218000009/0001090872-18-000009-index.htm",
    "finalLink": "https://www.sec.gov/Archives/edgar/data/1090872/000109087218000009/a-04302018x10q.htm"
  },
  {
    "date": "2018-01-31",
    "symbol": "A",
    "reportedCurrency": "USD",
    "cik": "0001090872",
    "fillingDate": "2018-03-06",
    "acceptedDate": "2018-03-05 19:06:24",
    "calendarYear": "2018",
    "period": "Q1",
    "revenue": 1211000000,
    "costOfRevenue": 541000000,
    "grossProfit": 673000000,
    "grossProfitRatio": 0.5557390586,
    "researchAndDevelopmentExpenses": 93000000,
    "generalAndAdministrativeExpenses": 0,
    "sellingAndMarketingExpenses": 0,
    "sellingGeneralAndAdministrativeExpenses": 341000000,
    "otherExpenses": 7000000,
    "operatingExpenses": 441000000,
    "costAndExpenses": 982000000,
    "interestIncome": 9000000,
    "interestExpense": 20000000,
    "depreciationAndAmortization": 51000000,
    "ebitda": 304000000,
    "ebitdaratio": 0.2510322048,
    "operatingIncome": 229000000,
    "operatingIncomeRatio": 0.1890999174,
    "totalOtherIncomeExpensesNet": 4000000,
    "incomeBeforeTax": 233000000,
    "incomeBeforeTaxRatio": 0.1924029727,
    "incomeTaxExpense": 553000000,
    "netIncome": -320000000,
    "netIncomeRatio": -0.2642444261,
    "eps": -0.99,
    "epsdiluted": -0.99,
    "weightedAverageShsOut": 323000000,
    "weightedAverageShsOutDil": 323000000,
    "link": "https://www.sec.gov/Archives/edgar/data/1090872/000109087218000004/0001090872-18-000004-index.htm",
    "finalLink": "https://www.sec.gov/Archives/edgar/data/1090872/000109087218000004/a-01312018x10q.htm"
  },
  {
    "date": "2017-10-31",
    "symbol": "A",
    "reportedCurrency": "USD",
    "cik": "0001090872",
    "fillingDate": "2017-12-21",
    "acceptedDate": "2017-12-21 16:27:19",
    "calendarYear": "2017",
    "period": "Q4",
    "revenue": 1189000000,
    "costOfRevenue": 542000000,
    "grossProfit": 647000000,
    "grossProfitRatio": 0.5441547519,
    "researchAndDevelopmentExpenses": 89000000,
    "generalAndAdministrativeExpenses": 0,
    "sellingAndMarketingExpenses": 0,
    "sellingGeneralAndAdministrativeExpenses": 325000000,
    "otherExpenses": 0,
    "operatingExpenses": 414000000,
    "costAndExpenses": 956000000,
    "interestIncome": 7000000,
    "interestExpense": 20000000,
    "depreciationAndAmortization": 52000000,
    "ebitda": 298000000,
    "ebitdaratio": 0.2506307822,
    "operatingIncome": 233000000,
    "operatingIncomeRatio": 0.1959629941,
    "totalOtherIncomeExpensesNet": -7000000,
    "incomeBeforeTax": 226000000,
    "incomeBeforeTaxRatio": 0.1900756939,
    "incomeTaxExpense": 49000000,
    "netIncome": 177000000,
    "netIncomeRatio": 0.1488645921,
    "eps": 0.55,
    "epsdiluted": 0.55,
    "weightedAverageShsOut": 322000000,
    "weightedAverageShsOutDil": 323000000,
    "link": "https://www.sec.gov/Archives/edgar/data/1090872/000109087217000018/0001090872-17-000018-index.htm",
    "finalLink": "https://www.sec.gov/Archives/edgar/data/1090872/000109087217000018/a-10312017x10k.htm"
  },
  {
    "date": "2017-07-31",
    "symbol": "A",
    "reportedCurrency": "USD",
    "cik": "0001090872",
    "fillingDate": "2017-09-06",
    "acceptedDate": "2017-09-06 16:13:27",
    "calendarYear": "2017",
    "period": "Q3",
    "revenue": 1114000000,
    "costOfRevenue": 518000000,
    "grossProfit": 596000000,
    "grossProfitRatio": 0.5350089767,
    "researchAndDevelopmentExpenses": 87000000,
    "generalAndAdministrativeExpenses": 0,
    "sellingAndMarketingExpenses": 0,
    "sellingGeneralAndAdministrativeExpenses": 308000000,
    "otherExpenses": 0,
    "operatingExpenses": 395000000,
    "costAndExpenses": 913000000,
    "interestIncome": 6000000,
    "interestExpense": 19000000,
    "depreciationAndAmortization": 51000000,
    "ebitda": 263000000,
    "ebitdaratio": 0.2360861759,
    "operatingIncome": 201000000,
    "operatingIncomeRatio": 0.1804308797,
    "totalOtherIncomeExpensesNet": -8000000,
    "incomeBeforeTax": 193000000,
    "incomeBeforeTaxRatio": 0.1732495512,
    "incomeTaxExpense": 18000000,
    "netIncome": 175000000,
    "netIncomeRatio": 0.1570915619,
    "eps": 0.55,
    "epsdiluted": 0.54,
    "weightedAverageShsOut": 321000000,
    "weightedAverageShsOutDil": 326000000,
    "link": "https://www.sec.gov/Archives/edgar/data/1090872/000109087217000013/0001090872-17-000013-index.htm",
    "finalLink": "https://www.sec.gov/Archives/edgar/data/1090872/000109087217000013/a-07312017x10q.htm"
  },
  {
    "date": "2017-04-30",
    "symbol": "A",
    "reportedCurrency": "USD",
    "cik": "0001090872",
    "fillingDate": "2017-06-06",
    "acceptedDate": "2017-06-06 16:05:37",
    "calendarYear": "2017",
    "period": "Q2",
    "revenue": 1102000000,
    "costOfRevenue": 510000000,
    "grossProfit": 592000000,
    "grossProfitRatio": 0.5372050817,
    "researchAndDevelopmentExpenses": 84000000,
    "generalAndAdministrativeExpenses": 0,
    "sellingAndMarketingExpenses": 0,
    "sellingGeneralAndAdministrativeExpenses": 307000000,
    "otherExpenses": 0,
    "operatingExpenses": 391000000,
    "costAndExpenses": 901000000,
    "interestIncome": 5000000,
    "interestExpense": 20000000,
    "depreciationAndAmortization": 54000000,
    "ebitda": 265000000,
    "ebitdaratio": 0.2404718693,
    "operatingIncome": 201000000,
    "operatingIncomeRatio": 0.1823956443,
    "totalOtherIncomeExpensesNet": -10000000,
    "incomeBeforeTax": 191000000,
    "incomeBeforeTaxRatio": 0.1733212341,
    "incomeTaxExpense": 27000000,
    "netIncome": 164000000,
    "netIncomeRatio": 0.1488203267,
    "eps": 0.51,
    "epsdiluted": 0.5,
    "weightedAverageShsOut": 321000000,
    "weightedAverageShsOutDil": 325000000,
    "link": "https://www.sec.gov/Archives/edgar/data/1090872/000109087217000008/0001090872-17-000008-index.htm",
    "finalLink": "https://www.sec.gov/Archives/edgar/data/1090872/000109087217000008/a-04302017x10q.htm"
  },
  {
    "date": "2017-01-31",
    "symbol": "A",
    "reportedCurrency": "USD",
    "cik": "0001090872",
    "fillingDate": "2017-03-08",
    "acceptedDate": "2017-03-08 16:42:20",
    "calendarYear": "2017",
    "period": "Q1",
    "revenue": 1067000000,
    "costOfRevenue": 493000000,
    "grossProfit": 574000000,
    "grossProfitRatio": 0.5379568885,
    "researchAndDevelopmentExpenses": 79000000,
    "generalAndAdministrativeExpenses": 0,
    "sellingAndMarketingExpenses": 0,
    "sellingGeneralAndAdministrativeExpenses": 289000000,
    "otherExpenses": 0,
    "operatingExpenses": 368000000,
    "costAndExpenses": 861000000,
    "interestIncome": 4000000,
    "interestExpense": 20000000,
    "depreciationAndAmortization": 55000000,
    "ebitda": 268000000,
    "ebitdaratio": 0.2511715089,
    "operatingIncome": 206000000,
    "operatingIncomeRatio": 0.1930646673,
    "totalOtherIncomeExpensesNet": -13000000,
    "incomeBeforeTax": 193000000,
    "incomeBeforeTaxRatio": 0.1808809747,
    "incomeTaxExpense": 25000000,
    "netIncome": 168000000,
    "netIncomeRatio": 0.1574507966,
    "eps": 0.52,
    "epsdiluted": 0.52,
    "weightedAverageShsOut": 322000000,
    "weightedAverageShsOutDil": 326000000,
    "link": "https://www.sec.gov/Archives/edgar/data/1090872/000109087217000004/0001090872-17-000004-index.htm",
    "finalLink": "https://www.sec.gov/Archives/edgar/data/1090872/000109087217000004/a-01312017x10q.htm"
  },
  {
    "date": "2016-10-31",
    "symbol": "A",
    "reportedCurrency": "USD",
    "cik": "0001090872",
    "fillingDate": "2016-12-20",
    "acceptedDate": "2016-12-20 16:22:19",
    "calendarYear": "2016",
    "period": "Q4",
    "revenue": 1111000000,
    "costOfRevenue": 523000000,
    "grossProfit": 588000000,
    "grossProfitRatio": 0.5292529253,
    "researchAndDevelopmentExpenses": 84000000,
    "generalAndAdministrativeExpenses": 0,
    "sellingAndMarketingExpenses": 0,
    "sellingGeneralAndAdministrativeExpenses": 321000000,
    "otherExpenses": 0,
    "operatingExpenses": 405000000,
    "costAndExpenses": 928000000,
    "interestIncome": 3000000,
    "interestExpense": 19000000,
    "depreciationAndAmortization": 56000000,
    "ebitda": 226000000,
    "ebitdaratio": 0.203420342,
    "operatingIncome": 183000000,
    "operatingIncomeRatio": 0.1647164716,
    "totalOtherIncomeExpensesNet": -32000000,
    "incomeBeforeTax": 151000000,
    "incomeBeforeTaxRatio": 0.1359135914,
    "incomeTaxExpense": 25000000,
    "netIncome": 124000000,
    "netIncomeRatio": 0.1116111611,
    "eps": 0.38,
    "epsdiluted": 0.38,
    "weightedAverageShsOut": 324000000,
    "weightedAverageShsOutDil": 328000000,
    "link": "https://www.sec.gov/Archives/edgar/data/1090872/000109087216000082/0001090872-16-000082-index.htm",
    "finalLink": "https://www.sec.gov/Archives/edgar/data/1090872/000109087216000082/a-10312016x10k.htm"
  },
  {
    "date": "2016-07-31",
    "symbol": "A",
    "reportedCurrency": "USD",
    "cik": "0001090872",
    "fillingDate": "2016-09-07",
    "acceptedDate": "2016-09-07 16:14:46",
    "calendarYear": "2016",
    "period": "Q3",
    "revenue": 1044000000,
    "costOfRevenue": 502000000,
    "grossProfit": 542000000,
    "grossProfitRatio": 0.5191570881,
    "researchAndDevelopmentExpenses": 86000000,
    "generalAndAdministrativeExpenses": 0,
    "sellingAndMarketingExpenses": 0,
    "sellingGeneralAndAdministrativeExpenses": 310000000,
    "otherExpenses": 0,
    "operatingExpenses": 396000000,
    "costAndExpenses": 898000000,
    "interestIncome": 3000000,
    "interestExpense": 17000000,
    "depreciationAndAmortization": 60000000,
    "ebitda": 211000000,
    "ebitdaratio": 0.2021072797,
    "operatingIncome": 146000000,
    "operatingIncomeRatio": 0.1398467433,
    "totalOtherIncomeExpensesNet": -12000000,
    "incomeBeforeTax": 134000000,
    "incomeBeforeTaxRatio": 0.1283524904,
    "incomeTaxExpense": 10000000,
    "netIncome": 124000000,
    "netIncomeRatio": 0.1187739464,
    "eps": 0.38,
    "epsdiluted": 0.38,
    "weightedAverageShsOut": 325000000,
    "weightedAverageShsOutDil": 328000000,
    "link": "https://www.sec.gov/Archives/edgar/data/1090872/000109087216000076/0001090872-16-000076-index.htm",
    "finalLink": "https://www.sec.gov/Archives/edgar/data/1090872/000109087216000076/a-07312016x10q.htm"
  },
  {
    "date": "2016-04-30",
    "symbol": "A",
    "reportedCurrency": "USD",
    "cik": "0001090872",
    "fillingDate": "2016-06-07",
    "acceptedDate": "2016-06-06 18:56:31",
    "calendarYear": "2016",
    "period": "Q2",
    "revenue": 1019000000,
    "costOfRevenue": 489000000,
    "grossProfit": 530000000,
    "grossProfitRatio": 0.5201177625,
    "researchAndDevelopmentExpenses": 81000000,
    "generalAndAdministrativeExpenses": 0,
    "sellingAndMarketingExpenses": 0,
    "sellingGeneralAndAdministrativeExpenses": 318000000,
    "otherExpenses": 0,
    "operatingExpenses": 399000000,
    "costAndExpenses": 888000000,
    "interestIncome": 3000000,
    "interestExpense": 18000000,
    "depreciationAndAmortization": 64000000,
    "ebitda": 205000000,
    "ebitdaratio": 0.2011776251,
    "operatingIncome": 131000000,
    "operatingIncomeRatio": 0.1285574092,
    "totalOtherIncomeExpensesNet": -14000000,
    "incomeBeforeTax": 117000000,
    "incomeBeforeTaxRatio": 0.1148184495,
    "incomeTaxExpense": 26000000,
    "netIncome": 91000000,
    "netIncomeRatio": 0.0893032385,
    "eps": 0.28,
    "epsdiluted": 0.28,
    "weightedAverageShsOut": 326000000,
    "weightedAverageShsOutDil": 328000000,
    "link": "https://www.sec.gov/Archives/edgar/data/1090872/000109087216000070/0001090872-16-000070-index.htm",
    "finalLink": "https://www.sec.gov/Archives/edgar/data/1090872/000109087216000070/a-04302016x10q.htm"
  },
  {
    "date": "2016-01-31",
    "symbol": "A",
    "reportedCurrency": "USD",
    "cik": "0001090872",
    "fillingDate": "2016-03-08",
    "acceptedDate": "2016-03-08 16:14:06",
    "calendarYear": "2016",
    "period": "Q1",
    "revenue": 1028000000,
    "costOfRevenue": 491000000,
    "grossProfit": 537000000,
    "grossProfitRatio": 0.5223735409,
    "researchAndDevelopmentExpenses": 78000000,
    "generalAndAdministrativeExpenses": 0,
    "sellingAndMarketingExpenses": 0,
    "sellingGeneralAndAdministrativeExpenses": 304000000,
    "otherExpenses": 0,
    "operatingExpenses": 382000000,
    "costAndExpenses": 873000000,
    "interestIncome": 2000000,
    "interestExpense": 18000000,
    "depreciationAndAmortization": 66000000,
    "ebitda": 221000000,
    "ebitdaratio": 0.2149805447,
    "operatingIncome": 155000000,
    "operatingIncomeRatio": 0.1507782101,
    "totalOtherIncomeExpensesNet": -13000000,
    "incomeBeforeTax": 142000000,
    "incomeBeforeTaxRatio": 0.1381322957,
    "incomeTaxExpense": 21000000,
    "netIncome": 121000000,
    "netIncomeRatio": 0.1177042802,
    "eps": 0.37,
    "epsdiluted": 0.36,
    "weightedAverageShsOut": 329000000,
    "weightedAverageShsOutDil": 332000000,
    "link": "https://www.sec.gov/Archives/edgar/data/1090872/000109087216000056/0001090872-16-000056-index.htm",
    "finalLink": "https://www.sec.gov/Archives/edgar/data/1090872/000109087216000056/a-01312016x10q.htm"
  },
  {
    "date": "2015-10-31",
    "symbol": "A",
    "reportedCurrency": "USD",
    "cik": "0001090872",
    "fillingDate": "2015-12-21",
    "acceptedDate": "2015-12-18 19:33:31",
    "calendarYear": "2015",
    "period": "Q4",
    "revenue": 1035000000,
    "costOfRevenue": 500000000,
    "grossProfit": 535000000,
    "grossProfitRatio": 0.5169082126,
    "researchAndDevelopmentExpenses": 82000000,
    "generalAndAdministrativeExpenses": 0,
    "sellingAndMarketingExpenses": 0,
    "sellingGeneralAndAdministrativeExpenses": 297000000,
    "otherExpenses": 0,
    "operatingExpenses": 379000000,
    "costAndExpenses": 879000000,
    "interestIncome": 1000000,
    "interestExpense": 16000000,
    "depreciationAndAmortization": 60000000,
    "ebitda": 219000000,
    "ebitdaratio": 0.2115942029,
    "operatingIncome": 156000000,
    "operatingIncomeRatio": 0.1507246377,
    "totalOtherIncomeExpensesNet": -13000000,
    "incomeBeforeTax": 143000000,
    "incomeBeforeTaxRatio": 0.1381642512,
    "incomeTaxExpense": 0,
    "netIncome": 140000000,
    "netIncomeRatio": 0.1352657005,
    "eps": 0.42,
    "epsdiluted": 0.42,
    "weightedAverageShsOut": 331000000,
    "weightedAverageShsOutDil": 333000000,
    "link": "https://www.sec.gov/Archives/edgar/data/1090872/000109087215000051/0001090872-15-000051-index.htm",
    "finalLink": "https://www.sec.gov/Archives/edgar/data/1090872/000109087215000051/a-10312015x10k.htm"
  },
  {
    "date": "2015-07-31",
    "symbol": "A",
    "reportedCurrency": "USD",
    "cik": "0001090872",
    "fillingDate": "2015-09-02",
    "acceptedDate": "2015-09-02 16:05:10",
    "calendarYear": "2015",
    "period": "Q3",
    "revenue": 1014000000,
    "costOfRevenue": 501000000,
    "grossProfit": 513000000,
    "grossProfitRatio": 0.5059171598,
    "researchAndDevelopmentExpenses": 79000000,
    "generalAndAdministrativeExpenses": 0,
    "sellingAndMarketingExpenses": 0,
    "sellingGeneralAndAdministrativeExpenses": 290000000,
    "otherExpenses": 0,
    "operatingExpenses": 369000000,
    "costAndExpenses": 870000000,
    "interestIncome": 2000000,
    "interestExpense": 17000000,
    "depreciationAndAmortization": 62000000,
    "ebitda": 206000000,
    "ebitdaratio": 0.2031558185,
    "operatingIncome": 144000000,
    "operatingIncomeRatio": 0.1420118343,
    "totalOtherIncomeExpensesNet": -16000000,
    "incomeBeforeTax": 128000000,
    "incomeBeforeTaxRatio": 0.1262327416,
    "incomeTaxExpense": 15000000,
    "netIncome": 111000000,
    "netIncomeRatio": 0.1094674556,
    "eps": 0.34,
    "epsdiluted": 0.34,
    "weightedAverageShsOut": 332000000,
    "weightedAverageShsOutDil": 334000000,
    "link": "https://www.sec.gov/Archives/edgar/data/1090872/000109087215000039/0001090872-15-000039-index.htm",
    "finalLink": "https://www.sec.gov/Archives/edgar/data/1090872/000109087215000039/a-07312015x10q.htm"
  },
  {
    "date": "2015-04-30",
    "symbol": "A",
    "reportedCurrency": "USD",
    "cik": "0001090872",
    "fillingDate": "2015-06-05",
    "acceptedDate": "2015-06-05 16:03:58",
    "calendarYear": "2015",
    "period": "Q2",
    "revenue": 963000000,
    "costOfRevenue": 483000000,
    "grossProfit": 480000000,
    "grossProfitRatio": 0.4984423676,
    "researchAndDevelopmentExpenses": 81000000,
    "generalAndAdministrativeExpenses": 0,
    "sellingAndMarketingExpenses": 0,
    "sellingGeneralAndAdministrativeExpenses": 292000000,
    "otherExpenses": 0,
    "operatingExpenses": 373000000,
    "costAndExpenses": 856000000,
    "interestIncome": 2000000,
    "interestExpense": 17000000,
    "depreciationAndAmortization": 63000000,
    "ebitda": 170000000,
    "ebitdaratio": 0.1765316719,
    "operatingIncome": 107000000,
    "operatingIncomeRatio": 0.1111111111,
    "totalOtherIncomeExpensesNet": -11000000,
    "incomeBeforeTax": 96000000,
    "incomeBeforeTaxRatio": 0.0996884735,
    "incomeTaxExpense": 4000000,
    "netIncome": 87000000,
    "netIncomeRatio": 0.0903426791,
    "eps": 0.26,
    "epsdiluted": 0.25,
    "weightedAverageShsOut": 334000000,
    "weightedAverageShsOutDil": 337000000,
    "link": "https://www.sec.gov/Archives/edgar/data/1090872/000109087215000032/0001090872-15-000032-index.htm",
    "finalLink": "https://www.sec.gov/Archives/edgar/data/1090872/000109087215000032/a-04302015x10q.htm"
  },
  {
    "date": "2015-01-31",
    "symbol": "A",
    "reportedCurrency": "USD",
    "cik": "0001090872",
    "fillingDate": "2015-03-10",
    "acceptedDate": "2015-03-09 17:32:04",
    "calendarYear": "2015",
    "period": "Q1",
    "revenue": 1026000000,
    "costOfRevenue": 513000000,
    "grossProfit": 513000000,
    "grossProfitRatio": 0.5,
    "researchAndDevelopmentExpenses": 88000000,
    "generalAndAdministrativeExpenses": 0,
    "sellingAndMarketingExpenses": 0,
    "sellingGeneralAndAdministrativeExpenses": 310000000,
    "otherExpenses": 0,
    "operatingExpenses": 398000000,
    "costAndExpenses": 911000000,
    "interestIncome": 2000000,
    "interestExpense": 16000000,
    "depreciationAndAmortization": 68000000,
    "ebitda": 183000000,
    "ebitdaratio": 0.1783625731,
    "operatingIncome": 115000000,
    "operatingIncomeRatio": 0.11208577,
    "totalOtherIncomeExpensesNet": -2000000,
    "incomeBeforeTax": 113000000,
    "incomeBeforeTaxRatio": 0.1101364522,
    "incomeTaxExpense": 20000000,
    "netIncome": 63000000,
    "netIncomeRatio": 0.0614035088,
    "eps": 0.28,
    "epsdiluted": 0.19,
    "weightedAverageShsOut": 336000000,
    "weightedAverageShsOutDil": 338000000,
    "link": "https://www.sec.gov/Archives/edgar/data/1090872/000162828015001631/0001628280-15-001631-index.htm",
    "finalLink": "https://www.sec.gov/Archives/edgar/data/1090872/000162828015001631/a-01312015x10q.htm"
  },
  {
    "date": "2014-10-31",
    "symbol": "A",
    "reportedCurrency": "USD",
    "cik": "0001090872",
    "fillingDate": "2014-12-22",
    "acceptedDate": "2014-12-22 16:05:26",
    "calendarYear": "2014",
    "period": "Q4",
    "revenue": 1043000000,
    "costOfRevenue": 564000000,
    "grossProfit": 479000000,
    "grossProfitRatio": 0.4592521572,
    "researchAndDevelopmentExpenses": 189000000,
    "generalAndAdministrativeExpenses": 488000000,
    "sellingAndMarketingExpenses": 46000000,
    "sellingGeneralAndAdministrativeExpenses": 534000000,
    "otherExpenses": -314000000,
    "operatingExpenses": 409000000,
    "costAndExpenses": 973000000,
    "interestIncome": 2000000,
    "interestExpense": 26000000,
    "depreciationAndAmortization": 93000000,
    "ebitda": 83000000,
    "ebitdaratio": 0.07957814,
    "operatingIncome": 70000000,
    "operatingIncomeRatio": 0.067114094,
    "totalOtherIncomeExpensesNet": -92000000,
    "incomeBeforeTax": -22000000,
    "incomeBeforeTaxRatio": -0.021093001,
    "incomeTaxExpense": -30000000,
    "netIncome": 68000000,
    "netIncomeRatio": 0.0651965484,
    "eps": 0.5,
    "epsdiluted": 0.024,
    "weightedAverageShsOut": 334000000,
    "weightedAverageShsOutDil": 338000000,
    "link": "https://www.sec.gov/Archives/edgar/data/1090872/000109087214000045/0001090872-14-000045-index.htm",
    "finalLink": "https://www.sec.gov/Archives/edgar/data/1090872/000109087214000045/a-10312014x10k.htm"
  },
  {
    "date": "2014-07-31",
    "symbol": "A",
    "reportedCurrency": "USD",
    "cik": "0001090872",
    "fillingDate": "2014-09-02",
    "acceptedDate": "2014-09-02 17:17:14",
    "calendarYear": "2014",
    "period": "Q3",
    "revenue": 1009000000,
    "costOfRevenue": 507000000,
    "grossProfit": 502000000,
    "grossProfitRatio": 0.4975222993,
    "researchAndDevelopmentExpenses": 177000000,
    "generalAndAdministrativeExpenses": 0,
    "sellingAndMarketingExpenses": 0,
    "sellingGeneralAndAdministrativeExpenses": 508000000,
    "otherExpenses": -314000000,
    "operatingExpenses": 371000000,
    "costAndExpenses": 878000000,
    "interestIncome": 3000000,
    "interestExpense": 28000000,
    "depreciationAndAmortization": 98000000,
    "ebitda": 229000000,
    "ebitdaratio": 0.2269573835,
    "operatingIncome": 131000000,
    "operatingIncomeRatio": 0.1298315164,
    "totalOtherIncomeExpensesNet": -46000000,
    "incomeBeforeTax": 85000000,
    "incomeBeforeTaxRatio": 0.0842418236,
    "incomeTaxExpense": 22000000,
    "netIncome": 147000000,
    "netIncomeRatio": 0.1456888008,
    "eps": 0.44,
    "epsdiluted": 0.43,
    "weightedAverageShsOut": 334000000,
    "weightedAverageShsOutDil": 338000000,
    "link": "https://www.sec.gov/Archives/edgar/data/1090872/000109087214000024/0001090872-14-000024-index.htm",
    "finalLink": "https://www.sec.gov/Archives/edgar/data/1090872/000109087214000024/a-07312014x10q.htm"
  },
  {
    "date": "2014-04-30",
    "symbol": "A",
    "reportedCurrency": "USD",
    "cik": "0001090872",
    "fillingDate": "2014-06-04",
    "acceptedDate": "2014-06-04 16:08:29",
    "calendarYear": "2014",
    "period": "Q2",
    "revenue": 988000000,
    "costOfRevenue": 503000000,
    "grossProfit": 485000000,
    "grossProfitRatio": 0.4908906883,
    "researchAndDevelopmentExpenses": 87000000,
    "generalAndAdministrativeExpenses": 0,
    "sellingAndMarketingExpenses": 0,
    "sellingGeneralAndAdministrativeExpenses": 304000000,
    "otherExpenses": 0,
    "operatingExpenses": 391000000,
    "costAndExpenses": 894000000,
    "interestIncome": 2000000,
    "interestExpense": 30000000,
    "depreciationAndAmortization": 97000000,
    "ebitda": 191000000,
    "ebitdaratio": 0.1933198381,
    "operatingIncome": 94000000,
    "operatingIncomeRatio": 0.0951417004,
    "totalOtherIncomeExpensesNet": -25000000,
    "incomeBeforeTax": 69000000,
    "incomeBeforeTaxRatio": 0.0698380567,
    "incomeTaxExpense": 29000000,
    "netIncome": 139000000,
    "netIncomeRatio": 0.1406882591,
    "eps": 0.12,
    "epsdiluted": 0.12,
    "weightedAverageShsOut": 333000000,
    "weightedAverageShsOutDil": 337000000,
    "link": "https://www.sec.gov/Archives/edgar/data/1090872/000109087214000016/0001090872-14-000016-index.htm",
    "finalLink": "https://www.sec.gov/Archives/edgar/data/1090872/000109087214000016/a-04302014x10q.htm"
  },
  {
    "date": "2014-01-31",
    "symbol": "A",
    "reportedCurrency": "USD",
    "cik": "0001090872",
    "fillingDate": "2014-03-05",
    "acceptedDate": "2014-03-05 16:03:19",
    "calendarYear": "2014",
    "period": "Q1",
    "revenue": 1008000000,
    "costOfRevenue": 498000000,
    "grossProfit": 510000000,
    "grossProfitRatio": 0.505952381,
    "researchAndDevelopmentExpenses": 177000000,
    "generalAndAdministrativeExpenses": 488000000,
    "sellingAndMarketingExpenses": 0,
    "sellingGeneralAndAdministrativeExpenses": 488000000,
    "otherExpenses": -279000000,
    "operatingExpenses": 386000000,
    "costAndExpenses": 884000000,
    "interestIncome": 2000000,
    "interestExpense": 29000000,
    "depreciationAndAmortization": 96000000,
    "ebitda": 220000000,
    "ebitdaratio": 0.2182539683,
    "operatingIncome": 124000000,
    "operatingIncomeRatio": 0.123015873,
    "totalOtherIncomeExpensesNet": -27000000,
    "incomeBeforeTax": 97000000,
    "incomeBeforeTaxRatio": 0.0962301587,
    "incomeTaxExpense": -24000000,
    "netIncome": 195000000,
    "netIncomeRatio": 0.193452381,
    "eps": 0.59,
    "epsdiluted": 0.58,
    "weightedAverageShsOut": 333000000,
    "weightedAverageShsOutDil": 338000000,
    "link": "https://www.sec.gov/Archives/edgar/data/1090872/000109087214000005/0001090872-14-000005-index.htm",
    "finalLink": "https://www.sec.gov/Archives/edgar/data/1090872/000109087214000005/a-01312014x10q.htm"
  },
  {
    "date": "2013-10-31",
    "symbol": "A",
    "reportedCurrency": "USD",
    "cik": "0001090872",
    "fillingDate": "2013-12-19",
    "acceptedDate": "2013-12-19 16:32:11",
    "calendarYear": "2013",
    "period": "Q4",
    "revenue": 1718000000,
    "costOfRevenue": 810000000,
    "grossProfit": 908000000,
    "grossProfitRatio": 0.5285215367,
    "researchAndDevelopmentExpenses": 173000000,
    "generalAndAdministrativeExpenses": 0,
    "sellingAndMarketingExpenses": 0,
    "sellingGeneralAndAdministrativeExpenses": 450000000,
    "otherExpenses": 0,
    "operatingExpenses": 623000000,
    "costAndExpenses": 1433000000,
    "interestIncome": 2000000,
    "interestExpense": 30000000,
    "depreciationAndAmortization": 95000000,
    "ebitda": -201000000,
    "ebitdaratio": -0.1169965076,
    "operatingIncome": 285000000,
    "operatingIncomeRatio": 0.1658905704,
    "totalOtherIncomeExpensesNet": -31000000,
    "incomeBeforeTax": 254000000,
    "incomeBeforeTaxRatio": 0.1478463329,
    "incomeTaxExpense": 43000000,
    "netIncome": 211000000,
    "netIncomeRatio": 0.1228172293,
    "eps": 0.64,
    "epsdiluted": 0.63,
    "weightedAverageShsOut": 331000000,
    "weightedAverageShsOutDil": 336000000,
    "link": "https://www.sec.gov/Archives/edgar/data/1090872/000109087213000029/0001090872-13-000029-index.htm",
    "finalLink": "https://www.sec.gov/Archives/edgar/data/1090872/000109087213000029/a-10312013x10k.htm"
  },
  {
    "date": "2013-07-31",
    "symbol": "A",
    "reportedCurrency": "USD",
    "cik": "0001090872",
    "fillingDate": "2013-09-06",
    "acceptedDate": "2013-09-06 17:24:41",
    "calendarYear": "2013",
    "period": "Q3",
    "revenue": 1652000000,
    "costOfRevenue": 796000000,
    "grossProfit": 856000000,
    "grossProfitRatio": 0.5181598063,
    "researchAndDevelopmentExpenses": 171000000,
    "generalAndAdministrativeExpenses": 0,
    "sellingAndMarketingExpenses": 0,
    "sellingGeneralAndAdministrativeExpenses": 449000000,
    "otherExpenses": 0,
    "operatingExpenses": 620000000,
    "costAndExpenses": 1416000000,
    "interestIncome": 2000000,
    "interestExpense": 27000000,
    "depreciationAndAmortization": 91000000,
    "ebitda": 330000000,
    "ebitdaratio": 0.1997578692,
    "operatingIncome": 236000000,
    "operatingIncomeRatio": 0.1428571429,
    "totalOtherIncomeExpensesNet": -24000000,
    "incomeBeforeTax": 212000000,
    "incomeBeforeTaxRatio": 0.1283292978,
    "incomeTaxExpense": 44000000,
    "netIncome": 168000000,
    "netIncomeRatio": 0.1016949153,
    "eps": 0.5,
    "epsdiluted": 0.49,
    "weightedAverageShsOut": 339000000,
    "weightedAverageShsOutDil": 343000000,
    "link": "https://www.sec.gov/Archives/edgar/data/1090872/000109087213000019/0001090872-13-000019-index.htm",
    "finalLink": "https://www.sec.gov/Archives/edgar/data/1090872/000109087213000019/a-07312013x10q.htm"
  },
  {
    "date": "2013-04-30",
    "symbol": "A",
    "reportedCurrency": "USD",
    "cik": "0001090872",
    "fillingDate": "2013-06-03",
    "acceptedDate": "2013-06-03 16:11:32",
    "calendarYear": "2013",
    "period": "Q2",
    "revenue": 1732000000,
    "costOfRevenue": 841000000,
    "grossProfit": 891000000,
    "grossProfitRatio": 0.5144341801,
    "researchAndDevelopmentExpenses": 181000000,
    "generalAndAdministrativeExpenses": 0,
    "sellingAndMarketingExpenses": 0,
    "sellingGeneralAndAdministrativeExpenses": 497000000,
    "otherExpenses": 0,
    "operatingExpenses": 678000000,
    "costAndExpenses": 1519000000,
    "interestIncome": 1000000,
    "interestExpense": 25000000,
    "depreciationAndAmortization": 92000000,
    "ebitda": 315000000,
    "ebitdaratio": 0.1818706697,
    "operatingIncome": 213000000,
    "operatingIncomeRatio": 0.1229792148,
    "totalOtherIncomeExpensesNet": -15000000,
    "incomeBeforeTax": 198000000,
    "incomeBeforeTaxRatio": 0.1143187067,
    "incomeTaxExpense": 32000000,
    "netIncome": 166000000,
    "netIncomeRatio": 0.0958429561,
    "eps": 0.48,
    "epsdiluted": 0.48,
    "weightedAverageShsOut": 345000000,
    "weightedAverageShsOutDil": 349000000,
    "link": "https://www.sec.gov/Archives/edgar/data/1090872/000109087213000013/0001090872-13-000013-index.htm",
    "finalLink": "https://www.sec.gov/Archives/edgar/data/1090872/000109087213000013/a-04302013x10q.htm"
  },
  {
    "date": "2013-01-31",
    "symbol": "A",
    "reportedCurrency": "USD",
    "cik": "0001090872",
    "fillingDate": "2013-03-06",
    "acceptedDate": "2013-03-05 20:37:31",
    "calendarYear": "2013",
    "period": "Q1",
    "revenue": 1680000000,
    "costOfRevenue": 800000000,
    "grossProfit": 880000000,
    "grossProfitRatio": 0.5238095238,
    "researchAndDevelopmentExpenses": 179000000,
    "generalAndAdministrativeExpenses": 0,
    "sellingAndMarketingExpenses": 0,
    "sellingGeneralAndAdministrativeExpenses": 484000000,
    "otherExpenses": 0,
    "operatingExpenses": 663000000,
    "costAndExpenses": 1463000000,
    "interestIncome": 2000000,
    "interestExpense": 25000000,
    "depreciationAndAmortization": 94000000,
    "ebitda": 314000000,
    "ebitdaratio": 0.1869047619,
    "operatingIncome": 217000000,
    "operatingIncomeRatio": 0.1291666667,
    "totalOtherIncomeExpensesNet": -22000000,
    "incomeBeforeTax": 195000000,
    "incomeBeforeTaxRatio": 0.1160714286,
    "incomeTaxExpense": 16000000,
    "netIncome": 179000000,
    "netIncomeRatio": 0.106547619,
    "eps": 0.52,
    "epsdiluted": 0.51,
    "weightedAverageShsOut": 347000000,
    "weightedAverageShsOutDil": 352000000,
    "link": "https://www.sec.gov/Archives/edgar/data/1090872/000109087213000005/0001090872-13-000005-index.htm",
    "finalLink": "https://www.sec.gov/Archives/edgar/data/1090872/000109087213000005/a-01312013x10q.htm"
  },
  {
    "date": "2012-10-31",
    "symbol": "A",
    "reportedCurrency": "USD",
    "cik": "0001090872",
    "fillingDate": "2012-12-20",
    "acceptedDate": "2012-12-20 16:50:44",
    "calendarYear": "2012",
    "period": "Q4",
    "revenue": 1767000000,
    "costOfRevenue": 845000000,
    "grossProfit": 922000000,
    "grossProfitRatio": 0.5217883418,
    "researchAndDevelopmentExpenses": 178000000,
    "generalAndAdministrativeExpenses": 466000000,
    "sellingAndMarketingExpenses": 0,
    "sellingGeneralAndAdministrativeExpenses": 466000000,
    "otherExpenses": 0,
    "operatingExpenses": 644000000,
    "costAndExpenses": 1489000000,
    "interestIncome": 2000000,
    "interestExpense": 26000000,
    "depreciationAndAmortization": 94000000,
    "ebitda": 376000000,
    "ebitdaratio": 0.2127900396,
    "operatingIncome": 278000000,
    "operatingIncomeRatio": 0.1573288059,
    "totalOtherIncomeExpensesNet": -22000000,
    "incomeBeforeTax": 256000000,
    "incomeBeforeTaxRatio": 0.1448783248,
    "incomeTaxExpense": -169000000,
    "netIncome": 425000000,
    "netIncomeRatio": 0.2405206565,
    "eps": 1.22,
    "epsdiluted": 1.2,
    "weightedAverageShsOut": 348000000,
    "weightedAverageShsOutDil": 353000000,
    "link": "https://www.sec.gov/Archives/edgar/data/1090872/000109087212000018/0001090872-12-000018-index.htm",
    "finalLink": "https://www.sec.gov/Archives/edgar/data/1090872/000109087212000018/a-10312012x10k.htm"
  },
  {
    "date": "2012-07-31",
    "symbol": "A",
    "reportedCurrency": "USD",
    "cik": "0001090872",
    "fillingDate": "2012-09-05",
    "acceptedDate": "2012-09-05 17:30:24",
    "calendarYear": "2012",
    "period": "Q3",
    "revenue": 1723000000,
    "costOfRevenue": 833000000,
    "grossProfit": 890000000,
    "grossProfitRatio": 0.516540917,
    "researchAndDevelopmentExpenses": 162000000,
    "generalAndAdministrativeExpenses": 458000000,
    "sellingAndMarketingExpenses": 0,
    "sellingGeneralAndAdministrativeExpenses": 458000000,
    "otherExpenses": 0,
    "operatingExpenses": 620000000,
    "costAndExpenses": 1453000000,
    "interestIncome": 2000000,
    "interestExpense": 24000000,
    "depreciationAndAmortization": 84000000,
    "ebitda": 346000000,
    "ebitdaratio": 0.2008125363,
    "operatingIncome": 270000000,
    "operatingIncomeRatio": 0.1567034243,
    "totalOtherIncomeExpensesNet": -32000000,
    "incomeBeforeTax": 238000000,
    "incomeBeforeTaxRatio": 0.1381311666,
    "incomeTaxExpense": -5000000,
    "netIncome": 243000000,
    "netIncomeRatio": 0.1410330818,
    "eps": 0.7,
    "epsdiluted": 0.69,
    "weightedAverageShsOut": 348000000,
    "weightedAverageShsOutDil": 353000000,
    "link": "https://www.sec.gov/Archives/edgar/data/1090872/000109087212000006/0001090872-12-000006-index.htm",
    "finalLink": "https://www.sec.gov/Archives/edgar/data/1090872/000109087212000006/a-07312012x10q.htm"
  },
  {
    "date": "2012-04-30",
    "symbol": "A",
    "reportedCurrency": "USD",
    "cik": "0001090872",
    "fillingDate": "2012-06-04",
    "acceptedDate": "2012-06-04 16:18:14",
    "calendarYear": "2012",
    "period": "Q2",
    "revenue": 1733000000,
    "costOfRevenue": 815000000,
    "grossProfit": 918000000,
    "grossProfitRatio": 0.5297172533,
    "researchAndDevelopmentExpenses": 166000000,
    "generalAndAdministrativeExpenses": 452000000,
    "sellingAndMarketingExpenses": 0,
    "sellingGeneralAndAdministrativeExpenses": 452000000,
    "otherExpenses": 0,
    "operatingExpenses": 618000000,
    "costAndExpenses": 1433000000,
    "interestIncome": 2000000,
    "interestExpense": 25000000,
    "depreciationAndAmortization": 61000000,
    "ebitda": 379000000,
    "ebitdaratio": 0.2186959031,
    "operatingIncome": 300000000,
    "operatingIncomeRatio": 0.1731102135,
    "totalOtherIncomeExpensesNet": -7000000,
    "incomeBeforeTax": 293000000,
    "incomeBeforeTaxRatio": 0.1690709752,
    "incomeTaxExpense": 38000000,
    "netIncome": 255000000,
    "netIncomeRatio": 0.1471436815,
    "eps": 0.73,
    "epsdiluted": 0.72,
    "weightedAverageShsOut": 348000000,
    "weightedAverageShsOutDil": 354000000,
    "link": "https://www.sec.gov/Archives/edgar/data/1090872/000110465912041630/0001104659-12-041630-index.htm",
    "finalLink": "https://www.sec.gov/Archives/edgar/data/1090872/000110465912041630/a12-13538_110q.htm"
  },
  {
    "date": "2012-01-31",
    "symbol": "A",
    "reportedCurrency": "USD",
    "cik": "0001090872",
    "fillingDate": "2012-03-05",
    "acceptedDate": "2012-03-05 16:06:48",
    "calendarYear": "2012",
    "period": "Q1",
    "revenue": 1635000000,
    "costOfRevenue": 761000000,
    "grossProfit": 874000000,
    "grossProfitRatio": 0.5345565749,
    "researchAndDevelopmentExpenses": 162000000,
    "generalAndAdministrativeExpenses": 441000000,
    "sellingAndMarketingExpenses": 0,
    "sellingGeneralAndAdministrativeExpenses": 441000000,
    "otherExpenses": 0,
    "operatingExpenses": 603000000,
    "costAndExpenses": 1364000000,
    "interestIncome": 3000000,
    "interestExpense": 26000000,
    "depreciationAndAmortization": 62000000,
    "ebitda": 344000000,
    "ebitdaratio": 0.2103975535,
    "operatingIncome": 271000000,
    "operatingIncomeRatio": 0.1657492355,
    "totalOtherIncomeExpensesNet": -15000000,
    "incomeBeforeTax": 256000000,
    "incomeBeforeTaxRatio": 0.1565749235,
    "incomeTaxExpense": 26000000,
    "netIncome": 230000000,
    "netIncomeRatio": 0.1406727829,
    "eps": 0.66,
    "epsdiluted": 0.65,
    "weightedAverageShsOut": 348000000,
    "weightedAverageShsOutDil": 352000000,
    "link": "https://www.sec.gov/Archives/edgar/data/1090872/000110465912015665/0001104659-12-015665-index.htm",
    "finalLink": "https://www.sec.gov/Archives/edgar/data/1090872/000110465912015665/a12-6235_110q.htm"
  },
  {
    "date": "2011-10-31",
    "symbol": "A",
    "reportedCurrency": "USD",
    "cik": "0001090872",
    "fillingDate": "2011-12-16",
    "acceptedDate": "2011-12-16 16:51:36",
    "calendarYear": "2011",
    "period": "Q4",
    "revenue": 1728000000,
    "costOfRevenue": 807000000,
    "grossProfit": 921000000,
    "grossProfitRatio": 0.5329861111,
    "researchAndDevelopmentExpenses": 163000000,
    "generalAndAdministrativeExpenses": 445000000,
    "sellingAndMarketingExpenses": 0,
    "sellingGeneralAndAdministrativeExpenses": 445000000,
    "otherExpenses": 0,
    "operatingExpenses": 608000000,
    "costAndExpenses": 1415000000,
    "interestIncome": 4000000,
    "interestExpense": 23000000,
    "depreciationAndAmortization": 63000000,
    "ebitda": 379000000,
    "ebitdaratio": 0.2193287037,
    "operatingIncome": 313000000,
    "operatingIncomeRatio": 0.1811342593,
    "totalOtherIncomeExpensesNet": -20000000,
    "incomeBeforeTax": 293000000,
    "incomeBeforeTaxRatio": 0.1695601852,
    "incomeTaxExpense": 4000000,
    "netIncome": 289000000,
    "netIncomeRatio": 0.1672453704,
    "eps": 0.83,
    "epsdiluted": 0.82,
    "weightedAverageShsOut": 348000000,
    "weightedAverageShsOutDil": 352000000,
    "link": "https://www.sec.gov/Archives/edgar/data/1090872/000104746911010124/0001047469-11-010124-index.htm",
    "finalLink": "https://www.sec.gov/Archives/edgar/data/1090872/000104746911010124/a2206674z10-k.htm"
  },
  {
    "date": "2011-07-31",
    "symbol": "A",
    "reportedCurrency": "USD",
    "cik": "0001090872",
    "fillingDate": "2011-09-07",
    "acceptedDate": "2011-09-07 16:43:30",
    "calendarYear": "2011",
    "period": "Q3",
    "revenue": 1691000000,
    "costOfRevenue": 799000000,
    "grossProfit": 892000000,
    "grossProfitRatio": 0.5274985216,
    "researchAndDevelopmentExpenses": 162000000,
    "generalAndAdministrativeExpenses": 449000000,
    "sellingAndMarketingExpenses": 0,
    "sellingGeneralAndAdministrativeExpenses": 449000000,
    "otherExpenses": 0,
    "operatingExpenses": 611000000,
    "costAndExpenses": 1410000000,
    "interestIncome": 3000000,
    "interestExpense": 20000000,
    "depreciationAndAmortization": 63000000,
    "ebitda": 364000000,
    "ebitdaratio": 0.2152572442,
    "operatingIncome": 281000000,
    "operatingIncomeRatio": 0.1661738616,
    "totalOtherIncomeExpensesNet": 0,
    "incomeBeforeTax": 281000000,
    "incomeBeforeTaxRatio": 0.1661738616,
    "incomeTaxExpense": -49000000,
    "netIncome": 330000000,
    "netIncomeRatio": 0.1951507983,
    "eps": 0.95,
    "epsdiluted": 0.92,
    "weightedAverageShsOut": 348000000,
    "weightedAverageShsOutDil": 357000000,
    "link": "https://www.sec.gov/Archives/edgar/data/1090872/000110465911050549/0001104659-11-050549-index.htm",
    "finalLink": "https://www.sec.gov/Archives/edgar/data/1090872/000110465911050549/a11-25469_110q.htm"
  },
  {
    "date": "2011-04-30",
    "symbol": "A",
    "reportedCurrency": "USD",
    "cik": "0001090872",
    "fillingDate": "2011-06-07",
    "acceptedDate": "2011-06-07 17:17:43",
    "calendarYear": "2011",
    "period": "Q2",
    "revenue": 1677000000,
    "costOfRevenue": 777000000,
    "grossProfit": 900000000,
    "grossProfitRatio": 0.5366726297,
    "researchAndDevelopmentExpenses": 165000000,
    "generalAndAdministrativeExpenses": 469000000,
    "sellingAndMarketingExpenses": 0,
    "sellingGeneralAndAdministrativeExpenses": 469000000,
    "otherExpenses": 0,
    "operatingExpenses": 634000000,
    "costAndExpenses": 1411000000,
    "interestIncome": 3000000,
    "interestExpense": 20000000,
    "depreciationAndAmortization": 64000000,
    "ebitda": 344000000,
    "ebitdaratio": 0.2051282051,
    "operatingIncome": 266000000,
    "operatingIncomeRatio": 0.1586165772,
    "totalOtherIncomeExpensesNet": -6000000,
    "incomeBeforeTax": 260000000,
    "incomeBeforeTaxRatio": 0.1550387597,
    "incomeTaxExpense": 60000000,
    "netIncome": 200000000,
    "netIncomeRatio": 0.1192605844,
    "eps": 0.58,
    "epsdiluted": 0.56,
    "weightedAverageShsOut": 347000000,
    "weightedAverageShsOutDil": 355000000,
    "link": "https://www.sec.gov/Archives/edgar/data/1090872/000110465911033625/0001104659-11-033625-index.htm",
    "finalLink": "https://www.sec.gov/Archives/edgar/data/1090872/000110465911033625/a11-14298_110q.htm"
  },
  {
    "date": "2011-01-31",
    "symbol": "A",
    "reportedCurrency": "USD",
    "cik": "0001090872",
    "fillingDate": "2011-03-09",
    "acceptedDate": "2011-03-09 16:41:31",
    "calendarYear": "2011",
    "period": "Q1",
    "revenue": 1519000000,
    "costOfRevenue": 703000000,
    "grossProfit": 816000000,
    "grossProfitRatio": 0.5371955234,
    "researchAndDevelopmentExpenses": 159000000,
    "generalAndAdministrativeExpenses": 446000000,
    "sellingAndMarketingExpenses": 0,
    "sellingGeneralAndAdministrativeExpenses": 446000000,
    "otherExpenses": 0,
    "operatingExpenses": 605000000,
    "costAndExpenses": 1308000000,
    "interestIncome": 4000000,
    "interestExpense": 23000000,
    "depreciationAndAmortization": 63000000,
    "ebitda": 284000000,
    "ebitdaratio": 0.1869651086,
    "operatingIncome": 211000000,
    "operatingIncomeRatio": 0.1389071758,
    "totalOtherIncomeExpensesNet": -13000000,
    "incomeBeforeTax": 198000000,
    "incomeBeforeTaxRatio": 0.1303489138,
    "incomeTaxExpense": 5000000,
    "netIncome": 193000000,
    "netIncomeRatio": 0.1270572745,
    "eps": 0.56,
    "epsdiluted": 0.54,
    "weightedAverageShsOut": 347000000,
    "weightedAverageShsOutDil": 355000000,
    "link": "https://www.sec.gov/Archives/edgar/data/1090872/000110465911013291/0001104659-11-013291-index.htm",
    "finalLink": "https://www.sec.gov/Archives/edgar/data/1090872/000110465911013291/a11-7390_110q.htm"
  },
  {
    "date": "2010-10-31",
    "symbol": "A",
    "reportedCurrency": "USD",
    "cik": "0001090872",
    "fillingDate": "2010-12-20",
    "acceptedDate": "2010-12-17 19:41:22",
    "calendarYear": "2010",
    "period": "Q4",
    "revenue": 1576000000,
    "costOfRevenue": 742000000,
    "grossProfit": 834000000,
    "grossProfitRatio": 0.5291878173,
    "researchAndDevelopmentExpenses": 159000000,
    "generalAndAdministrativeExpenses": 472000000,
    "sellingAndMarketingExpenses": 0,
    "sellingGeneralAndAdministrativeExpenses": 472000000,
    "otherExpenses": 0,
    "operatingExpenses": 631000000,
    "costAndExpenses": 1373000000,
    "interestIncome": 11000000,
    "interestExpense": 27000000,
    "depreciationAndAmortization": 67000000,
    "ebitda": 337000000,
    "ebitdaratio": 0.2138324873,
    "operatingIncome": 203000000,
    "operatingIncomeRatio": 0.1288071066,
    "totalOtherIncomeExpensesNet": 40000000,
    "incomeBeforeTax": 243000000,
    "incomeBeforeTaxRatio": 0.1541878173,
    "incomeTaxExpense": -49000000,
    "netIncome": 292000000,
    "netIncomeRatio": 0.1852791878,
    "eps": 0.84,
    "epsdiluted": 0.82,
    "weightedAverageShsOut": 347000000,
    "weightedAverageShsOutDil": 355000000,
    "link": "https://www.sec.gov/Archives/edgar/data/1090872/000104746910010499/0001047469-10-010499-index.htm",
    "finalLink": "https://www.sec.gov/Archives/edgar/data/1090872/000104746910010499/a2201423z10-k.htm"
  },
  {
    "date": "2010-07-31",
    "symbol": "A",
    "reportedCurrency": "USD",
    "cik": "0001090872",
    "fillingDate": "2010-09-07",
    "acceptedDate": "2010-09-07 16:08:06",
    "calendarYear": "2010",
    "period": "Q3",
    "revenue": 1384000000,
    "costOfRevenue": 659000000,
    "grossProfit": 725000000,
    "grossProfitRatio": 0.5238439306,
    "researchAndDevelopmentExpenses": 154000000,
    "generalAndAdministrativeExpenses": 456000000,
    "sellingAndMarketingExpenses": 0,
    "sellingGeneralAndAdministrativeExpenses": 456000000,
    "otherExpenses": 0,
    "operatingExpenses": 610000000,
    "costAndExpenses": 1269000000,
    "interestIncome": 3000000,
    "interestExpense": 24000000,
    "depreciationAndAmortization": 60000000,
    "ebitda": 311000000,
    "ebitdaratio": 0.2247109827,
    "operatingIncome": 115000000,
    "operatingIncomeRatio": 0.0830924855,
    "totalOtherIncomeExpensesNet": 112000000,
    "incomeBeforeTax": 227000000,
    "incomeBeforeTaxRatio": 0.164017341,
    "incomeTaxExpense": 22000000,
    "netIncome": 205000000,
    "netIncomeRatio": 0.1481213873,
    "eps": 0.59,
    "epsdiluted": 0.58,
    "weightedAverageShsOut": 347000000,
    "weightedAverageShsOutDil": 352000000,
    "link": "https://www.sec.gov/Archives/edgar/data/1090872/000110465910047500/0001104659-10-047500-index.htm",
    "finalLink": "https://www.sec.gov/Archives/edgar/data/1090872/000110465910047500/a10-16753_110q.htm"
  },
  {
    "date": "2010-04-30",
    "symbol": "A",
    "reportedCurrency": "USD",
    "cik": "0001090872",
    "fillingDate": "2010-06-07",
    "acceptedDate": "2010-06-07 16:07:50",
    "calendarYear": "2010",
    "period": "Q2",
    "revenue": 1271000000,
    "costOfRevenue": 560000000,
    "grossProfit": 711000000,
    "grossProfitRatio": 0.5594020456,
    "researchAndDevelopmentExpenses": 150000000,
    "generalAndAdministrativeExpenses": 407000000,
    "sellingAndMarketingExpenses": 0,
    "sellingGeneralAndAdministrativeExpenses": 407000000,
    "otherExpenses": 0,
    "operatingExpenses": 557000000,
    "costAndExpenses": 1117000000,
    "interestIncome": 3000000,
    "interestExpense": 22000000,
    "depreciationAndAmortization": 36000000,
    "ebitda": 197000000,
    "ebitdaratio": 0.1549960661,
    "operatingIncome": 154000000,
    "operatingIncomeRatio": 0.1211644375,
    "totalOtherIncomeExpensesNet": -15000000,
    "incomeBeforeTax": 139000000,
    "incomeBeforeTaxRatio": 0.1093627065,
    "incomeTaxExpense": 31000000,
    "netIncome": 108000000,
    "netIncomeRatio": 0.0849724626,
    "eps": 0.31,
    "epsdiluted": 0.31,
    "weightedAverageShsOut": 348000000,
    "weightedAverageShsOutDil": 354000000,
    "link": "https://www.sec.gov/Archives/edgar/data/1090872/000110465910032682/0001104659-10-032682-index.htm",
    "finalLink": "https://www.sec.gov/Archives/edgar/data/1090872/000110465910032682/a10-11435_110q.htm"
  },
  {
    "date": "2010-01-31",
    "symbol": "A",
    "reportedCurrency": "USD",
    "cik": "0001090872",
    "fillingDate": "2010-03-10",
    "acceptedDate": "2010-03-10 16:51:46",
    "calendarYear": "2010",
    "period": "Q1",
    "revenue": 1213000000,
    "costOfRevenue": 553000000,
    "grossProfit": 660000000,
    "grossProfitRatio": 0.5441055235,
    "researchAndDevelopmentExpenses": 149000000,
    "generalAndAdministrativeExpenses": 417000000,
    "sellingAndMarketingExpenses": 0,
    "sellingGeneralAndAdministrativeExpenses": 417000000,
    "otherExpenses": 0,
    "operatingExpenses": 566000000,
    "costAndExpenses": 1119000000,
    "interestIncome": 3000000,
    "interestExpense": 23000000,
    "depreciationAndAmortization": 39000000,
    "ebitda": 145000000,
    "ebitdaratio": 0.1195383347,
    "operatingIncome": 94000000,
    "operatingIncomeRatio": 0.077493817,
    "totalOtherIncomeExpensesNet": -11000000,
    "incomeBeforeTax": 83000000,
    "incomeBeforeTaxRatio": 0.0684253916,
    "incomeTaxExpense": 4000000,
    "netIncome": 79000000,
    "netIncomeRatio": 0.0651277824,
    "eps": 0.23,
    "epsdiluted": 0.22,
    "weightedAverageShsOut": 348000000,
    "weightedAverageShsOutDil": 354000000,
    "link": "https://www.sec.gov/Archives/edgar/data/1090872/000110465910013535/0001104659-10-013535-index.htm",
    "finalLink": "https://www.sec.gov/Archives/edgar/data/1090872/000110465910013535/a10-5174_110q.htm"
  },
  {
    "date": "2009-10-31",
    "symbol": "A",
    "reportedCurrency": "USD",
    "cik": "0001090872",
    "fillingDate": "2009-12-21",
    "acceptedDate": "2009-12-21 16:38:45",
    "calendarYear": "2009",
    "period": "Q4",
    "revenue": 1167000000,
    "costOfRevenue": 533000000,
    "grossProfit": 634000000,
    "grossProfitRatio": 0.5432733505,
    "researchAndDevelopmentExpenses": 150000000,
    "generalAndAdministrativeExpenses": 413000000,
    "sellingAndMarketingExpenses": 0,
    "sellingGeneralAndAdministrativeExpenses": 413000000,
    "otherExpenses": 0,
    "operatingExpenses": 563000000,
    "costAndExpenses": 1096000000,
    "interestIncome": 4000000,
    "interestExpense": 21000000,
    "depreciationAndAmortization": 40000000,
    "ebitda": 140000000,
    "ebitdaratio": 0.1199657241,
    "operatingIncome": 71000000,
    "operatingIncomeRatio": 0.0608397601,
    "totalOtherIncomeExpensesNet": 8000000,
    "incomeBeforeTax": 79000000,
    "incomeBeforeTaxRatio": 0.0676949443,
    "incomeTaxExpense": 54000000,
    "netIncome": 25000000,
    "netIncomeRatio": 0.0214224507,
    "eps": 0.072,
    "epsdiluted": 0.071,
    "weightedAverageShsOut": 348000000,
    "weightedAverageShsOutDil": 354000000,
    "link": "https://www.sec.gov/Archives/edgar/data/1090872/000104746909010861/0001047469-09-010861-index.htm",
    "finalLink": "https://www.sec.gov/Archives/edgar/data/1090872/000104746909010861/a2195875z10-k.htm"
  },
  {
    "date": "2009-07-31",
    "symbol": "A",
    "reportedCurrency": "USD",
    "cik": "0001090872",
    "fillingDate": "2009-09-04",
    "acceptedDate": "2009-09-04 17:12:24",
    "calendarYear": "2009",
    "period": "Q3",
    "revenue": 1057000000,
    "costOfRevenue": 518000000,
    "grossProfit": 539000000,
    "grossProfitRatio": 0.5099337748,
    "researchAndDevelopmentExpenses": 153000000,
    "generalAndAdministrativeExpenses": 387000000,
    "sellingAndMarketingExpenses": 0,
    "sellingGeneralAndAdministrativeExpenses": 387000000,
    "otherExpenses": 0,
    "operatingExpenses": 540000000,
    "costAndExpenses": 1058000000,
    "interestIncome": 5000000,
    "interestExpense": 21000000,
    "depreciationAndAmortization": 41000000,
    "ebitda": 21000000,
    "ebitdaratio": 0.0198675497,
    "operatingIncome": -1000000,
    "operatingIncomeRatio": -0.0009460738,
    "totalOtherIncomeExpensesNet": -40000000,
    "incomeBeforeTax": -41000000,
    "incomeBeforeTaxRatio": -0.0387890255,
    "incomeTaxExpense": -22000000,
    "netIncome": -19000000,
    "netIncomeRatio": -0.0179754021,
    "eps": -0.0551,
    "epsdiluted": -0.0551,
    "weightedAverageShsOut": 345000000,
    "weightedAverageShsOutDil": 345000000,
    "link": "https://www.sec.gov/Archives/edgar/data/1090872/000110465909053486/0001104659-09-053486-index.htm",
    "finalLink": "https://www.sec.gov/Archives/edgar/data/1090872/000110465909053486/a09-24366_110q.htm"
  },
  {
    "date": "2009-04-30",
    "symbol": "A",
    "reportedCurrency": "USD",
    "cik": "0001090872",
    "fillingDate": "2009-06-09",
    "acceptedDate": "2009-06-09 17:05:52",
    "calendarYear": "2009",
    "period": "Q2",
    "revenue": 1091000000,
    "costOfRevenue": 561000000,
    "grossProfit": 530000000,
    "grossProfitRatio": 0.4857928506,
    "researchAndDevelopmentExpenses": 170000000,
    "generalAndAdministrativeExpenses": 407000000,
    "sellingAndMarketingExpenses": 0,
    "sellingGeneralAndAdministrativeExpenses": 407000000,
    "otherExpenses": 0,
    "operatingExpenses": 577000000,
    "costAndExpenses": 1138000000,
    "interestIncome": 6000000,
    "interestExpense": 23000000,
    "depreciationAndAmortization": 40000000,
    "ebitda": 5000000,
    "ebitdaratio": 0.0045829514,
    "operatingIncome": -47000000,
    "operatingIncomeRatio": -0.0430797434,
    "totalOtherIncomeExpensesNet": -11000000,
    "incomeBeforeTax": -58000000,
    "incomeBeforeTaxRatio": -0.0531622365,
    "incomeTaxExpense": 43000000,
    "netIncome": -101000000,
    "netIncomeRatio": -0.0925756187,
    "eps": -0.29,
    "epsdiluted": -0.29,
    "weightedAverageShsOut": 344000000,
    "weightedAverageShsOutDil": 344000000,
    "link": "https://www.sec.gov/Archives/edgar/data/1090872/000110465909037446/0001104659-09-037446-index.htm",
    "finalLink": "https://www.sec.gov/Archives/edgar/data/1090872/000110465909037446/a09-14949_110q.htm"
  },
  {
    "date": "2009-01-31",
    "symbol": "A",
    "reportedCurrency": "USD",
    "cik": "0001090872",
    "fillingDate": "2009-03-12",
    "acceptedDate": "2009-03-12 14:24:24",
    "calendarYear": "2009",
    "period": "Q1",
    "revenue": 1166000000,
    "costOfRevenue": 577000000,
    "grossProfit": 589000000,
    "grossProfitRatio": 0.5051457976,
    "researchAndDevelopmentExpenses": 169000000,
    "generalAndAdministrativeExpenses": 396000000,
    "sellingAndMarketingExpenses": 0,
    "sellingGeneralAndAdministrativeExpenses": 396000000,
    "otherExpenses": 0,
    "operatingExpenses": 565000000,
    "costAndExpenses": 1142000000,
    "interestIncome": 14000000,
    "interestExpense": 23000000,
    "depreciationAndAmortization": 41000000,
    "ebitda": 91000000,
    "ebitdaratio": 0.0780445969,
    "operatingIncome": 24000000,
    "operatingIncomeRatio": 0.0205831904,
    "totalOtherIncomeExpensesNet": 3000000,
    "incomeBeforeTax": 27000000,
    "incomeBeforeTaxRatio": 0.0231560892,
    "incomeTaxExpense": -37000000,
    "netIncome": 64000000,
    "netIncomeRatio": 0.0548885077,
    "eps": 0.18,
    "epsdiluted": 0.18,
    "weightedAverageShsOut": 351000000,
    "weightedAverageShsOutDil": 352000000,
    "link": "https://www.sec.gov/Archives/edgar/data/1090872/000110465909017029/0001104659-09-017029-index.htm",
    "finalLink": "https://www.sec.gov/Archives/edgar/data/1090872/000110465909017029/a09-7309_110q.htm"
  },
  {
    "date": "2008-10-31",
    "symbol": "A",
    "reportedCurrency": "USD",
    "cik": "0001090872",
    "fillingDate": "2008-12-19",
    "acceptedDate": "2008-12-19 17:27:11",
    "calendarYear": "2008",
    "period": "Q4",
    "revenue": 1481000000,
    "costOfRevenue": 651000000,
    "grossProfit": 830000000,
    "grossProfitRatio": 0.5604321404,
    "researchAndDevelopmentExpenses": 170000000,
    "generalAndAdministrativeExpenses": 408000000,
    "sellingAndMarketingExpenses": 0,
    "sellingGeneralAndAdministrativeExpenses": 408000000,
    "otherExpenses": 0,
    "operatingExpenses": 578000000,
    "costAndExpenses": 1229000000,
    "interestIncome": 113000000,
    "interestExpense": 123000000,
    "depreciationAndAmortization": 44000000,
    "ebitda": 296000000,
    "ebitdaratio": 0.1998649561,
    "operatingIncome": 252000000,
    "operatingIncomeRatio": 0.1701553005,
    "totalOtherIncomeExpensesNet": 5000000,
    "incomeBeforeTax": 257000000,
    "incomeBeforeTaxRatio": 0.1735313977,
    "incomeTaxExpense": 26000000,
    "netIncome": 231000000,
    "netIncomeRatio": 0.1559756921,
    "eps": 0.66,
    "epsdiluted": 0.66,
    "weightedAverageShsOut": 351000000,
    "weightedAverageShsOutDil": 352000000,
    "link": "https://www.sec.gov/Archives/edgar/data/1090872/000104746908013312/0001047469-08-013312-index.htm",
    "finalLink": "https://www.sec.gov/Archives/edgar/data/1090872/000104746908013312/a2189713z10-k.htm"
  },
  {
    "date": "2008-07-31",
    "symbol": "A",
    "reportedCurrency": "USD",
    "cik": "0001090872",
    "fillingDate": "2008-09-05",
    "acceptedDate": "2008-09-05 15:02:51",
    "calendarYear": "2008",
    "period": "Q3",
    "revenue": 1444000000,
    "costOfRevenue": 641000000,
    "grossProfit": 803000000,
    "grossProfitRatio": 0.5560941828,
    "researchAndDevelopmentExpenses": 170000000,
    "generalAndAdministrativeExpenses": 415000000,
    "sellingAndMarketingExpenses": 0,
    "sellingGeneralAndAdministrativeExpenses": 415000000,
    "otherExpenses": 0,
    "operatingExpenses": 585000000,
    "costAndExpenses": 1226000000,
    "interestIncome": 23000000,
    "interestExpense": 31000000,
    "depreciationAndAmortization": 57000000,
    "ebitda": 303000000,
    "ebitdaratio": 0.209833795,
    "operatingIncome": 218000000,
    "operatingIncomeRatio": 0.1509695291,
    "totalOtherIncomeExpensesNet": -3000000,
    "incomeBeforeTax": 215000000,
    "incomeBeforeTaxRatio": 0.1488919668,
    "incomeTaxExpense": 46000000,
    "netIncome": 169000000,
    "netIncomeRatio": 0.1170360111,
    "eps": 0.47,
    "epsdiluted": 0.45,
    "weightedAverageShsOut": 362000000,
    "weightedAverageShsOutDil": 372000000,
    "link": "https://www.sec.gov/Archives/edgar/data/1090872/000110465908057291/0001104659-08-057291-index.htm",
    "finalLink": "https://www.sec.gov/Archives/edgar/data/1090872/000110465908057291/a08-21825_110q.htm"
  },
  {
    "date": "2008-04-30",
    "symbol": "A",
    "reportedCurrency": "USD",
    "cik": "0001090872",
    "fillingDate": "2008-06-05",
    "acceptedDate": "2008-06-05 17:08:31",
    "calendarYear": "2008",
    "period": "Q2",
    "revenue": 1456000000,
    "costOfRevenue": 649000000,
    "grossProfit": 807000000,
    "grossProfitRatio": 0.5542582418,
    "researchAndDevelopmentExpenses": 183000000,
    "generalAndAdministrativeExpenses": 433000000,
    "sellingAndMarketingExpenses": 0,
    "sellingGeneralAndAdministrativeExpenses": 433000000,
    "otherExpenses": 0,
    "operatingExpenses": 616000000,
    "costAndExpenses": 1265000000,
    "interestIncome": 27000000,
    "interestExpense": 29000000,
    "depreciationAndAmortization": 51000000,
    "ebitda": 276000000,
    "ebitdaratio": 0.1895604396,
    "operatingIncome": 191000000,
    "operatingIncomeRatio": 0.1311813187,
    "totalOtherIncomeExpensesNet": 5000000,
    "incomeBeforeTax": 196000000,
    "incomeBeforeTaxRatio": 0.1346153846,
    "incomeTaxExpense": 23000000,
    "netIncome": 173000000,
    "netIncomeRatio": 0.1188186813,
    "eps": 0.48,
    "epsdiluted": 0.47,
    "weightedAverageShsOut": 363000000,
    "weightedAverageShsOutDil": 370000000,
    "link": "https://www.sec.gov/Archives/edgar/data/1090872/000110465908038257/0001104659-08-038257-index.htm",
    "finalLink": "https://www.sec.gov/Archives/edgar/data/1090872/000110465908038257/a08-15937_110q.htm"
  },
  {
    "date": "2008-01-31",
    "symbol": "A",
    "reportedCurrency": "USD",
    "cik": "0001090872",
    "fillingDate": "2008-03-07",
    "acceptedDate": "2008-03-07 17:20:20",
    "calendarYear": "2008",
    "period": "Q1",
    "revenue": 1393000000,
    "costOfRevenue": 637000000,
    "grossProfit": 756000000,
    "grossProfitRatio": 0.5427135678,
    "researchAndDevelopmentExpenses": 181000000,
    "generalAndAdministrativeExpenses": 441000000,
    "sellingAndMarketingExpenses": 0,
    "sellingGeneralAndAdministrativeExpenses": 441000000,
    "otherExpenses": 0,
    "operatingExpenses": 622000000,
    "costAndExpenses": 1259000000,
    "interestIncome": 39000000,
    "interestExpense": 30000000,
    "depreciationAndAmortization": 49000000,
    "ebitda": 264000000,
    "ebitdaratio": 0.1895190237,
    "operatingIncome": 134000000,
    "operatingIncomeRatio": 0.096195262,
    "totalOtherIncomeExpensesNet": 13000000,
    "incomeBeforeTax": 147000000,
    "incomeBeforeTaxRatio": 0.1055276382,
    "incomeTaxExpense": 27000000,
    "netIncome": 120000000,
    "netIncomeRatio": 0.0861450108,
    "eps": 0.32,
    "epsdiluted": 0.31,
    "weightedAverageShsOut": 371000000,
    "weightedAverageShsOutDil": 382000000,
    "link": "https://www.sec.gov/Archives/edgar/data/1090872/000110465908016238/0001104659-08-016238-index.htm",
    "finalLink": "https://www.sec.gov/Archives/edgar/data/1090872/000110465908016238/a08-7155_110q.htm"
  },
  {
    "date": "2007-10-31",
    "symbol": "A",
    "reportedCurrency": "USD",
    "cik": "0001090872",
    "fillingDate": "2007-12-21",
    "acceptedDate": "2007-12-21 17:22:11",
    "calendarYear": "2007",
    "period": "Q4",
    "revenue": 1446000000,
    "costOfRevenue": 656000000,
    "grossProfit": 790000000,
    "grossProfitRatio": 0.5463347165,
    "researchAndDevelopmentExpenses": 174000000,
    "generalAndAdministrativeExpenses": 426000000,
    "sellingAndMarketingExpenses": 0,
    "sellingGeneralAndAdministrativeExpenses": 426000000,
    "otherExpenses": 0,
    "operatingExpenses": 600000000,
    "costAndExpenses": 1256000000,
    "interestIncome": 172000000,
    "interestExpense": 91000000,
    "depreciationAndAmortization": 48000000,
    "ebitda": 238000000,
    "ebitdaratio": 0.1645919779,
    "operatingIncome": 190000000,
    "operatingIncomeRatio": 0.1313969571,
    "totalOtherIncomeExpensesNet": 11000000,
    "incomeBeforeTax": 201000000,
    "incomeBeforeTaxRatio": 0.1390041494,
    "incomeTaxExpense": 21000000,
    "netIncome": 180000000,
    "netIncomeRatio": 0.1244813278,
    "eps": 0.49,
    "epsdiluted": 0.47,
    "weightedAverageShsOut": 371000000,
    "weightedAverageShsOutDil": 382000000,
    "link": "https://www.sec.gov/Archives/edgar/data/1090872/000104746907010272/0001047469-07-010272-index.htm",
    "finalLink": "https://www.sec.gov/Archives/edgar/data/1090872/000104746907010272/a2181802z10-k.htm"
  },
  {
    "date": "2007-07-31",
    "symbol": "A",
    "reportedCurrency": "USD",
    "cik": "0001090872",
    "fillingDate": "2007-09-07",
    "acceptedDate": "2007-09-07 16:27:56",
    "calendarYear": "2007",
    "period": "Q3",
    "revenue": 1374000000,
    "costOfRevenue": 616000000,
    "grossProfit": 758000000,
    "grossProfitRatio": 0.5516739447,
    "researchAndDevelopmentExpenses": 170000000,
    "generalAndAdministrativeExpenses": 420000000,
    "sellingAndMarketingExpenses": 0,
    "sellingGeneralAndAdministrativeExpenses": 420000000,
    "otherExpenses": 0,
    "operatingExpenses": 590000000,
    "costAndExpenses": 1206000000,
    "interestIncome": 136000000,
    "interestExpense": 68000000,
    "depreciationAndAmortization": 50000000,
    "ebitda": 218000000,
    "ebitdaratio": 0.1586608443,
    "operatingIncome": 168000000,
    "operatingIncomeRatio": 0.1222707424,
    "totalOtherIncomeExpensesNet": 22000000,
    "incomeBeforeTax": 190000000,
    "incomeBeforeTaxRatio": 0.1382823872,
    "incomeTaxExpense": 5000000,
    "netIncome": 185000000,
    "netIncomeRatio": 0.134643377,
    "eps": 0.47,
    "epsdiluted": 0.45,
    "weightedAverageShsOut": 392000000,
    "weightedAverageShsOutDil": 407000000,
    "link": "https://www.sec.gov/Archives/edgar/data/1090872/000110465907067715/0001104659-07-067715-index.htm",
    "finalLink": "https://www.sec.gov/Archives/edgar/data/1090872/000110465907067715/a07-23347_110q.htm"
  },
  {
    "date": "2007-04-30",
    "symbol": "A",
    "reportedCurrency": "USD",
    "cik": "0001090872",
    "fillingDate": "2007-06-05",
    "acceptedDate": "2007-06-05 16:19:40",
    "calendarYear": "2007",
    "period": "Q2",
    "revenue": 1320000000,
    "costOfRevenue": 590000000,
    "grossProfit": 730000000,
    "grossProfitRatio": 0.553030303,
    "researchAndDevelopmentExpenses": 173000000,
    "generalAndAdministrativeExpenses": 426000000,
    "sellingAndMarketingExpenses": 0,
    "sellingGeneralAndAdministrativeExpenses": 426000000,
    "otherExpenses": 0,
    "operatingExpenses": 599000000,
    "costAndExpenses": 1189000000,
    "interestIncome": 94000000,
    "interestExpense": 45000000,
    "depreciationAndAmortization": 47000000,
    "ebitda": 178000000,
    "ebitdaratio": 0.1348484848,
    "operatingIncome": 131000000,
    "operatingIncomeRatio": 0.0992424242,
    "totalOtherIncomeExpensesNet": 25000000,
    "incomeBeforeTax": 156000000,
    "incomeBeforeTaxRatio": 0.1181818182,
    "incomeTaxExpense": 33000000,
    "netIncome": 123000000,
    "netIncomeRatio": 0.0931818182,
    "eps": 0.31,
    "epsdiluted": 0.3,
    "weightedAverageShsOut": 402000000,
    "weightedAverageShsOutDil": 413000000,
    "link": "https://www.sec.gov/Archives/edgar/data/1090872/000110465907045361/0001104659-07-045361-index.htm",
    "finalLink": "https://www.sec.gov/Archives/edgar/data/1090872/000110465907045361/a07-14039_110q.htm"
  },
  {
    "date": "2007-01-31",
    "symbol": "A",
    "reportedCurrency": "USD",
    "cik": "0001090872",
    "fillingDate": "2007-03-09",
    "acceptedDate": "2007-03-09 15:10:39",
    "calendarYear": "2007",
    "period": "Q1",
    "revenue": 1280000000,
    "costOfRevenue": 589000000,
    "grossProfit": 691000000,
    "grossProfitRatio": 0.53984375,
    "researchAndDevelopmentExpenses": 168000000,
    "generalAndAdministrativeExpenses": 428000000,
    "sellingAndMarketingExpenses": 0,
    "sellingGeneralAndAdministrativeExpenses": 428000000,
    "otherExpenses": 0,
    "operatingExpenses": 596000000,
    "costAndExpenses": 1185000000,
    "interestIncome": 50000000,
    "interestExpense": 23000000,
    "depreciationAndAmortization": 46000000,
    "ebitda": 141000000,
    "ebitdaratio": 0.11015625,
    "operatingIncome": 95000000,
    "operatingIncomeRatio": 0.07421875,
    "totalOtherIncomeExpensesNet": 28000000,
    "incomeBeforeTax": 123000000,
    "incomeBeforeTaxRatio": 0.09609375,
    "incomeTaxExpense": -27000000,
    "netIncome": 150000000,
    "netIncomeRatio": 0.1171875,
    "eps": 0.37,
    "epsdiluted": 0.36,
    "weightedAverageShsOut": 406000000,
    "weightedAverageShsOutDil": 418000000,
    "link": "https://www.sec.gov/Archives/edgar/data/1090872/000110465907017767/0001104659-07-017767-index.htm",
    "finalLink": "https://www.sec.gov/Archives/edgar/data/1090872/000110465907017767/a07-7562_110q.htm"
  },
  {
    "date": "2006-10-31",
    "symbol": "A",
    "reportedCurrency": "USD",
    "cik": "0001090872",
    "fillingDate": "2006-12-22",
    "acceptedDate": "2006-12-22 17:01:47",
    "calendarYear": "2006",
    "period": "Q4",
    "revenue": 753000000,
    "costOfRevenue": 297000000,
    "grossProfit": 456000000,
    "grossProfitRatio": 0.6055776892,
    "researchAndDevelopmentExpenses": 83000000,
    "generalAndAdministrativeExpenses": 273000000,
    "sellingAndMarketingExpenses": 0,
    "sellingGeneralAndAdministrativeExpenses": 273000000,
    "otherExpenses": 0,
    "operatingExpenses": 356000000,
    "costAndExpenses": 653000000,
    "interestIncome": 0,
    "interestExpense": 3000000,
    "depreciationAndAmortization": 36000000,
    "ebitda": 136000000,
    "ebitdaratio": 0.1806108898,
    "operatingIncome": 100000000,
    "operatingIncomeRatio": 0.1328021248,
    "totalOtherIncomeExpensesNet": 24000000,
    "incomeBeforeTax": 124000000,
    "incomeBeforeTaxRatio": 0.1646746348,
    "incomeTaxExpense": 30000000,
    "netIncome": 149000000,
    "netIncomeRatio": 0.197875166,
    "eps": 0.23,
    "epsdiluted": 0.22,
    "weightedAverageShsOut": 406000000,
    "weightedAverageShsOutDil": 418000000,
    "link": "https://www.sec.gov/Archives/edgar/data/1090872/000104746906015256/0001047469-06-015256-index.htm",
    "finalLink": "https://www.sec.gov/Archives/edgar/data/1090872/000104746906015256/a2175273z10-k.htm"
  },
  {
    "date": "2006-07-31",
    "symbol": "A",
    "reportedCurrency": "USD",
    "cik": "0001090872",
    "fillingDate": "2006-09-06",
    "acceptedDate": "2006-09-06 16:14:04",
    "calendarYear": "2006",
    "period": "Q3",
    "revenue": 1453000000,
    "costOfRevenue": 662000000,
    "grossProfit": 791000000,
    "grossProfitRatio": 0.5443909153,
    "researchAndDevelopmentExpenses": 186000000,
    "generalAndAdministrativeExpenses": 463000000,
    "sellingAndMarketingExpenses": 0,
    "sellingGeneralAndAdministrativeExpenses": 463000000,
    "otherExpenses": -65000000,
    "operatingExpenses": 584000000,
    "costAndExpenses": 1246000000,
    "interestIncome": 0,
    "interestExpense": 0,
    "depreciationAndAmortization": 49000000,
    "ebitda": 231000000,
    "ebitdaratio": 0.1589814178,
    "operatingIncome": 207000000,
    "operatingIncomeRatio": 0.1424638679,
    "totalOtherIncomeExpensesNet": 44000000,
    "incomeBeforeTax": 251000000,
    "incomeBeforeTaxRatio": 0.1727460427,
    "incomeTaxExpense": 11000000,
    "netIncome": 227000000,
    "netIncomeRatio": 0.1562284928,
    "eps": 0.55,
    "epsdiluted": 0.54,
    "weightedAverageShsOut": 412000000,
    "weightedAverageShsOutDil": 422000000,
    "link": "https://www.sec.gov/Archives/edgar/data/1090872/000110465906059651/0001104659-06-059651-index.htm",
    "finalLink": "https://www.sec.gov/Archives/edgar/data/1090872/000110465906059651/a06-18515_110q.htm"
  },
  {
    "date": "2006-04-30",
    "symbol": "A",
    "reportedCurrency": "USD",
    "cik": "0001090872",
    "fillingDate": "2006-06-06",
    "acceptedDate": "2006-06-05 21:19:56",
    "calendarYear": "2006",
    "period": "Q2",
    "revenue": 1431000000,
    "costOfRevenue": 699000000,
    "grossProfit": 732000000,
    "grossProfitRatio": 0.5115303983,
    "researchAndDevelopmentExpenses": 197000000,
    "generalAndAdministrativeExpenses": 479000000,
    "sellingAndMarketingExpenses": 0,
    "sellingGeneralAndAdministrativeExpenses": 479000000,
    "otherExpenses": -56000000,
    "operatingExpenses": 620000000,
    "costAndExpenses": 1319000000,
    "interestIncome": 0,
    "interestExpense": 0,
    "depreciationAndAmortization": 44000000,
    "ebitda": 86000000,
    "ebitdaratio": 0.0600978337,
    "operatingIncome": 112000000,
    "operatingIncomeRatio": 0.0782669462,
    "totalOtherIncomeExpensesNet": 47000000,
    "incomeBeforeTax": 159000000,
    "incomeBeforeTaxRatio": 0.1111111111,
    "incomeTaxExpense": 23000000,
    "netIncome": 115000000,
    "netIncomeRatio": 0.0803633823,
    "eps": 0.27,
    "epsdiluted": 0.26,
    "weightedAverageShsOut": 430000000,
    "weightedAverageShsOutDil": 442000000,
    "link": "https://www.sec.gov/Archives/edgar/data/1090872/000110465906039843/0001104659-06-039843-index.htm",
    "finalLink": "https://www.sec.gov/Archives/edgar/data/1090872/000110465906039843/a06-12978_110q.htm"
  },
  {
    "date": "2006-01-31",
    "symbol": "A",
    "reportedCurrency": "USD",
    "cik": "0001090872",
    "fillingDate": "2006-03-09",
    "acceptedDate": "2006-03-09 16:05:20",
    "calendarYear": "2006",
    "period": "Q1",
    "revenue": 1336000000,
    "costOfRevenue": 657000000,
    "grossProfit": 679000000,
    "grossProfitRatio": 0.5082335329,
    "researchAndDevelopmentExpenses": 189000000,
    "generalAndAdministrativeExpenses": 445000000,
    "sellingAndMarketingExpenses": 0,
    "sellingGeneralAndAdministrativeExpenses": 445000000,
    "otherExpenses": 0,
    "operatingExpenses": 634000000,
    "costAndExpenses": 1291000000,
    "interestIncome": 0,
    "interestExpense": 0,
    "depreciationAndAmortization": 41000000,
    "ebitda": 76000000,
    "ebitdaratio": 0.0568862275,
    "operatingIncome": 45000000,
    "operatingIncomeRatio": 0.0336826347,
    "totalOtherIncomeExpensesNet": 48000000,
    "incomeBeforeTax": 93000000,
    "incomeBeforeTaxRatio": 0.0696107784,
    "incomeTaxExpense": 27000000,
    "netIncome": 2816000000,
    "netIncomeRatio": 2.1077844311,
    "eps": 5.95,
    "epsdiluted": 5.83,
    "weightedAverageShsOut": 473000000,
    "weightedAverageShsOutDil": 483000000,
    "link": "https://www.sec.gov/Archives/edgar/data/1090872/000110465906015339/0001104659-06-015339-index.htm",
    "finalLink": "https://www.sec.gov/Archives/edgar/data/1090872/000110465906015339/a06-6411_110q.htm"
  },
  {
    "date": "2005-10-31",
    "symbol": "A",
    "reportedCurrency": "USD",
    "cik": "0001090872",
    "fillingDate": "2006-01-17",
    "acceptedDate": "2006-01-17 16:47:54",
    "calendarYear": "2005",
    "period": "Q4",
    "revenue": 105000000,
    "costOfRevenue": -111000000,
    "grossProfit": 216000000,
    "grossProfitRatio": 2.0571428571,
    "researchAndDevelopmentExpenses": 14000000,
    "generalAndAdministrativeExpenses": 287000000,
    "sellingAndMarketingExpenses": 0,
    "sellingGeneralAndAdministrativeExpenses": 287000000,
    "otherExpenses": 0,
    "operatingExpenses": 301000000,
    "costAndExpenses": 190000000,
    "interestIncome": 0,
    "interestExpense": 0,
    "depreciationAndAmortization": 39000000,
    "ebitda": 252000000,
    "ebitdaratio": 2.4,
    "operatingIncome": -727000000,
    "operatingIncomeRatio": -6.9238095238,
    "totalOtherIncomeExpensesNet": 608000000,
    "incomeBeforeTax": -119000000,
    "incomeBeforeTaxRatio": -1.1333333333,
    "incomeTaxExpense": 83000000,
    "netIncome": 25000000,
    "netIncomeRatio": 0.2380952381,
    "eps": 0.05,
    "epsdiluted": 0.05,
    "weightedAverageShsOut": 473000000,
    "weightedAverageShsOutDil": 483000000,
    "link": "https://www.sec.gov/Archives/edgar/data/1090872/000104746906000516/0001047469-06-000516-index.htm",
    "finalLink": "https://www.sec.gov/Archives/edgar/data/1090872/000104746906000516/a2166540z10-k.htm"
  },
  {
    "date": "2005-07-31",
    "symbol": "A",
    "reportedCurrency": "USD",
    "cik": "0001090872",
    "fillingDate": "2005-09-07",
    "acceptedDate": "2005-09-07 16:36:40",
    "calendarYear": "2005",
    "period": "Q3",
    "revenue": 1242000000,
    "costOfRevenue": 923000000,
    "grossProfit": 765000000,
    "grossProfitRatio": 0.615942029,
    "researchAndDevelopmentExpenses": 244000000,
    "generalAndAdministrativeExpenses": 432000000,
    "sellingAndMarketingExpenses": 0,
    "sellingGeneralAndAdministrativeExpenses": 432000000,
    "otherExpenses": 0,
    "operatingExpenses": 676000000,
    "costAndExpenses": 1207000000,
    "interestIncome": 0,
    "interestExpense": 0,
    "depreciationAndAmortization": 49000000,
    "ebitda": 84000000,
    "ebitdaratio": 0.0676328502,
    "operatingIncome": 89000000,
    "operatingIncomeRatio": 0.0716586151,
    "totalOtherIncomeExpensesNet": 0,
    "incomeBeforeTax": 60000000,
    "incomeBeforeTaxRatio": 0.0483091787,
    "incomeTaxExpense": 25000000,
    "netIncome": 104000000,
    "netIncomeRatio": 0.0837359098,
    "eps": 0.21,
    "epsdiluted": 0.21,
    "weightedAverageShsOut": 494000000,
    "weightedAverageShsOutDil": 499000000,
    "link": "https://www.sec.gov/Archives/edgar/data/1090872/000119312505181522/0001193125-05-181522-index.htm",
    "finalLink": "https://www.sec.gov/Archives/edgar/data/1090872/000119312505181522/d10q.htm"
  },
  {
    "date": "2005-04-30",
    "symbol": "A",
    "reportedCurrency": "USD",
    "cik": "0001090872",
    "fillingDate": "2005-06-06",
    "acceptedDate": "2005-06-06 15:35:40",
    "calendarYear": "2005",
    "period": "Q2",
    "revenue": 1688000000,
    "costOfRevenue": 898000000,
    "grossProfit": 790000000,
    "grossProfitRatio": 0.4680094787,
    "researchAndDevelopmentExpenses": 248000000,
    "generalAndAdministrativeExpenses": 460000000,
    "sellingAndMarketingExpenses": 0,
    "sellingGeneralAndAdministrativeExpenses": 460000000,
    "otherExpenses": 0,
    "operatingExpenses": 708000000,
    "costAndExpenses": 1606000000,
    "interestIncome": 0,
    "interestExpense": 0,
    "depreciationAndAmortization": 44000000,
    "ebitda": 86000000,
    "ebitdaratio": 0.0509478673,
    "operatingIncome": 82000000,
    "operatingIncomeRatio": 0.0485781991,
    "totalOtherIncomeExpensesNet": 0,
    "incomeBeforeTax": 57000000,
    "incomeBeforeTaxRatio": 0.0337677725,
    "incomeTaxExpense": 25000000,
    "netIncome": 95000000,
    "netIncomeRatio": 0.0562796209,
    "eps": 0.19,
    "epsdiluted": 0.19,
    "weightedAverageShsOut": 491000000,
    "weightedAverageShsOutDil": 496000000,
    "link": "https://www.sec.gov/Archives/edgar/data/1090872/000119312505120753/0001193125-05-120753-index.htm",
    "finalLink": "https://www.sec.gov/Archives/edgar/data/1090872/000119312505120753/d10q.htm"
  },
  {
    "date": "2005-01-31",
    "symbol": "A",
    "reportedCurrency": "USD",
    "cik": "0001090872",
    "fillingDate": "2005-03-10",
    "acceptedDate": "2005-03-10 17:12:35",
    "calendarYear": "2005",
    "period": "Q1",
    "revenue": 1658000000,
    "costOfRevenue": 907000000,
    "grossProfit": 751000000,
    "grossProfitRatio": 0.4529553679,
    "researchAndDevelopmentExpenses": 232000000,
    "generalAndAdministrativeExpenses": 424000000,
    "sellingAndMarketingExpenses": 0,
    "sellingGeneralAndAdministrativeExpenses": 424000000,
    "otherExpenses": 0,
    "operatingExpenses": 656000000,
    "costAndExpenses": 1563000000,
    "interestIncome": 0,
    "interestExpense": 0,
    "depreciationAndAmortization": 48000000,
    "ebitda": 86000000,
    "ebitdaratio": 0.0518697226,
    "operatingIncome": 38000000,
    "operatingIncomeRatio": 0.0229191797,
    "totalOtherIncomeExpensesNet": 0,
    "incomeBeforeTax": 58000000,
    "incomeBeforeTaxRatio": 0.0349819059,
    "incomeTaxExpense": 21000000,
    "netIncome": 103000000,
    "netIncomeRatio": 0.0621230398,
    "eps": 0.21,
    "epsdiluted": 0.21,
    "weightedAverageShsOut": 491000000,
    "weightedAverageShsOutDil": 496000000,
    "link": "https://www.sec.gov/Archives/edgar/data/1090872/000119312505046644/0001193125-05-046644-index.htm",
    "finalLink": "https://www.sec.gov/Archives/edgar/data/1090872/000119312505046644/d10q.htm"
  },
  {
    "date": "2004-10-31",
    "symbol": "A",
    "reportedCurrency": "USD",
    "cik": "0001090872",
    "fillingDate": "2004-12-21",
    "acceptedDate": "2004-12-21 06:14:39",
    "calendarYear": "2004",
    "period": "Q4",
    "revenue": 1822000000,
    "costOfRevenue": 1042000000,
    "grossProfit": 780000000,
    "grossProfitRatio": 0.4281009879,
    "researchAndDevelopmentExpenses": 232000000,
    "generalAndAdministrativeExpenses": 459000000,
    "sellingAndMarketingExpenses": 0,
    "sellingGeneralAndAdministrativeExpenses": 459000000,
    "otherExpenses": 0,
    "operatingExpenses": 691000000,
    "costAndExpenses": 1733000000,
    "interestIncome": 0,
    "interestExpense": 0,
    "depreciationAndAmortization": 66000000,
    "ebitda": 155000000,
    "ebitdaratio": 0.0850713502,
    "operatingIncome": 89000000,
    "operatingIncomeRatio": 0.0488474204,
    "totalOtherIncomeExpensesNet": 7000000,
    "incomeBeforeTax": 96000000,
    "incomeBeforeTaxRatio": 0.0526893524,
    "incomeTaxExpense": 22000000,
    "netIncome": 74000000,
    "netIncomeRatio": 0.0406147091,
    "eps": 0.15,
    "epsdiluted": 0.15,
    "weightedAverageShsOut": 491000000,
    "weightedAverageShsOutDil": 496000000,
    "link": "https://www.sec.gov/Archives/edgar/data/1090872/000119312504216917/0001193125-04-216917-index.htm",
    "finalLink": "https://www.sec.gov/Archives/edgar/data/1090872/000119312504216917/d10k.htm"
  },
  {
    "date": "2004-07-31",
    "symbol": "A",
    "reportedCurrency": "USD",
    "cik": "0001090872",
    "fillingDate": "2004-09-02",
    "acceptedDate": "2004-09-02 16:00:57",
    "calendarYear": "2004",
    "period": "Q3",
    "revenue": 1885000000,
    "costOfRevenue": 1089000000,
    "grossProfit": 796000000,
    "grossProfitRatio": 0.4222811671,
    "researchAndDevelopmentExpenses": 235000000,
    "generalAndAdministrativeExpenses": 454000000,
    "sellingAndMarketingExpenses": 0,
    "sellingGeneralAndAdministrativeExpenses": 454000000,
    "otherExpenses": 0,
    "operatingExpenses": 689000000,
    "costAndExpenses": 1778000000,
    "interestIncome": 0,
    "interestExpense": 0,
    "depreciationAndAmortization": 70000000,
    "ebitda": 177000000,
    "ebitdaratio": 0.0938992042,
    "operatingIncome": 107000000,
    "operatingIncomeRatio": 0.0567639257,
    "totalOtherIncomeExpensesNet": 26000000,
    "incomeBeforeTax": 133000000,
    "incomeBeforeTaxRatio": 0.0705570292,
    "incomeTaxExpense": 33000000,
    "netIncome": 100000000,
    "netIncomeRatio": 0.0530503979,
    "eps": 0.21,
    "epsdiluted": 0.2,
    "weightedAverageShsOut": 485000000,
    "weightedAverageShsOutDil": 491000000,
    "link": "https://www.sec.gov/Archives/edgar/data/1090872/000119312504151344/0001193125-04-151344-index.htm",
    "finalLink": "https://www.sec.gov/Archives/edgar/data/1090872/000119312504151344/d10q.htm"
  },
  {
    "date": "2004-04-30",
    "symbol": "A",
    "reportedCurrency": "USD",
    "cik": "0001090872",
    "fillingDate": "2004-06-03",
    "acceptedDate": "2004-06-03 17:26:00",
    "calendarYear": "2004",
    "period": "Q2",
    "revenue": 1831000000,
    "costOfRevenue": 1023000000,
    "grossProfit": 808000000,
    "grossProfitRatio": 0.4412889132,
    "researchAndDevelopmentExpenses": 237000000,
    "generalAndAdministrativeExpenses": 460000000,
    "sellingAndMarketingExpenses": 0,
    "sellingGeneralAndAdministrativeExpenses": 460000000,
    "otherExpenses": 0,
    "operatingExpenses": 697000000,
    "costAndExpenses": 1720000000,
    "interestIncome": 0,
    "interestExpense": 0,
    "depreciationAndAmortization": 75000000,
    "ebitda": 186000000,
    "ebitdaratio": 0.101583834,
    "operatingIncome": 111000000,
    "operatingIncomeRatio": 0.0606226106,
    "totalOtherIncomeExpensesNet": 17000000,
    "incomeBeforeTax": 128000000,
    "incomeBeforeTaxRatio": 0.0699071546,
    "incomeTaxExpense": 24000000,
    "netIncome": 104000000,
    "netIncomeRatio": 0.0567995631,
    "eps": 0.22,
    "epsdiluted": 0.21,
    "weightedAverageShsOut": 481000000,
    "weightedAverageShsOutDil": 495000000,
    "link": "https://www.sec.gov/Archives/edgar/data/1090872/000119312504098321/0001193125-04-098321-index.htm",
    "finalLink": "https://www.sec.gov/Archives/edgar/data/1090872/000119312504098321/d10q.htm"
  },
  {
    "date": "2004-01-31",
    "symbol": "A",
    "reportedCurrency": "USD",
    "cik": "0001090872",
    "fillingDate": "2004-03-04",
    "acceptedDate": "2004-03-04 17:24:21",
    "calendarYear": "2004",
    "period": "Q1",
    "revenue": 1643000000,
    "costOfRevenue": 904000000,
    "grossProfit": 739000000,
    "grossProfitRatio": 0.449786975,
    "researchAndDevelopmentExpenses": 229000000,
    "generalAndAdministrativeExpenses": 431000000,
    "sellingAndMarketingExpenses": 0,
    "sellingGeneralAndAdministrativeExpenses": 431000000,
    "otherExpenses": 0,
    "operatingExpenses": 660000000,
    "costAndExpenses": 1564000000,
    "interestIncome": 0,
    "interestExpense": 0,
    "depreciationAndAmortization": 81000000,
    "ebitda": 160000000,
    "ebitdaratio": 0.0973828363,
    "operatingIncome": 79000000,
    "operatingIncomeRatio": 0.0480827754,
    "totalOtherIncomeExpensesNet": 4000000,
    "incomeBeforeTax": 83000000,
    "incomeBeforeTaxRatio": 0.0505173463,
    "incomeTaxExpense": 12000000,
    "netIncome": 71000000,
    "netIncomeRatio": 0.0432136336,
    "eps": 0.15,
    "epsdiluted": 0.14,
    "weightedAverageShsOut": 480000000,
    "weightedAverageShsOutDil": 490000000,
    "link": "https://www.sec.gov/Archives/edgar/data/1090872/000119312504034725/0001193125-04-034725-index.htm",
    "finalLink": "https://www.sec.gov/Archives/edgar/data/1090872/000119312504034725/d10q.htm"
  },
  {
    "date": "2003-10-31",
    "symbol": "A",
    "reportedCurrency": "USD",
    "cik": "0001090872",
    "fillingDate": "2003-12-22",
    "acceptedDate": "2003-12-22 17:25:07",
    "calendarYear": "2003",
    "period": "Q4",
    "revenue": 1675000000,
    "costOfRevenue": 964000000,
    "grossProfit": 711000000,
    "grossProfitRatio": 0.4244776119,
    "researchAndDevelopmentExpenses": 221000000,
    "generalAndAdministrativeExpenses": 434000000,
    "sellingAndMarketingExpenses": 0,
    "sellingGeneralAndAdministrativeExpenses": 434000000,
    "otherExpenses": 0,
    "operatingExpenses": 655000000,
    "costAndExpenses": 1619000000,
    "interestIncome": 0,
    "interestExpense": 0,
    "depreciationAndAmortization": 89000000,
    "ebitda": 145000000,
    "ebitdaratio": 0.0865671642,
    "operatingIncome": 56000000,
    "operatingIncomeRatio": 0.0334328358,
    "totalOtherIncomeExpensesNet": 21000000,
    "incomeBeforeTax": 77000000,
    "incomeBeforeTaxRatio": 0.0459701493,
    "incomeTaxExpense": 64000000,
    "netIncome": 13000000,
    "netIncomeRatio": 0.007761194,
    "eps": 0.027,
    "epsdiluted": 0.027,
    "weightedAverageShsOut": 480000000,
    "weightedAverageShsOutDil": 490000000,
    "link": "https://www.sec.gov/Archives/edgar/data/1090872/000119312503098260/0001193125-03-098260-index.htm",
    "finalLink": "https://www.sec.gov/Archives/edgar/data/1090872/000119312503098260/d10k.htm"
  },
  {
    "date": "2003-07-31",
    "symbol": "A",
    "reportedCurrency": "USD",
    "cik": "0001090872",
    "fillingDate": "2003-09-09",
    "acceptedDate": "2003-09-09 17:27:26",
    "calendarYear": "2003",
    "period": "Q3",
    "revenue": 1502000000,
    "costOfRevenue": 954000000,
    "grossProfit": 548000000,
    "grossProfitRatio": 0.3648468708,
    "researchAndDevelopmentExpenses": 257000000,
    "generalAndAdministrativeExpenses": 481000000,
    "sellingAndMarketingExpenses": 0,
    "sellingGeneralAndAdministrativeExpenses": 481000000,
    "otherExpenses": 0,
    "operatingExpenses": 738000000,
    "costAndExpenses": 1692000000,
    "interestIncome": 0,
    "interestExpense": 13000000,
    "depreciationAndAmortization": 91000000,
    "ebitda": -99000000,
    "ebitdaratio": -0.0659121172,
    "operatingIncome": -190000000,
    "operatingIncomeRatio": -0.1264980027,
    "totalOtherIncomeExpensesNet": -1000000,
    "incomeBeforeTax": -191000000,
    "incomeBeforeTaxRatio": -0.1271637816,
    "incomeTaxExpense": 1354000000,
    "netIncome": -1556000000,
    "netIncomeRatio": -1.0359520639,
    "eps": -3.28,
    "epsdiluted": -3.28,
    "weightedAverageShsOut": 475000000,
    "weightedAverageShsOutDil": 475000000,
    "link": "https://www.sec.gov/Archives/edgar/data/1090872/000089161803004720/0000891618-03-004720-index.htm",
    "finalLink": "https://www.sec.gov/Archives/edgar/data/1090872/000089161803004720/f92948e10vq.htm"
  },
  {
    "date": "2003-04-30",
    "symbol": "A",
    "reportedCurrency": "USD",
    "cik": "0001090872",
    "fillingDate": "2003-06-04",
    "acceptedDate": "2003-06-04 17:22:20",
    "calendarYear": "2003",
    "period": "Q2",
    "revenue": 1467000000,
    "costOfRevenue": 961000000,
    "grossProfit": 506000000,
    "grossProfitRatio": 0.3449216087,
    "researchAndDevelopmentExpenses": 296000000,
    "generalAndAdministrativeExpenses": 545000000,
    "sellingAndMarketingExpenses": 0,
    "sellingGeneralAndAdministrativeExpenses": 545000000,
    "otherExpenses": 0,
    "operatingExpenses": 841000000,
    "costAndExpenses": 1802000000,
    "interestIncome": 0,
    "interestExpense": 0,
    "depreciationAndAmortization": 100000000,
    "ebitda": -235000000,
    "ebitdaratio": -0.1601908657,
    "operatingIncome": -335000000,
    "operatingIncomeRatio": -0.2283571915,
    "totalOtherIncomeExpensesNet": 11000000,
    "incomeBeforeTax": -324000000,
    "incomeBeforeTaxRatio": -0.2208588957,
    "incomeTaxExpense": -178000000,
    "netIncome": -146000000,
    "netIncomeRatio": -0.0995228357,
    "eps": -0.31,
    "epsdiluted": -0.31,
    "weightedAverageShsOut": 471000000,
    "weightedAverageShsOutDil": 471000000,
    "link": "https://www.sec.gov/Archives/edgar/data/1090872/000089161803002855/0000891618-03-002855-index.htm",
    "finalLink": "https://www.sec.gov/Archives/edgar/data/1090872/000089161803002855/f90665e10vq.htm"
  },
  {
    "date": "2003-01-31",
    "symbol": "A",
    "reportedCurrency": "USD",
    "cik": "0001090872",
    "fillingDate": "2003-03-12",
    "acceptedDate": "2003-03-12 17:27:16",
    "calendarYear": "2003",
    "period": "Q1",
    "revenue": 1412000000,
    "costOfRevenue": 883000000,
    "grossProfit": 529000000,
    "grossProfitRatio": 0.3746458924,
    "researchAndDevelopmentExpenses": 277000000,
    "generalAndAdministrativeExpenses": 508000000,
    "sellingAndMarketingExpenses": 0,
    "sellingGeneralAndAdministrativeExpenses": 508000000,
    "otherExpenses": 0,
    "operatingExpenses": 785000000,
    "costAndExpenses": 1668000000,
    "interestIncome": 0,
    "interestExpense": 249000000,
    "depreciationAndAmortization": 82000000,
    "ebitda": -174000000,
    "ebitdaratio": -0.1232294618,
    "operatingIncome": -256000000,
    "operatingIncomeRatio": -0.1813031161,
    "totalOtherIncomeExpensesNet": 4000000,
    "incomeBeforeTax": -252000000,
    "incomeBeforeTaxRatio": -0.178470255,
    "incomeTaxExpense": -140000000,
    "netIncome": -369000000,
    "netIncomeRatio": -0.2613314448,
    "eps": -0.78,
    "epsdiluted": -0.78,
    "weightedAverageShsOut": 471000000,
    "weightedAverageShsOutDil": 471000000,
    "link": "https://www.sec.gov/Archives/edgar/data/1090872/000089161803001217/0000891618-03-001217-index.htm",
    "finalLink": "https://www.sec.gov/Archives/edgar/data/1090872/000089161803001217/f88410e10vq.htm"
  },
  {
    "date": "2002-10-31",
    "symbol": "A",
    "reportedCurrency": "USD",
    "cik": "0001090872",
    "fillingDate": "2002-12-20",
    "acceptedDate": "2002-12-20 17:27:53",
    "calendarYear": "2002",
    "period": "Q4",
    "revenue": 1736000000,
    "costOfRevenue": 1116000000,
    "grossProfit": 620000000,
    "grossProfitRatio": 0.3571428571,
    "researchAndDevelopmentExpenses": 299000000,
    "generalAndAdministrativeExpenses": 708000000,
    "sellingAndMarketingExpenses": 0,
    "sellingGeneralAndAdministrativeExpenses": 708000000,
    "otherExpenses": 0,
    "operatingExpenses": 1007000000,
    "costAndExpenses": 2123000000,
    "interestIncome": 0,
    "interestExpense": 0,
    "depreciationAndAmortization": 187000000,
    "ebitda": -200000000,
    "ebitdaratio": -0.1152073733,
    "operatingIncome": -387000000,
    "operatingIncomeRatio": -0.2229262673,
    "totalOtherIncomeExpensesNet": 13000000,
    "incomeBeforeTax": -374000000,
    "incomeBeforeTaxRatio": -0.215437788,
    "incomeTaxExpense": -139000000,
    "netIncome": -236000000,
    "netIncomeRatio": -0.1359447005,
    "eps": -0.51,
    "epsdiluted": -0.5,
    "weightedAverageShsOut": 465000000,
    "weightedAverageShsOutDil": 471000000,
    "link": "https://www.sec.gov/Archives/edgar/data/1090872/000089161802005622/0000891618-02-005622-index.htm",
    "finalLink": "https://www.sec.gov/Archives/edgar/data/1090872/000089161802005622/f86150e10vk.htm"
  },
  {
    "date": "2002-07-31",
    "symbol": "A",
    "reportedCurrency": "USD",
    "cik": "0001090872",
    "fillingDate": "2002-09-13",
    "acceptedDate": "2002-09-13 16:11:59",
    "calendarYear": "2002",
    "period": "Q3",
    "revenue": 1391000000,
    "costOfRevenue": 846000000,
    "grossProfit": 545000000,
    "grossProfitRatio": 0.3918044572,
    "researchAndDevelopmentExpenses": 283000000,
    "generalAndAdministrativeExpenses": 691000000,
    "sellingAndMarketingExpenses": 0,
    "sellingGeneralAndAdministrativeExpenses": 691000000,
    "otherExpenses": 0,
    "operatingExpenses": 974000000,
    "costAndExpenses": 1820000000,
    "interestIncome": 0,
    "interestExpense": 0,
    "depreciationAndAmortization": 180000000,
    "ebitda": -249000000,
    "ebitdaratio": -0.179007908,
    "operatingIncome": -429000000,
    "operatingIncomeRatio": -0.308411215,
    "totalOtherIncomeExpensesNet": 6000000,
    "incomeBeforeTax": -423000000,
    "incomeBeforeTaxRatio": -0.3040977714,
    "incomeTaxExpense": -200000000,
    "netIncome": -228000000,
    "netIncomeRatio": -0.1639108555,
    "eps": -0.49,
    "epsdiluted": -0.49,
    "weightedAverageShsOut": 466000000,
    "weightedAverageShsOutDil": 466000000,
    "link": "https://www.sec.gov/Archives/edgar/data/1090872/000089161802004310/0000891618-02-004310-index.htm",
    "finalLink": "https://www.sec.gov/Archives/edgar/data/1090872/000089161802004310/f84286e10vq.htm"
  },
  {
    "date": "2002-04-30",
    "symbol": "A",
    "reportedCurrency": "USD",
    "cik": "0001090872",
    "fillingDate": "2002-06-05",
    "acceptedDate": "2002-06-05 17:25:34",
    "calendarYear": "2002",
    "period": "Q2",
    "revenue": 1457000000,
    "costOfRevenue": 854000000,
    "grossProfit": 603000000,
    "grossProfitRatio": 0.4138641043,
    "researchAndDevelopmentExpenses": 289000000,
    "generalAndAdministrativeExpenses": 663000000,
    "sellingAndMarketingExpenses": 0,
    "sellingGeneralAndAdministrativeExpenses": 663000000,
    "otherExpenses": 0,
    "operatingExpenses": 952000000,
    "costAndExpenses": 1806000000,
    "interestIncome": 0,
    "interestExpense": 0,
    "depreciationAndAmortization": 169000000,
    "ebitda": -180000000,
    "ebitdaratio": -0.1235415237,
    "operatingIncome": -349000000,
    "operatingIncomeRatio": -0.2395332876,
    "totalOtherIncomeExpensesNet": 22000000,
    "incomeBeforeTax": -327000000,
    "incomeBeforeTaxRatio": -0.224433768,
    "incomeTaxExpense": -80000000,
    "netIncome": -253000000,
    "netIncomeRatio": -0.1736444749,
    "eps": -0.55,
    "epsdiluted": -0.55,
    "weightedAverageShsOut": 464000000,
    "weightedAverageShsOutDil": 464000000,
    "link": "https://www.sec.gov/Archives/edgar/data/1090872/000089161802002705/0000891618-02-002705-index.htm",
    "finalLink": "https://www.sec.gov/Archives/edgar/data/1090872/000089161802002705/f82149e10vq.htm"
  },
  {
    "date": "2002-01-31",
    "symbol": "A",
    "reportedCurrency": "USD",
    "cik": "0001090872",
    "fillingDate": "2002-03-06",
    "acceptedDate": "2002-03-06 00:00:00",
    "calendarYear": "2002",
    "period": "Q1",
    "revenue": 1426000000,
    "costOfRevenue": 878000000,
    "grossProfit": 548000000,
    "grossProfitRatio": 0.3842917251,
    "researchAndDevelopmentExpenses": 298000000,
    "generalAndAdministrativeExpenses": 692000000,
    "sellingAndMarketingExpenses": 0,
    "sellingGeneralAndAdministrativeExpenses": 692000000,
    "otherExpenses": 0,
    "operatingExpenses": 990000000,
    "costAndExpenses": 1868000000,
    "interestIncome": 0,
    "interestExpense": 0,
    "depreciationAndAmortization": 199000000,
    "ebitda": -243000000,
    "ebitdaratio": -0.1704067321,
    "operatingIncome": -442000000,
    "operatingIncomeRatio": -0.3099579243,
    "totalOtherIncomeExpensesNet": 19000000,
    "incomeBeforeTax": -423000000,
    "incomeBeforeTaxRatio": -0.2966339411,
    "incomeTaxExpense": -106000000,
    "netIncome": -315000000,
    "netIncomeRatio": -0.2208976157,
    "eps": -0.68,
    "epsdiluted": -0.68,
    "weightedAverageShsOut": 463000000,
    "weightedAverageShsOutDil": 463000000,
    "link": "https://www.sec.gov/Archives/edgar/data/1090872/000089161802001048/0000891618-02-001048-index.htm",
    "finalLink": "https://www.sec.gov/Archives/edgar/data/1090872/000089161802001048/f79499e10-q.htm"
  },
  {
    "date": "2001-10-31",
    "symbol": "A",
    "reportedCurrency": "USD",
    "cik": "0001090872",
    "fillingDate": "2002-01-22",
    "acceptedDate": "2002-01-22 00:00:00",
    "calendarYear": "2001",
    "period": "Q4",
    "revenue": 1367000000,
    "costOfRevenue": 1165000000,
    "grossProfit": 202000000,
    "grossProfitRatio": 0.1477688369,
    "researchAndDevelopmentExpenses": 339000000,
    "generalAndAdministrativeExpenses": 642000000,
    "sellingAndMarketingExpenses": 0,
    "sellingGeneralAndAdministrativeExpenses": 642000000,
    "otherExpenses": -126000000,
    "operatingExpenses": 855000000,
    "costAndExpenses": 2020000000,
    "interestIncome": 0,
    "interestExpense": 0,
    "depreciationAndAmortization": 233000000,
    "ebitda": -425000000,
    "ebitdaratio": -0.3108997805,
    "operatingIncome": -653000000,
    "operatingIncomeRatio": -0.4776883687,
    "totalOtherIncomeExpensesNet": -13000000,
    "incomeBeforeTax": -666000000,
    "incomeBeforeTaxRatio": -0.4871982443,
    "incomeTaxExpense": -212000000,
    "netIncome": 137000000,
    "netIncomeRatio": 0.1002194587,
    "eps": 0.3,
    "epsdiluted": 0.31,
    "weightedAverageShsOut": 461000000,
    "weightedAverageShsOutDil": 463000000,
    "link": "https://www.sec.gov/Archives/edgar/data/1090872/000089161802000185/0000891618-02-000185-index.htm",
    "finalLink": "https://www.sec.gov/Archives/edgar/data/1090872/000089161802000185/f78349e10-k.htm"
  },
  {
    "date": "2001-07-31",
    "symbol": "A",
    "reportedCurrency": "USD",
    "cik": "0001090872",
    "fillingDate": "2001-09-14",
    "acceptedDate": "2001-09-14 00:00:00",
    "calendarYear": "2001",
    "period": "Q3",
    "revenue": 1806000000,
    "costOfRevenue": 1146000000,
    "grossProfit": 660000000,
    "grossProfitRatio": 0.365448505,
    "researchAndDevelopmentExpenses": 319000000,
    "generalAndAdministrativeExpenses": 683000000,
    "sellingAndMarketingExpenses": 0,
    "sellingGeneralAndAdministrativeExpenses": 683000000,
    "otherExpenses": 0,
    "operatingExpenses": 1002000000,
    "costAndExpenses": 2148000000,
    "interestIncome": 0,
    "interestExpense": 0,
    "depreciationAndAmortization": 211000000,
    "ebitda": -120000000,
    "ebitdaratio": -0.0664451827,
    "operatingIncome": -342000000,
    "operatingIncomeRatio": -0.1893687708,
    "totalOtherIncomeExpensesNet": 32000000,
    "incomeBeforeTax": -310000000,
    "incomeBeforeTaxRatio": -0.1716500554,
    "incomeTaxExpense": -76000000,
    "netIncome": -225000000,
    "netIncomeRatio": -0.1245847176,
    "eps": -0.48,
    "epsdiluted": -0.48,
    "weightedAverageShsOut": 459000000,
    "weightedAverageShsOutDil": 459000000,
    "link": "https://www.sec.gov/Archives/edgar/data/1090872/000109581101504929/0001095811-01-504929-index.htm",
    "finalLink": "https://www.sec.gov/Archives/edgar/data/1090872/000109581101504929/f75782e10-q.htm"
  },
  {
    "date": "2001-04-30",
    "symbol": "A",
    "reportedCurrency": "USD",
    "cik": "0001090872",
    "fillingDate": "2001-06-14",
    "acceptedDate": "2001-06-14 00:00:00",
    "calendarYear": "2001",
    "period": "Q2",
    "revenue": 2382000000,
    "costOfRevenue": 1406000000,
    "grossProfit": 976000000,
    "grossProfitRatio": 0.4097397145,
    "researchAndDevelopmentExpenses": 349000000,
    "generalAndAdministrativeExpenses": 689000000,
    "sellingAndMarketingExpenses": 0,
    "sellingGeneralAndAdministrativeExpenses": 689000000,
    "otherExpenses": 0,
    "operatingExpenses": 1038000000,
    "costAndExpenses": 2444000000,
    "interestIncome": 0,
    "interestExpense": 0,
    "depreciationAndAmortization": 166000000,
    "ebitda": 117000000,
    "ebitdaratio": 0.0491183879,
    "operatingIncome": -73000000,
    "operatingIncomeRatio": -0.0306465155,
    "totalOtherIncomeExpensesNet": 260000000,
    "incomeBeforeTax": 187000000,
    "incomeBeforeTaxRatio": 0.0785054576,
    "incomeTaxExpense": 98000000,
    "netIncome": 102000000,
    "netIncomeRatio": 0.0428211587,
    "eps": 0.22,
    "epsdiluted": 0.22,
    "weightedAverageShsOut": 456000000,
    "weightedAverageShsOutDil": 461000000,
    "link": "https://www.sec.gov/Archives/edgar/data/1090872/000089161801501182/0000891618-01-501182-index.htm",
    "finalLink": "https://www.sec.gov/Archives/edgar/data/1090872/000089161801501182/f73158e10-q.txt"
  },
  {
    "date": "2001-01-31",
    "symbol": "A",
    "reportedCurrency": "USD",
    "cik": "0001090872",
    "fillingDate": "2001-03-19",
    "acceptedDate": "2001-03-19 00:00:00",
    "calendarYear": "2001",
    "period": "Q1",
    "revenue": 2841000000,
    "costOfRevenue": 1449000000,
    "grossProfit": 1392000000,
    "grossProfitRatio": 0.489968321,
    "researchAndDevelopmentExpenses": 372000000,
    "generalAndAdministrativeExpenses": 741000000,
    "sellingAndMarketingExpenses": 0,
    "sellingGeneralAndAdministrativeExpenses": 741000000,
    "otherExpenses": 0,
    "operatingExpenses": 1113000000,
    "costAndExpenses": 2562000000,
    "interestIncome": 0,
    "interestExpense": 0,
    "depreciationAndAmortization": 139000000,
    "ebitda": 418000000,
    "ebitdaratio": 0.1471312918,
    "operatingIncome": 279000000,
    "operatingIncomeRatio": 0.0982048574,
    "totalOtherIncomeExpensesNet": 19000000,
    "incomeBeforeTax": 298000000,
    "incomeBeforeTaxRatio": 0.1048926434,
    "incomeTaxExpense": 119000000,
    "netIncome": 154000000,
    "netIncomeRatio": 0.0542062654,
    "eps": 0.34,
    "epsdiluted": 0.33,
    "weightedAverageShsOut": 455000000,
    "weightedAverageShsOutDil": 466000000,
    "link": "https://www.sec.gov/Archives/edgar/data/1090872/000109581101001637/0001095811-01-001637-index.htm",
    "finalLink": "https://www.sec.gov/Archives/edgar/data/1090872/000109581101001637/f70442e10-q.txt"
  },
  {
    "date": "2000-10-31",
    "symbol": "A",
    "reportedCurrency": "USD",
    "cik": "0001090872",
    "fillingDate": "2001-01-17",
    "acceptedDate": "2001-01-17 00:00:00",
    "calendarYear": "2000",
    "period": "Q4",
    "revenue": 3372000000,
    "costOfRevenue": 1732000000,
    "grossProfit": 1640000000,
    "grossProfitRatio": 0.4863582444,
    "researchAndDevelopmentExpenses": 354000000,
    "generalAndAdministrativeExpenses": 828000000,
    "sellingAndMarketingExpenses": 0,
    "sellingGeneralAndAdministrativeExpenses": 828000000,
    "otherExpenses": 0,
    "operatingExpenses": 1182000000,
    "costAndExpenses": 2914000000,
    "interestIncome": 0,
    "interestExpense": 0,
    "depreciationAndAmortization": 150000000,
    "ebitda": 608000000,
    "ebitdaratio": 0.1803084223,
    "operatingIncome": 458000000,
    "operatingIncomeRatio": 0.1358244365,
    "totalOtherIncomeExpensesNet": 10000000,
    "incomeBeforeTax": 468000000,
    "incomeBeforeTaxRatio": 0.1387900356,
    "incomeTaxExpense": 163000000,
    "netIncome": 305000000,
    "netIncomeRatio": 0.0904507711,
    "eps": 0.67,
    "epsdiluted": 0.65,
    "weightedAverageShsOut": 455000000,
    "weightedAverageShsOutDil": 466000000,
    "link": "https://www.sec.gov/Archives/edgar/data/1090872/000109581101000226/0001095811-01-000226-index.htm",
    "finalLink": "https://www.sec.gov/Archives/edgar/data/1090872/000109581101000226/f67706e10-k.txt"
  },
  {
    "date": "2000-07-31",
    "symbol": "A",
    "reportedCurrency": "USD",
    "cik": "0001090872",
    "fillingDate": "2000-09-01",
    "acceptedDate": "2000-09-01 00:00:00",
    "calendarYear": "2000",
    "period": "Q3",
    "revenue": 2670000000,
    "costOfRevenue": 1369000000,
    "grossProfit": 1301000000,
    "grossProfitRatio": 0.4872659176,
    "researchAndDevelopmentExpenses": 318000000,
    "generalAndAdministrativeExpenses": 773000000,
    "sellingAndMarketingExpenses": 0,
    "sellingGeneralAndAdministrativeExpenses": 773000000,
    "otherExpenses": 0,
    "operatingExpenses": 1091000000,
    "costAndExpenses": 2460000000,
    "interestIncome": 0,
    "interestExpense": 0,
    "depreciationAndAmortization": 136000000,
    "ebitda": 325000000,
    "ebitdaratio": 0.1217228464,
    "operatingIncome": 81000000,
    "operatingIncomeRatio": 0.0303370787,
    "totalOtherIncomeExpensesNet": 11000000,
    "incomeBeforeTax": 92000000,
    "incomeBeforeTaxRatio": 0.0344569288,
    "incomeTaxExpense": 73000000,
    "netIncome": 155000000,
    "netIncomeRatio": 0.0580524345,
    "eps": 0.34,
    "epsdiluted": 0.34,
    "weightedAverageShsOut": 453000000,
    "weightedAverageShsOutDil": 461000000,
    "link": "https://www.sec.gov/Archives/edgar/data/1090872/000091205700040000/0000912057-00-040000-index.htm",
    "finalLink": "https://www.sec.gov/Archives/edgar/data/1090872/000091205700040000/a10-q.txt"
  },
  {
    "date": "2000-04-30",
    "symbol": "A",
    "reportedCurrency": "USD",
    "cik": "0001090872",
    "fillingDate": "2000-06-12",
    "acceptedDate": "2000-06-12 00:00:00",
    "calendarYear": "2000",
    "period": "Q2",
    "revenue": 2485000000,
    "costOfRevenue": 1261000000,
    "grossProfit": 1224000000,
    "grossProfitRatio": 0.492555332,
    "researchAndDevelopmentExpenses": 296000000,
    "generalAndAdministrativeExpenses": 714000000,
    "sellingAndMarketingExpenses": 0,
    "sellingGeneralAndAdministrativeExpenses": 714000000,
    "otherExpenses": 0,
    "operatingExpenses": 1010000000,
    "costAndExpenses": 2271000000,
    "interestIncome": 0,
    "interestExpense": 0,
    "depreciationAndAmortization": 89000000,
    "ebitda": 273000000,
    "ebitdaratio": 0.1098591549,
    "operatingIncome": 85000000,
    "operatingIncomeRatio": 0.0342052314,
    "totalOtherIncomeExpensesNet": 25000000,
    "incomeBeforeTax": 110000000,
    "incomeBeforeTaxRatio": 0.0442655936,
    "incomeTaxExpense": 72000000,
    "netIncome": 166000000,
    "netIncomeRatio": 0.0668008048,
    "eps": 0.37,
    "epsdiluted": 0.37,
    "weightedAverageShsOut": 452000000,
    "weightedAverageShsOutDil": 457000000,
    "link": "https://www.sec.gov/Archives/edgar/data/1090872/000091205700028206/0000912057-00-028206-index.htm",
    "finalLink": "https://www.sec.gov/Archives/edgar/data/1090872/000091205700028206/a10-q.txt"
  },
  {
    "date": "2000-01-31",
    "symbol": "A",
    "reportedCurrency": "USD",
    "cik": "0001090872",
    "fillingDate": "2000-03-15",
    "acceptedDate": "2000-03-15 00:00:00",
    "calendarYear": "2000",
    "period": "Q1",
    "revenue": 2246000000,
    "costOfRevenue": 1160000000,
    "grossProfit": 1086000000,
    "grossProfitRatio": 0.4835262689,
    "researchAndDevelopmentExpenses": 290000000,
    "generalAndAdministrativeExpenses": 625000000,
    "sellingAndMarketingExpenses": 0,
    "sellingGeneralAndAdministrativeExpenses": 625000000,
    "otherExpenses": 0,
    "operatingExpenses": 915000000,
    "costAndExpenses": 2075000000,
    "interestIncome": 0,
    "interestExpense": 0,
    "depreciationAndAmortization": 96000000,
    "ebitda": 267000000,
    "ebitdaratio": 0.1188780053,
    "operatingIncome": 171000000,
    "operatingIncomeRatio": 0.0761353517,
    "totalOtherIncomeExpensesNet": 31000000,
    "incomeBeforeTax": 202000000,
    "incomeBeforeTaxRatio": 0.089937667,
    "incomeTaxExpense": 71000000,
    "netIncome": 131000000,
    "netIncomeRatio": 0.0583259127,
    "eps": 0.3,
    "epsdiluted": 0.3,
    "weightedAverageShsOut": 439000000,
    "weightedAverageShsOutDil": 440000000,
    "link": "https://www.sec.gov/Archives/edgar/data/1090872/000091205700011701/0000912057-00-011701-index.htm",
    "finalLink": "https://www.sec.gov/Archives/edgar/data/1090872/000091205700011701/0000912057-00-011701.txt"
  },
  {
    "date": "1999-10-31",
    "symbol": "A",
    "reportedCurrency": "USD",
    "cik": "0001090872",
    "fillingDate": "2000-01-25",
    "acceptedDate": "2000-01-25 00:00:00",
    "calendarYear": "1999",
    "period": "Q4",
    "revenue": 2448000000,
    "costOfRevenue": 0,
    "grossProfit": 2448000000,
    "grossProfitRatio": 1,
    "researchAndDevelopmentExpenses": 0,
    "generalAndAdministrativeExpenses": 0,
    "sellingAndMarketingExpenses": 0,
    "sellingGeneralAndAdministrativeExpenses": 0,
    "otherExpenses": 2448000000,
    "operatingExpenses": 2448000000,
    "costAndExpenses": 2448000000,
    "interestIncome": 0,
    "interestExpense": 0,
    "depreciationAndAmortization": 0,
    "ebitda": -5142000000,
    "ebitdaratio": -2.1004901961,
    "operatingIncome": -5142000000,
    "operatingIncomeRatio": -2.1004901961,
    "totalOtherIncomeExpensesNet": 0,
    "incomeBeforeTax": 0,
    "incomeBeforeTaxRatio": 0,
    "incomeTaxExpense": 0,
    "netIncome": 146000000,
    "netIncomeRatio": 0.0596405229,
    "eps": 0.33,
    "epsdiluted": 0.33,
    "weightedAverageShsOut": 439000000,
    "weightedAverageShsOutDil": 440000000,
    "link": "https://www.sec.gov/Archives/edgar/data/1090872/000091205700002160/0000912057-00-002160-index.html",
    "finalLink": "https://www.sec.gov/Archives/edgar/data/1090872/000091205700002160/0000912057-00-002160.txt"
  },
  {
    "date": "1999-07-31",
    "symbol": "A",
    "reportedCurrency": "USD",
    "cik": "0001090872",
    "fillingDate": "1999-07-31",
    "acceptedDate": "1999-07-31 00:00:00",
    "calendarYear": "1999",
    "period": "Q3",
    "revenue": 2087000000,
    "costOfRevenue": 0,
    "grossProfit": 2087000000,
    "grossProfitRatio": 1,
    "researchAndDevelopmentExpenses": 0,
    "generalAndAdministrativeExpenses": 0,
    "sellingAndMarketingExpenses": 0,
    "sellingGeneralAndAdministrativeExpenses": 0,
    "otherExpenses": 0,
    "operatingExpenses": 0,
    "costAndExpenses": 0,
    "interestIncome": 0,
    "interestExpense": 0,
    "depreciationAndAmortization": 0,
    "ebitda": 2087000000,
    "ebitdaratio": 1,
    "operatingIncome": 2087000000,
    "operatingIncomeRatio": 1,
    "totalOtherIncomeExpensesNet": 0,
    "incomeBeforeTax": 0,
    "incomeBeforeTaxRatio": 0,
    "incomeTaxExpense": 0,
    "netIncome": 135000000,
    "netIncomeRatio": 0.0646861524,
    "eps": 0.3,
    "epsdiluted": 0.3,
    "weightedAverageShsOut": 450000000,
    "weightedAverageShsOutDil": 450000000,
    "link": null,
    "finalLink": null
  },
  {
    "date": "1999-04-30",
    "symbol": "A",
    "reportedCurrency": "USD",
    "cik": "0001090872",
    "fillingDate": "1999-04-30",
    "acceptedDate": "1999-04-30 00:00:00",
    "calendarYear": "1999",
    "period": "Q2",
    "revenue": 2010000000,
    "costOfRevenue": 0,
    "grossProfit": 2010000000,
    "grossProfitRatio": 1,
    "researchAndDevelopmentExpenses": 0,
    "generalAndAdministrativeExpenses": 0,
    "sellingAndMarketingExpenses": 0,
    "sellingGeneralAndAdministrativeExpenses": 0,
    "otherExpenses": 0,
    "operatingExpenses": 0,
    "costAndExpenses": 0,
    "interestIncome": 0,
    "interestExpense": 0,
    "depreciationAndAmortization": 0,
    "ebitda": 2010000000,
    "ebitdaratio": 1,
    "operatingIncome": 2010000000,
    "operatingIncomeRatio": 1,
    "totalOtherIncomeExpensesNet": 0,
    "incomeBeforeTax": 0,
    "incomeBeforeTaxRatio": 0,
    "incomeTaxExpense": 0,
    "netIncome": 157000000,
    "netIncomeRatio": 0.0781094527,
    "eps": 0.35,
    "epsdiluted": 0.34,
    "weightedAverageShsOut": 448571429,
    "weightedAverageShsOutDil": 461764706,
    "link": null,
    "finalLink": null
  },
  {
    "date": "1999-01-31",
    "symbol": "A",
    "reportedCurrency": "USD",
    "cik": "0001090872",
    "fillingDate": "1999-01-31",
    "acceptedDate": "1999-01-31 00:00:00",
    "calendarYear": "1999",
    "period": "Q1",
    "revenue": 1786000000,
    "costOfRevenue": 0,
    "grossProfit": 1786000000,
    "grossProfitRatio": 1,
    "researchAndDevelopmentExpenses": 0,
    "generalAndAdministrativeExpenses": 0,
    "sellingAndMarketingExpenses": 0,
    "sellingGeneralAndAdministrativeExpenses": 0,
    "otherExpenses": 0,
    "operatingExpenses": 0,
    "costAndExpenses": 0,
    "interestIncome": 0,
    "interestExpense": 0,
    "depreciationAndAmortization": 0,
    "ebitda": 1786000000,
    "ebitdaratio": 1,
    "operatingIncome": 1786000000,
    "operatingIncomeRatio": 1,
    "totalOtherIncomeExpensesNet": 0,
    "incomeBeforeTax": 0,
    "incomeBeforeTaxRatio": 0,
    "incomeTaxExpense": 0,
    "netIncome": 74000000,
    "netIncomeRatio": 0.0414333707,
    "eps": 0.17,
    "epsdiluted": 0.16,
    "weightedAverageShsOut": 435294118,
    "weightedAverageShsOutDil": 462500000,
    "link": null,
    "finalLink": null
  }
]