[
  {
    "date": "2024-10-31",
    "symbol": "A",
    "reportedCurrency": "USD",
    "cik": "0001090872",
    "fillingDate": "2024-12-20",
    "acceptedDate": "2024-12-19 18:51:56",
    "calendarYear": "2024",
    "period": "FY",
    "revenue": 6510000000,
    "costOfRevenue": 2975000000,
    "grossProfit": 3535000000,
    "grossProfitRatio": 0.5430107527,
    "researchAndDevelopmentExpenses": 479000000,
    "generalAndAdministrativeExpenses": 1469000000,
    "sellingAndMarketingExpenses": 49000000,
    "sellingGeneralAndAdministrativeExpenses": 1518000000,
    "otherExpenses": 50000000,
    "operatingExpenses": 2047000000,
    "costAndExpenses": 5022000000,
    "interestIncome": 80000000,
    "interestExpense": 96000000,
    "depreciationAndAmortization": 257000000,
    "ebitda": 1874000000,
    "ebitdaratio": 0.2878648233,
    "operatingIncome": 1488000000,
    "operatingIncomeRatio": 0.2285714286,
    "totalOtherIncomeExpensesNet": 33000000,
    "incomeBeforeTax": 1521000000,
    "incomeBeforeTaxRatio": 0.233640553,
    "incomeTaxExpense": 232000000,
    "netIncome": 1289000000,
    "netIncomeRatio": 0.1980030722,
    "eps": 4.44,
    "epsdiluted": 4.43,
    "weightedAverageShsOut": 290000000,
    "weightedAverageShsOutDil": 291000000,
    "link": "https://www.sec.gov/Archives/edgar/data/1090872/000109087224000049/0001090872-24-000049-index.htm",
    "finalLink": "https://www.sec.gov/Archives/edgar/data/1090872/000109087224000049/a-20241031.htm"
  },
  {
    "date": "2023-10-31",
    "symbol": "A",
    "reportedCurrency": "USD",
    "cik": "0001090872",
    "fillingDate": "2023-12-20",
    "acceptedDate": "2023-12-19 18:52:16",
    "calendarYear": "2023",
    "period": "FY",
    "revenue": 6833000000,
    "costOfRevenue": 3368000000,
    "grossProfit": 3465000000,
    "grossProfitRatio": 0.5070979072,
    "researchAndDevelopmentExpenses": 481000000,
    "generalAndAdministrativeExpenses": 0,
    "sellingAndMarketingExpenses": 0,
    "sellingGeneralAndAdministrativeExpenses": 1634000000,
    "otherExpenses": 0,
    "operatingExpenses": 2115000000,
    "costAndExpenses": 5483000000,
    "interestIncome": 51000000,
    "interestExpense": 95000000,
    "depreciationAndAmortization": 271000000,
    "ebitda": 1703000000,
    "ebitdaratio": 0.2492316698,
    "operatingIncome": 1350000000,
    "operatingIncomeRatio": 0.1975706132,
    "totalOtherIncomeExpensesNet": -11000000,
    "incomeBeforeTax": 1339000000,
    "incomeBeforeTaxRatio": 0.1959607786,
    "incomeTaxExpense": 99000000,
    "netIncome": 1240000000,
    "netIncomeRatio": 0.1814722669,
    "eps": 4.22,
    "epsdiluted": 4.19,
    "weightedAverageShsOut": 294000000,
    "weightedAverageShsOutDil": 296000000,
    "link": "https://www.sec.gov/Archives/edgar/data/1090872/000109087223000020/0001090872-23-000020-index.htm",
    "finalLink": "https://www.sec.gov/Archives/edgar/data/1090872/000109087223000020/a-20231031.htm"
  },
  {
    "date": "2022-10-31",
    "symbol": "A",
    "reportedCurrency": "USD",
    "cik": "0001090872",
    "fillingDate": "2022-12-21",
    "acceptedDate": "2022-12-20 18:42:30",
    "calendarYear": "2022",
    "period": "FY",
    "revenue": 6848000000,
    "costOfRevenue": 3126000000,
    "grossProfit": 3722000000,
    "grossProfitRatio": 0.5435163551,
    "researchAndDevelopmentExpenses": 467000000,
    "generalAndAdministrativeExpenses": 0,
    "sellingAndMarketingExpenses": 0,
    "sellingGeneralAndAdministrativeExpenses": 1637000000,
    "otherExpenses": 0,
    "operatingExpenses": 2104000000,
    "costAndExpenses": 5230000000,
    "interestIncome": 9000000,
    "interestExpense": 84000000,
    "depreciationAndAmortization": 317000000,
    "ebitda": 1905000000,
    "ebitdaratio": 0.2781834112,
    "operatingIncome": 1618000000,
    "operatingIncomeRatio": 0.2362733645,
    "totalOtherIncomeExpensesNet": -114000000,
    "incomeBeforeTax": 1504000000,
    "incomeBeforeTaxRatio": 0.2196261682,
    "incomeTaxExpense": 250000000,
    "netIncome": 1254000000,
    "netIncomeRatio": 0.1831191589,
    "eps": 4.19,
    "epsdiluted": 4.18,
    "weightedAverageShsOut": 299000000,
    "weightedAverageShsOutDil": 300000000,
    "link": "https://www.sec.gov/Archives/edgar/data/1090872/000109087222000026/0001090872-22-000026-index.htm",
    "finalLink": "https://www.sec.gov/Archives/edgar/data/1090872/000109087222000026/a-20221031.htm"
  },
  {
    "date": "2021-10-31",
    "symbol": "A",
    "reportedCurrency": "USD",
    "cik": "0001090872",
    "fillingDate": "2021-12-17",
    "acceptedDate": "2021-12-17 17:01:49",
    "calendarYear": "2021",
    "period": "FY",
    "revenue": 6319000000,
    "costOfRevenue": 2912000000,
    "grossProfit": 3407000000,
    "grossProfitRatio": 0.5391675898,
    "researchAndDevelopmentExpenses": 441000000,
    "generalAndAdministrativeExpenses": 0,
    "sellingAndMarketingExpenses": 0,
    "sellingGeneralAndAdministrativeExpenses": 1619000000,
    "otherExpenses": 0,
    "operatingExpenses": 2060000000,
    "costAndExpenses": 4972000000,
    "interestIncome": 2000000,
    "interestExpense": 81000000,
    "depreciationAndAmortization": 321000000,
    "ebitda": 1762000000,
    "ebitdaratio": 0.2788415889,
    "operatingIncome": 1347000000,
    "operatingIncomeRatio": 0.2131666403,
    "totalOtherIncomeExpensesNet": 13000000,
    "incomeBeforeTax": 1360000000,
    "incomeBeforeTaxRatio": 0.2152239278,
    "incomeTaxExpense": 150000000,
    "netIncome": 1210000000,
    "netIncomeRatio": 0.1914859946,
    "eps": 3.98,
    "epsdiluted": 3.94,
    "weightedAverageShsOut": 304000000,
    "weightedAverageShsOutDil": 307000000,
    "link": "https://www.sec.gov/Archives/edgar/data/1090872/000109087221000027/0001090872-21-000027-index.htm",
    "finalLink": "https://www.sec.gov/Archives/edgar/data/1090872/000109087221000027/a-20211031.htm"
  },
  {
    "date": "2020-10-31",
    "symbol": "A",
    "reportedCurrency": "USD",
    "cik": "0001090872",
    "fillingDate": "2020-12-18",
    "acceptedDate": "2020-12-17 19:56:21",
    "calendarYear": "2020",
    "period": "FY",
    "revenue": 5339000000,
    "costOfRevenue": 2502000000,
    "grossProfit": 2837000000,
    "grossProfitRatio": 0.5313729163,
    "researchAndDevelopmentExpenses": 495000000,
    "generalAndAdministrativeExpenses": 0,
    "sellingAndMarketingExpenses": 0,
    "sellingGeneralAndAdministrativeExpenses": 1496000000,
    "otherExpenses": 0,
    "operatingExpenses": 1991000000,
    "costAndExpenses": 4493000000,
    "interestIncome": 8000000,
    "interestExpense": 78000000,
    "depreciationAndAmortization": 308000000,
    "ebitda": 1228000000,
    "ebitdaratio": 0.230005619,
    "operatingIncome": 846000000,
    "operatingIncomeRatio": 0.1584566398,
    "totalOtherIncomeExpensesNet": -4000000,
    "incomeBeforeTax": 842000000,
    "incomeBeforeTaxRatio": 0.1577074358,
    "incomeTaxExpense": 123000000,
    "netIncome": 719000000,
    "netIncomeRatio": 0.1346694137,
    "eps": 2.33,
    "epsdiluted": 2.3,
    "weightedAverageShsOut": 309000000,
    "weightedAverageShsOutDil": 312000000,
    "link": "https://www.sec.gov/Archives/edgar/data/1090872/000109087220000020/0001090872-20-000020-index.htm",
    "finalLink": "https://www.sec.gov/Archives/edgar/data/1090872/000109087220000020/a-20201031.htm"
  },
  {
    "date": "2019-10-31",
    "symbol": "A",
    "reportedCurrency": "USD",
    "cik": "0001090872",
    "fillingDate": "2019-12-19",
    "acceptedDate": "2019-12-19 17:11:01",
    "calendarYear": "2019",
    "period": "FY",
    "revenue": 5163000000,
    "costOfRevenue": 2358000000,
    "grossProfit": 2805000000,
    "grossProfitRatio": 0.5432887856,
    "researchAndDevelopmentExpenses": 404000000,
    "generalAndAdministrativeExpenses": 0,
    "sellingAndMarketingExpenses": 0,
    "sellingGeneralAndAdministrativeExpenses": 1460000000,
    "otherExpenses": 0,
    "operatingExpenses": 1864000000,
    "costAndExpenses": 4222000000,
    "interestIncome": 36000000,
    "interestExpense": 74000000,
    "depreciationAndAmortization": 238000000,
    "ebitda": 1231000000,
    "ebitdaratio": 0.238427271,
    "operatingIncome": 941000000,
    "operatingIncomeRatio": 0.1822583769,
    "totalOtherIncomeExpensesNet": -22000000,
    "incomeBeforeTax": 919000000,
    "incomeBeforeTaxRatio": 0.1779972884,
    "incomeTaxExpense": -152000000,
    "netIncome": 1071000000,
    "netIncomeRatio": 0.2074375363,
    "eps": 3.41,
    "epsdiluted": 3.37,
    "weightedAverageShsOut": 314000000,
    "weightedAverageShsOutDil": 318000000,
    "link": "https://www.sec.gov/Archives/edgar/data/1090872/000109087219000022/0001090872-19-000022-index.htm",
    "finalLink": "https://www.sec.gov/Archives/edgar/data/1090872/000109087219000022/a-10312019x10k.htm"
  },
  {
    "date": "2018-10-31",
    "symbol": "A",
    "reportedCurrency": "USD",
    "cik": "0001090872",
    "fillingDate": "2018-12-20",
    "acceptedDate": "2018-12-20 16:27:07",
    "calendarYear": "2018",
    "period": "FY",
    "revenue": 4914000000,
    "costOfRevenue": 2227000000,
    "grossProfit": 2687000000,
    "grossProfitRatio": 0.5468050468,
    "researchAndDevelopmentExpenses": 385000000,
    "generalAndAdministrativeExpenses": 1374000000,
    "sellingAndMarketingExpenses": 0,
    "sellingGeneralAndAdministrativeExpenses": 1374000000,
    "otherExpenses": 17000000,
    "operatingExpenses": 1776000000,
    "costAndExpenses": 4010000000,
    "interestIncome": 38000000,
    "interestExpense": 75000000,
    "depreciationAndAmortization": 210000000,
    "ebitda": 1231000000,
    "ebitdaratio": 0.2505087505,
    "operatingIncome": 904000000,
    "operatingIncomeRatio": 0.183964184,
    "totalOtherIncomeExpensesNet": 42000000,
    "incomeBeforeTax": 946000000,
    "incomeBeforeTaxRatio": 0.1925111925,
    "incomeTaxExpense": 630000000,
    "netIncome": 316000000,
    "netIncomeRatio": 0.0643060643,
    "eps": 0.98,
    "epsdiluted": 0.97,
    "weightedAverageShsOut": 321000000,
    "weightedAverageShsOutDil": 325000000,
    "link": "https://www.sec.gov/Archives/edgar/data/1090872/000109087218000019/0001090872-18-000019-index.htm",
    "finalLink": "https://www.sec.gov/Archives/edgar/data/1090872/000109087218000019/a-10312018x10k.htm"
  },
  {
    "date": "2017-10-31",
    "symbol": "A",
    "reportedCurrency": "USD",
    "cik": "0001090872",
    "fillingDate": "2017-12-21",
    "acceptedDate": "2017-12-21 16:27:19",
    "calendarYear": "2017",
    "period": "FY",
    "revenue": 4472000000,
    "costOfRevenue": 2063000000,
    "grossProfit": 2409000000,
    "grossProfitRatio": 0.5386851521,
    "researchAndDevelopmentExpenses": 339000000,
    "generalAndAdministrativeExpenses": 1229000000,
    "sellingAndMarketingExpenses": 0,
    "sellingGeneralAndAdministrativeExpenses": 1229000000,
    "otherExpenses": 0,
    "operatingExpenses": 1568000000,
    "costAndExpenses": 3631000000,
    "interestIncome": 22000000,
    "interestExpense": 79000000,
    "depreciationAndAmortization": 214000000,
    "ebitda": 1096000000,
    "ebitdaratio": 0.2450805009,
    "operatingIncome": 841000000,
    "operatingIncomeRatio": 0.188059034,
    "totalOtherIncomeExpensesNet": -38000000,
    "incomeBeforeTax": 803000000,
    "incomeBeforeTaxRatio": 0.1795617174,
    "incomeTaxExpense": 119000000,
    "netIncome": 684000000,
    "netIncomeRatio": 0.1529516995,
    "eps": 2.12,
    "epsdiluted": 2.1,
    "weightedAverageShsOut": 322000000,
    "weightedAverageShsOutDil": 326000000,
    "link": "https://www.sec.gov/Archives/edgar/data/1090872/000109087217000018/0001090872-17-000018-index.htm",
    "finalLink": "https://www.sec.gov/Archives/edgar/data/1090872/000109087217000018/a-10312017x10k.htm"
  },
  {
    "date": "2016-10-31",
    "symbol": "A",
    "reportedCurrency": "USD",
    "cik": "0001090872",
    "fillingDate": "2016-12-20",
    "acceptedDate": "2016-12-20 16:22:19",
    "calendarYear": "2016",
    "period": "FY",
    "revenue": 4202000000,
    "costOfRevenue": 2005000000,
    "grossProfit": 2197000000,
    "grossProfitRatio": 0.5228462637,
    "researchAndDevelopmentExpenses": 329000000,
    "generalAndAdministrativeExpenses": 1253000000,
    "sellingAndMarketingExpenses": 0,
    "sellingGeneralAndAdministrativeExpenses": 1253000000,
    "otherExpenses": 0,
    "operatingExpenses": 1582000000,
    "costAndExpenses": 3587000000,
    "interestIncome": 11000000,
    "interestExpense": 72000000,
    "depreciationAndAmortization": 247000000,
    "ebitda": 863000000,
    "ebitdaratio": 0.2053783912,
    "operatingIncome": 615000000,
    "operatingIncomeRatio": 0.1463588767,
    "totalOtherIncomeExpensesNet": -71000000,
    "incomeBeforeTax": 544000000,
    "incomeBeforeTaxRatio": 0.1294621609,
    "incomeTaxExpense": 82000000,
    "netIncome": 460000000,
    "netIncomeRatio": 0.1094716802,
    "eps": 1.42,
    "epsdiluted": 1.4,
    "weightedAverageShsOut": 326000000,
    "weightedAverageShsOutDil": 329000000,
    "link": "https://www.sec.gov/Archives/edgar/data/1090872/000109087216000082/0001090872-16-000082-index.htm",
    "finalLink": "https://www.sec.gov/Archives/edgar/data/1090872/000109087216000082/a-10312016x10k.htm"
  },
  {
    "date": "2015-10-31",
    "symbol": "A",
    "reportedCurrency": "USD",
    "cik": "0001090872",
    "fillingDate": "2015-12-21",
    "acceptedDate": "2015-12-18 19:33:31",
    "calendarYear": "2015",
    "period": "FY",
    "revenue": 4038000000,
    "costOfRevenue": 1997000000,
    "grossProfit": 2041000000,
    "grossProfitRatio": 0.5054482417,
    "researchAndDevelopmentExpenses": 330000000,
    "generalAndAdministrativeExpenses": 1189000000,
    "sellingAndMarketingExpenses": 0,
    "sellingGeneralAndAdministrativeExpenses": 1189000000,
    "otherExpenses": 0,
    "operatingExpenses": 1519000000,
    "costAndExpenses": 3516000000,
    "interestIncome": 7000000,
    "interestExpense": 66000000,
    "depreciationAndAmortization": 253000000,
    "ebitda": 799000000,
    "ebitdaratio": 0.1978702328,
    "operatingIncome": 522000000,
    "operatingIncomeRatio": 0.1292719168,
    "totalOtherIncomeExpensesNet": -42000000,
    "incomeBeforeTax": 480000000,
    "incomeBeforeTaxRatio": 0.1188707281,
    "incomeTaxExpense": 42000000,
    "netIncome": 401000000,
    "netIncomeRatio": 0.0993065874,
    "eps": 1.2,
    "epsdiluted": 1.2,
    "weightedAverageShsOut": 333000000,
    "weightedAverageShsOutDil": 335000000,
    "link": "https://www.sec.gov/Archives/edgar/data/1090872/000109087215000051/0001090872-15-000051-index.htm",
    "finalLink": "https://www.sec.gov/Archives/edgar/data/1090872/000109087215000051/a-10312015x10k.htm"
  },
  {
    "date": "2014-10-31",
    "symbol": "A",
    "reportedCurrency": "USD",
    "cik": "0001090872",
    "fillingDate": "2014-12-22",
    "acceptedDate": "2014-12-22 16:05:26",
    "calendarYear": "2014",
    "period": "FY",
    "revenue": 4048000000,
    "costOfRevenue": 2072000000,
    "grossProfit": 1976000000,
    "grossProfitRatio": 0.4881422925,
    "researchAndDevelopmentExpenses": 719000000,
    "generalAndAdministrativeExpenses": 2043000000,
    "sellingAndMarketingExpenses": 0,
    "sellingGeneralAndAdministrativeExpenses": 2043000000,
    "otherExpenses": -1205000000,
    "operatingExpenses": 1557000000,
    "costAndExpenses": 3629000000,
    "interestIncome": 9000000,
    "interestExpense": 110000000,
    "depreciationAndAmortization": 383000000,
    "ebitda": 723000000,
    "ebitdaratio": 0.1786067194,
    "operatingIncome": 419000000,
    "operatingIncomeRatio": 0.1035079051,
    "totalOtherIncomeExpensesNet": -190000000,
    "incomeBeforeTax": 229000000,
    "incomeBeforeTaxRatio": 0.0565711462,
    "incomeTaxExpense": -3000000,
    "netIncome": 549000000,
    "netIncomeRatio": 0.1356225296,
    "eps": 1.65,
    "epsdiluted": 1.62,
    "weightedAverageShsOut": 333000000,
    "weightedAverageShsOutDil": 338000000,
    "link": "https://www.sec.gov/Archives/edgar/data/1090872/000109087214000045/0001090872-14-000045-index.htm",
    "finalLink": "https://www.sec.gov/Archives/edgar/data/1090872/000109087214000045/a-10312014x10k.htm"
  },
  {
    "date": "2013-10-31",
    "symbol": "A",
    "reportedCurrency": "USD",
    "cik": "0001090872",
    "fillingDate": "2013-12-19",
    "acceptedDate": "2013-12-19 16:32:11",
    "calendarYear": "2013",
    "period": "FY",
    "revenue": 3894000000,
    "costOfRevenue": 1987000000,
    "grossProfit": 1907000000,
    "grossProfitRatio": 0.4897277863,
    "researchAndDevelopmentExpenses": 704000000,
    "generalAndAdministrativeExpenses": 1880000000,
    "sellingAndMarketingExpenses": 0,
    "sellingGeneralAndAdministrativeExpenses": 1880000000,
    "otherExpenses": -1063000000,
    "operatingExpenses": 1521000000,
    "costAndExpenses": 3508000000,
    "interestIncome": 7000000,
    "interestExpense": 107000000,
    "depreciationAndAmortization": 372000000,
    "ebitda": 758000000,
    "ebitdaratio": 0.1946584489,
    "operatingIncome": 386000000,
    "operatingIncomeRatio": 0.0991268618,
    "totalOtherIncomeExpensesNet": -93000000,
    "incomeBeforeTax": 293000000,
    "incomeBeforeTaxRatio": 0.0752439651,
    "incomeTaxExpense": 68000000,
    "netIncome": 724000000,
    "netIncomeRatio": 0.1859270673,
    "eps": 2.12,
    "epsdiluted": 2.1,
    "weightedAverageShsOut": 341000000,
    "weightedAverageShsOutDil": 345000000,
    "link": "https://www.sec.gov/Archives/edgar/data/1090872/000109087213000029/0001090872-13-000029-index.htm",
    "finalLink": "https://www.sec.gov/Archives/edgar/data/1090872/000109087213000029/a-10312013x10k.htm"
  },
  {
    "date": "2012-10-31",
    "symbol": "A",
    "reportedCurrency": "USD",
    "cik": "0001090872",
    "fillingDate": "2012-12-20",
    "acceptedDate": "2012-12-20 16:50:44",
    "calendarYear": "2012",
    "period": "FY",
    "revenue": 6858000000,
    "costOfRevenue": 3254000000,
    "grossProfit": 3604000000,
    "grossProfitRatio": 0.5255176436,
    "researchAndDevelopmentExpenses": 668000000,
    "generalAndAdministrativeExpenses": 1817000000,
    "sellingAndMarketingExpenses": 0,
    "sellingGeneralAndAdministrativeExpenses": 1817000000,
    "otherExpenses": 0,
    "operatingExpenses": 2485000000,
    "costAndExpenses": 5739000000,
    "interestIncome": 9000000,
    "interestExpense": 101000000,
    "depreciationAndAmortization": 301000000,
    "ebitda": 1445000000,
    "ebitdaratio": 0.2107028288,
    "operatingIncome": 1119000000,
    "operatingIncomeRatio": 0.1631671041,
    "totalOtherIncomeExpensesNet": -76000000,
    "incomeBeforeTax": 1043000000,
    "incomeBeforeTaxRatio": 0.152085156,
    "incomeTaxExpense": -110000000,
    "netIncome": 1153000000,
    "netIncomeRatio": 0.1681248177,
    "eps": 3.31,
    "epsdiluted": 3.27,
    "weightedAverageShsOut": 348000000,
    "weightedAverageShsOutDil": 353000000,
    "link": "https://www.sec.gov/Archives/edgar/data/1090872/000109087212000018/0001090872-12-000018-index.htm",
    "finalLink": "https://www.sec.gov/Archives/edgar/data/1090872/000109087212000018/a-10312012x10k.htm"
  },
  {
    "date": "2011-10-31",
    "symbol": "A",
    "reportedCurrency": "USD",
    "cik": "0001090872",
    "fillingDate": "2011-12-16",
    "acceptedDate": "2011-12-16 16:51:36",
    "calendarYear": "2011",
    "period": "FY",
    "revenue": 6615000000,
    "costOfRevenue": 3086000000,
    "grossProfit": 3529000000,
    "grossProfitRatio": 0.5334845049,
    "researchAndDevelopmentExpenses": 649000000,
    "generalAndAdministrativeExpenses": 1809000000,
    "sellingAndMarketingExpenses": 0,
    "sellingGeneralAndAdministrativeExpenses": 1809000000,
    "otherExpenses": 0,
    "operatingExpenses": 2458000000,
    "costAndExpenses": 5544000000,
    "interestIncome": 14000000,
    "interestExpense": 86000000,
    "depreciationAndAmortization": 253000000,
    "ebitda": 1395000000,
    "ebitdaratio": 0.2108843537,
    "operatingIncome": 1071000000,
    "operatingIncomeRatio": 0.1619047619,
    "totalOtherIncomeExpensesNet": -39000000,
    "incomeBeforeTax": 1032000000,
    "incomeBeforeTaxRatio": 0.1560090703,
    "incomeTaxExpense": 20000000,
    "netIncome": 1012000000,
    "netIncomeRatio": 0.1529856387,
    "eps": 2.92,
    "epsdiluted": 2.85,
    "weightedAverageShsOut": 347000000,
    "weightedAverageShsOutDil": 355000000,
    "link": "https://www.sec.gov/Archives/edgar/data/1090872/000104746911010124/0001047469-11-010124-index.htm",
    "finalLink": "https://www.sec.gov/Archives/edgar/data/1090872/000104746911010124/a2206674z10-k.htm"
  },
  {
    "date": "2010-10-31",
    "symbol": "A",
    "reportedCurrency": "USD",
    "cik": "0001090872",
    "fillingDate": "2010-12-20",
    "acceptedDate": "2010-12-17 19:41:22",
    "calendarYear": "2010",
    "period": "FY",
    "revenue": 5444000000,
    "costOfRevenue": 2514000000,
    "grossProfit": 2930000000,
    "grossProfitRatio": 0.5382072006,
    "researchAndDevelopmentExpenses": 612000000,
    "generalAndAdministrativeExpenses": 1752000000,
    "sellingAndMarketingExpenses": 0,
    "sellingGeneralAndAdministrativeExpenses": 1752000000,
    "otherExpenses": 0,
    "operatingExpenses": 2364000000,
    "costAndExpenses": 4878000000,
    "interestIncome": 20000000,
    "interestExpense": 96000000,
    "depreciationAndAmortization": 200000000,
    "ebitda": 1009000000,
    "ebitdaratio": 0.1853416605,
    "operatingIncome": 566000000,
    "operatingIncomeRatio": 0.1039676708,
    "totalOtherIncomeExpensesNet": 126000000,
    "incomeBeforeTax": 692000000,
    "incomeBeforeTaxRatio": 0.1271124173,
    "incomeTaxExpense": 8000000,
    "netIncome": 684000000,
    "netIncomeRatio": 0.1256429096,
    "eps": 1.97,
    "epsdiluted": 1.94,
    "weightedAverageShsOut": 347000000,
    "weightedAverageShsOutDil": 353000000,
    "link": "https://www.sec.gov/Archives/edgar/data/1090872/000104746910010499/0001047469-10-010499-index.htm",
    "finalLink": "https://www.sec.gov/Archives/edgar/data/1090872/000104746910010499/a2201423z10-k.htm"
  },
  {
    "date": "2009-10-31",
    "symbol": "A",
    "reportedCurrency": "USD",
    "cik": "0001090872",
    "fillingDate": "2009-12-21",
    "acceptedDate": "2009-12-21 16:38:45",
    "calendarYear": "2009",
    "period": "FY",
    "revenue": 4481000000,
    "costOfRevenue": 2189000000,
    "grossProfit": 2292000000,
    "grossProfitRatio": 0.5114929703,
    "researchAndDevelopmentExpenses": 642000000,
    "generalAndAdministrativeExpenses": 1603000000,
    "sellingAndMarketingExpenses": 0,
    "sellingGeneralAndAdministrativeExpenses": 1603000000,
    "otherExpenses": 0,
    "operatingExpenses": 2245000000,
    "costAndExpenses": 4434000000,
    "interestIncome": 29000000,
    "interestExpense": 88000000,
    "depreciationAndAmortization": 162000000,
    "ebitda": 257000000,
    "ebitdaratio": 0.0573532694,
    "operatingIncome": 47000000,
    "operatingIncomeRatio": 0.0104887302,
    "totalOtherIncomeExpensesNet": -40000000,
    "incomeBeforeTax": 7000000,
    "incomeBeforeTaxRatio": 0.0015621513,
    "incomeTaxExpense": 38000000,
    "netIncome": -31000000,
    "netIncomeRatio": -0.0069180986,
    "eps": -0.0896,
    "epsdiluted": -0.0896,
    "weightedAverageShsOut": 346000000,
    "weightedAverageShsOutDil": 346000000,
    "link": "https://www.sec.gov/Archives/edgar/data/1090872/000104746909010861/0001047469-09-010861-index.htm",
    "finalLink": "https://www.sec.gov/Archives/edgar/data/1090872/000104746909010861/a2195875z10-k.htm"
  },
  {
    "date": "2008-10-31",
    "symbol": "A",
    "reportedCurrency": "USD",
    "cik": "0001090872",
    "fillingDate": "2008-12-19",
    "acceptedDate": "2008-12-19 17:27:11",
    "calendarYear": "2008",
    "period": "FY",
    "revenue": 5774000000,
    "costOfRevenue": 2578000000,
    "grossProfit": 3196000000,
    "grossProfitRatio": 0.5535157603,
    "researchAndDevelopmentExpenses": 704000000,
    "generalAndAdministrativeExpenses": 1697000000,
    "sellingAndMarketingExpenses": 0,
    "sellingGeneralAndAdministrativeExpenses": 1697000000,
    "otherExpenses": 0,
    "operatingExpenses": 2401000000,
    "costAndExpenses": 4979000000,
    "interestIncome": 113000000,
    "interestExpense": 123000000,
    "depreciationAndAmortization": 201000000,
    "ebitda": 1139000000,
    "ebitdaratio": 0.1972635954,
    "operatingIncome": 795000000,
    "operatingIncomeRatio": 0.1376861794,
    "totalOtherIncomeExpensesNet": 20000000,
    "incomeBeforeTax": 815000000,
    "incomeBeforeTaxRatio": 0.1411499827,
    "incomeTaxExpense": 122000000,
    "netIncome": 693000000,
    "netIncomeRatio": 0.1200207828,
    "eps": 1.91,
    "epsdiluted": 1.87,
    "weightedAverageShsOut": 363000000,
    "weightedAverageShsOutDil": 371000000,
    "link": "https://www.sec.gov/Archives/edgar/data/1090872/000104746908013312/0001047469-08-013312-index.htm",
    "finalLink": "https://www.sec.gov/Archives/edgar/data/1090872/000104746908013312/a2189713z10-k.htm"
  },
  {
    "date": "2007-10-31",
    "symbol": "A",
    "reportedCurrency": "USD",
    "cik": "0001090872",
    "fillingDate": "2007-12-21",
    "acceptedDate": "2007-12-21 17:22:11",
    "calendarYear": "2007",
    "period": "FY",
    "revenue": 5420000000,
    "costOfRevenue": 2451000000,
    "grossProfit": 2969000000,
    "grossProfitRatio": 0.5477859779,
    "researchAndDevelopmentExpenses": 685000000,
    "generalAndAdministrativeExpenses": 1700000000,
    "sellingAndMarketingExpenses": 0,
    "sellingGeneralAndAdministrativeExpenses": 1700000000,
    "otherExpenses": 0,
    "operatingExpenses": 2385000000,
    "costAndExpenses": 4836000000,
    "interestIncome": 172000000,
    "interestExpense": 91000000,
    "depreciationAndAmortization": 191000000,
    "ebitda": 775000000,
    "ebitdaratio": 0.1429889299,
    "operatingIncome": 584000000,
    "operatingIncomeRatio": 0.1077490775,
    "totalOtherIncomeExpensesNet": 86000000,
    "incomeBeforeTax": 670000000,
    "incomeBeforeTaxRatio": 0.1236162362,
    "incomeTaxExpense": 32000000,
    "netIncome": 638000000,
    "netIncomeRatio": 0.1177121771,
    "eps": 1.62,
    "epsdiluted": 1.57,
    "weightedAverageShsOut": 394000000,
    "weightedAverageShsOutDil": 406000000,
    "link": "https://www.sec.gov/Archives/edgar/data/1090872/000104746907010272/0001047469-07-010272-index.htm",
    "finalLink": "https://www.sec.gov/Archives/edgar/data/1090872/000104746907010272/a2181802z10-k.htm"
  },
  {
    "date": "2006-10-31",
    "symbol": "A",
    "reportedCurrency": "USD",
    "cik": "0001090872",
    "fillingDate": "2006-12-22",
    "acceptedDate": "2006-12-22 17:01:47",
    "calendarYear": "2006",
    "period": "FY",
    "revenue": 4973000000,
    "costOfRevenue": 2315000000,
    "grossProfit": 2658000000,
    "grossProfitRatio": 0.5344862256,
    "researchAndDevelopmentExpenses": 655000000,
    "generalAndAdministrativeExpenses": 1660000000,
    "sellingAndMarketingExpenses": 0,
    "sellingGeneralAndAdministrativeExpenses": 1660000000,
    "otherExpenses": -121000000,
    "operatingExpenses": 2194000000,
    "costAndExpenses": 4509000000,
    "interestIncome": 0,
    "interestExpense": 0,
    "depreciationAndAmortization": 170000000,
    "ebitda": 634000000,
    "ebitdaratio": 0.1274884376,
    "operatingIncome": 464000000,
    "operatingIncomeRatio": 0.0933038407,
    "totalOtherIncomeExpensesNet": 163000000,
    "incomeBeforeTax": 627000000,
    "incomeBeforeTaxRatio": 0.1260808365,
    "incomeTaxExpense": 91000000,
    "netIncome": 3307000000,
    "netIncomeRatio": 0.6649909511,
    "eps": 7.67,
    "epsdiluted": 7.5,
    "weightedAverageShsOut": 431000000,
    "weightedAverageShsOutDil": 441000000,
    "link": "https://www.sec.gov/Archives/edgar/data/1090872/000104746906015256/0001047469-06-015256-index.htm",
    "finalLink": "https://www.sec.gov/Archives/edgar/data/1090872/000104746906015256/a2175273z10-k.htm"
  },
  {
    "date": "2005-10-31",
    "symbol": "A",
    "reportedCurrency": "USD",
    "cik": "0001090872",
    "fillingDate": "2006-01-17",
    "acceptedDate": "2006-01-17 16:47:54",
    "calendarYear": "2005",
    "period": "FY",
    "revenue": 4685000000,
    "costOfRevenue": 2286000000,
    "grossProfit": 2399000000,
    "grossProfitRatio": 0.5120597652,
    "researchAndDevelopmentExpenses": 738000000,
    "generalAndAdministrativeExpenses": 1603000000,
    "sellingAndMarketingExpenses": 0,
    "sellingGeneralAndAdministrativeExpenses": 1603000000,
    "otherExpenses": 0,
    "operatingExpenses": 2341000000,
    "costAndExpenses": 4361000000,
    "interestIncome": 0,
    "interestExpense": 0,
    "depreciationAndAmortization": 180000000,
    "ebitda": 508000000,
    "ebitdaratio": 0.1084311633,
    "operatingIncome": 181000000,
    "operatingIncomeRatio": 0.0386339381,
    "totalOtherIncomeExpensesNet": 73000000,
    "incomeBeforeTax": 254000000,
    "incomeBeforeTaxRatio": 0.0542155816,
    "incomeTaxExpense": 142000000,
    "netIncome": 141000000,
    "netIncomeRatio": 0.0300960512,
    "eps": 0.66,
    "epsdiluted": 0.65,
    "weightedAverageShsOut": 494000000,
    "weightedAverageShsOutDil": 500000000,
    "link": "https://www.sec.gov/Archives/edgar/data/1090872/000104746906000516/0001047469-06-000516-index.htm",
    "finalLink": "https://www.sec.gov/Archives/edgar/data/1090872/000104746906000516/a2166540z10-k.htm"
  },
  {
    "date": "2004-10-31",
    "symbol": "A",
    "reportedCurrency": "USD",
    "cik": "0001090872",
    "fillingDate": "2004-12-21",
    "acceptedDate": "2004-12-21 06:14:39",
    "calendarYear": "2004",
    "period": "FY",
    "revenue": 7181000000,
    "costOfRevenue": 4058000000,
    "grossProfit": 3123000000,
    "grossProfitRatio": 0.4348976466,
    "researchAndDevelopmentExpenses": 933000000,
    "generalAndAdministrativeExpenses": 1804000000,
    "sellingAndMarketingExpenses": 0,
    "sellingGeneralAndAdministrativeExpenses": 1804000000,
    "otherExpenses": 0,
    "operatingExpenses": 2737000000,
    "costAndExpenses": 6795000000,
    "interestIncome": 0,
    "interestExpense": 0,
    "depreciationAndAmortization": 218000000,
    "ebitda": 481000000,
    "ebitdaratio": 0.0669823144,
    "operatingIncome": 386000000,
    "operatingIncomeRatio": 0.0537529592,
    "totalOtherIncomeExpensesNet": 54000000,
    "incomeBeforeTax": 440000000,
    "incomeBeforeTaxRatio": 0.0612728032,
    "incomeTaxExpense": 71000000,
    "netIncome": 369000000,
    "netIncomeRatio": 0.0513856009,
    "eps": 0.76,
    "epsdiluted": 0.75,
    "weightedAverageShsOut": 483000000,
    "weightedAverageShsOutDil": 490000000,
    "link": "https://www.sec.gov/Archives/edgar/data/1090872/000119312504216917/0001193125-04-216917-index.htm",
    "finalLink": "https://www.sec.gov/Archives/edgar/data/1090872/000119312504216917/d10k.htm"
  },
  {
    "date": "2003-10-31",
    "symbol": "A",
    "reportedCurrency": "USD",
    "cik": "0001090872",
    "fillingDate": "2003-12-22",
    "acceptedDate": "2003-12-22 17:25:07",
    "calendarYear": "2003",
    "period": "FY",
    "revenue": 4468000000,
    "costOfRevenue": 61000000,
    "grossProfit": 1942000000,
    "grossProfitRatio": 0.4346463742,
    "researchAndDevelopmentExpenses": 1051000000,
    "generalAndAdministrativeExpenses": 1968000000,
    "sellingAndMarketingExpenses": 0,
    "sellingGeneralAndAdministrativeExpenses": 1968000000,
    "otherExpenses": -2970000000,
    "operatingExpenses": 49000000,
    "costAndExpenses": 5188000000,
    "interestIncome": 0,
    "interestExpense": 198000000,
    "depreciationAndAmortization": 362000000,
    "ebitda": -358000000,
    "ebitdaratio": -0.0801253357,
    "operatingIncome": -720000000,
    "operatingIncomeRatio": -0.1611459266,
    "totalOtherIncomeExpensesNet": 24000000,
    "incomeBeforeTax": -696000000,
    "incomeBeforeTaxRatio": -0.1557743957,
    "incomeTaxExpense": 1090000000,
    "netIncome": -2058000000,
    "netIncomeRatio": -0.4606087735,
    "eps": -4.35,
    "epsdiluted": -4.35,
    "weightedAverageShsOut": 473000000,
    "weightedAverageShsOutDil": 473000000,
    "link": "https://www.sec.gov/Archives/edgar/data/1090872/000119312503098260/0001193125-03-098260-index.htm",
    "finalLink": "https://www.sec.gov/Archives/edgar/data/1090872/000119312503098260/d10k.htm"
  },
  {
    "date": "2002-10-31",
    "symbol": "A",
    "reportedCurrency": "USD",
    "cik": "0001090872",
    "fillingDate": "2002-12-20",
    "acceptedDate": "2002-12-20 17:27:53",
    "calendarYear": "2002",
    "period": "FY",
    "revenue": 6010000000,
    "costOfRevenue": 3694000000,
    "grossProfit": 2316000000,
    "grossProfitRatio": 0.3853577371,
    "researchAndDevelopmentExpenses": 1169000000,
    "generalAndAdministrativeExpenses": 2754000000,
    "sellingAndMarketingExpenses": 0,
    "sellingGeneralAndAdministrativeExpenses": 2754000000,
    "otherExpenses": 0,
    "operatingExpenses": 3923000000,
    "costAndExpenses": 7617000000,
    "interestIncome": 0,
    "interestExpense": 0,
    "depreciationAndAmortization": 735000000,
    "ebitda": -872000000,
    "ebitdaratio": -0.1450915141,
    "operatingIncome": -1607000000,
    "operatingIncomeRatio": -0.2673876872,
    "totalOtherIncomeExpensesNet": 60000000,
    "incomeBeforeTax": -1547000000,
    "incomeBeforeTaxRatio": -0.2574043261,
    "incomeTaxExpense": -525000000,
    "netIncome": -1032000000,
    "netIncomeRatio": -0.1717138103,
    "eps": -2.22,
    "epsdiluted": -2.22,
    "weightedAverageShsOut": 465000000,
    "weightedAverageShsOutDil": 465000000,
    "link": "https://www.sec.gov/Archives/edgar/data/1090872/000089161802005622/0000891618-02-005622-index.htm",
    "finalLink": "https://www.sec.gov/Archives/edgar/data/1090872/000089161802005622/f86150e10vk.htm"
  },
  {
    "date": "2001-10-31",
    "symbol": "A",
    "reportedCurrency": "USD",
    "cik": "0001090872",
    "fillingDate": "2002-01-22",
    "acceptedDate": "2002-01-22 00:00:00",
    "calendarYear": "2001",
    "period": "FY",
    "revenue": 8396000000,
    "costOfRevenue": 5166000000,
    "grossProfit": 3230000000,
    "grossProfitRatio": 0.3847070033,
    "researchAndDevelopmentExpenses": 1349000000,
    "generalAndAdministrativeExpenses": 2659000000,
    "sellingAndMarketingExpenses": 0,
    "sellingGeneralAndAdministrativeExpenses": 2659000000,
    "otherExpenses": 0,
    "operatingExpenses": 4008000000,
    "costAndExpenses": 9174000000,
    "interestIncome": 0,
    "interestExpense": 0,
    "depreciationAndAmortization": 734000000,
    "ebitda": -44000000,
    "ebitdaratio": -0.0052405908,
    "operatingIncome": -778000000,
    "operatingIncomeRatio": -0.0926631729,
    "totalOtherIncomeExpensesNet": 301000000,
    "incomeBeforeTax": -477000000,
    "incomeBeforeTaxRatio": -0.056812768,
    "incomeTaxExpense": -71000000,
    "netIncome": 168000000,
    "netIncomeRatio": 0.0200095283,
    "eps": 0.38,
    "epsdiluted": 0.38,
    "weightedAverageShsOut": 458000000,
    "weightedAverageShsOutDil": 458000000,
    "link": "https://www.sec.gov/Archives/edgar/data/1090872/000089161802000185/0000891618-02-000185-index.htm",
    "finalLink": "https://www.sec.gov/Archives/edgar/data/1090872/000089161802000185/f78349e10-k.htm"
  },
  {
    "date": "2000-10-31",
    "symbol": "A",
    "reportedCurrency": "USD",
    "cik": "0001090872",
    "fillingDate": "2001-01-17",
    "acceptedDate": "2001-01-17 00:00:00",
    "calendarYear": "2000",
    "period": "FY",
    "revenue": 9361000000,
    "costOfRevenue": 4586000000,
    "grossProfit": 4775000000,
    "grossProfitRatio": 0.5100950753,
    "researchAndDevelopmentExpenses": 1258000000,
    "generalAndAdministrativeExpenses": 2940000000,
    "sellingAndMarketingExpenses": 0,
    "sellingGeneralAndAdministrativeExpenses": 2940000000,
    "otherExpenses": -347000000,
    "operatingExpenses": 3851000000,
    "costAndExpenses": 8437000000,
    "interestIncome": 0,
    "interestExpense": 0,
    "depreciationAndAmortization": 460000000,
    "ebitda": 1384000000,
    "ebitdaratio": 0.1478474522,
    "operatingIncome": 924000000,
    "operatingIncomeRatio": 0.0987074031,
    "totalOtherIncomeExpensesNet": 94000000,
    "incomeBeforeTax": 1018000000,
    "incomeBeforeTaxRatio": 0.1087490653,
    "incomeTaxExpense": 346000000,
    "netIncome": 757000000,
    "netIncomeRatio": 0.0808674287,
    "eps": 1.68,
    "epsdiluted": 1.66,
    "weightedAverageShsOut": 449000000,
    "weightedAverageShsOutDil": 455000000,
    "link": "https://www.sec.gov/Archives/edgar/data/1090872/000109581101000226/0001095811-01-000226-index.htm",
    "finalLink": "https://www.sec.gov/Archives/edgar/data/1090872/000109581101000226/f67706e10-k.txt"
  },
  {
    "date": "1999-10-31",
    "symbol": "A",
    "reportedCurrency": "USD",
    "cik": "0001090872",
    "fillingDate": "2000-01-25",
    "acceptedDate": "2000-01-25 00:00:00",
    "calendarYear": "1999",
    "period": "FY",
    "revenue": 6830000000,
    "costOfRevenue": 3627000000,
    "grossProfit": 3203000000,
    "grossProfitRatio": 0.4689604685,
    "researchAndDevelopmentExpenses": 997000000,
    "generalAndAdministrativeExpenses": 2205000000,
    "sellingAndMarketingExpenses": 0,
    "sellingGeneralAndAdministrativeExpenses": 2205000000,
    "otherExpenses": -421000000,
    "operatingExpenses": 2781000000,
    "costAndExpenses": 6408000000,
    "interestIncome": 0,
    "interestExpense": 0,
    "depreciationAndAmortization": 440000000,
    "ebitda": 862000000,
    "ebitdaratio": 0.1262079063,
    "operatingIncome": 422000000,
    "operatingIncomeRatio": 0.0617862372,
    "totalOtherIncomeExpensesNet": 41000000,
    "incomeBeforeTax": 463000000,
    "incomeBeforeTaxRatio": 0.0677891654,
    "incomeTaxExpense": 157000000,
    "netIncome": 512000000,
    "netIncomeRatio": 0.0749633968,
    "eps": 1.35,
    "epsdiluted": 1.35,
    "weightedAverageShsOut": 380000000,
    "weightedAverageShsOutDil": 457500000,
    "link": "https://www.sec.gov/Archives/edgar/data/1090872/000091205700002160/0000912057-00-002160-index.html",
    "finalLink": "https://www.sec.gov/Archives/edgar/data/1090872/000091205700002160/0000912057-00-002160.txt"
  },
  {
    "date": "1998-10-31",
    "symbol": "A",
    "reportedCurrency": "USD",
    "cik": "0001090872",
    "fillingDate": "1998-10-31",
    "acceptedDate": "1998-10-31 00:00:00",
    "calendarYear": "1998",
    "period": "FY",
    "revenue": 7952000000,
    "costOfRevenue": 4035000000,
    "grossProfit": 3917000000,
    "grossProfitRatio": 0.4925804829,
    "researchAndDevelopmentExpenses": 948000000,
    "generalAndAdministrativeExpenses": 2050000000,
    "sellingAndMarketingExpenses": 0,
    "sellingGeneralAndAdministrativeExpenses": 2050000000,
    "otherExpenses": 477000000,
    "operatingExpenses": 3475000000,
    "costAndExpenses": 7510000000,
    "interestIncome": 0,
    "interestExpense": 46000000,
    "depreciationAndAmortization": 477000000,
    "ebitda": 919000000,
    "ebitdaratio": 0.1155684105,
    "operatingIncome": 442000000,
    "operatingIncomeRatio": 0.055583501,
    "totalOtherIncomeExpensesNet": -46000000,
    "incomeBeforeTax": 396000000,
    "incomeBeforeTaxRatio": 0.0497987928,
    "incomeTaxExpense": 139000000,
    "netIncome": 257000000,
    "netIncomeRatio": 0.0323189135,
    "eps": 0.58,
    "epsdiluted": 0.56,
    "weightedAverageShsOut": 443103448,
    "weightedAverageShsOutDil": 458928571,
    "link": null,
    "finalLink": null
  }
]