[
  {
    "date": "2025-06-30",
    "symbol": "ABBV",
    "reportedCurrency": "USD",
    "cik": "0001551152",
    "fillingDate": "2025-08-04",
    "acceptedDate": "2025-08-04 15:17:04",
    "calendarYear": "2025",
    "period": "Q2",
    "revenue": 15423000000,
    "costOfRevenue": 2403000000,
    "grossProfit": 13020000000,
    "grossProfitRatio": 0.8441937366,
    "researchAndDevelopmentExpenses": 2100000000,
    "generalAndAdministrativeExpenses": 0,
    "sellingAndMarketingExpenses": 0,
    "sellingGeneralAndAdministrativeExpenses": 3218000000,
    "otherExpenses": 1840000000,
    "operatingExpenses": 7158000000,
    "costAndExpenses": 9561000000,
    "interestIncome": 62000000,
    "interestExpense": 740000000,
    "depreciationAndAmortization": 2050000000,
    "ebitda": 4344000000,
    "ebitdaratio": 0.2816572651,
    "operatingIncome": 5862000000,
    "operatingIncomeRatio": 0.3800816962,
    "totalOtherIncomeExpensesNet": -4308000000,
    "incomeBeforeTax": 1554000000,
    "incomeBeforeTaxRatio": 0.1007586073,
    "incomeTaxExpense": 613000000,
    "netIncome": 944000000,
    "netIncomeRatio": 0.0612072878,
    "eps": 0.53,
    "epsdiluted": 0.53,
    "weightedAverageShsOut": 1772000000,
    "weightedAverageShsOutDil": 1772000000,
    "link": "https://www.sec.gov/Archives/edgar/data/1551152/000155115225000040/0001551152-25-000040-index.htm",
    "finalLink": "https://www.sec.gov/Archives/edgar/data/1551152/000155115225000040/abbv-20250630.htm"
  },
  {
    "date": "2025-03-31",
    "symbol": "ABBV",
    "reportedCurrency": "USD",
    "cik": "0001551152",
    "fillingDate": "2025-05-09",
    "acceptedDate": "2025-05-09 13:24:59",
    "calendarYear": "2025",
    "period": "Q1",
    "revenue": 13343000000,
    "costOfRevenue": 4002000000,
    "grossProfit": 9341000000,
    "grossProfitRatio": 0.7000674511,
    "researchAndDevelopmentExpenses": 2067000000,
    "generalAndAdministrativeExpenses": 0,
    "sellingAndMarketingExpenses": 0,
    "sellingGeneralAndAdministrativeExpenses": 3293000000,
    "otherExpenses": 248000000,
    "operatingExpenses": 5608000000,
    "costAndExpenses": 9610000000,
    "interestIncome": 73000000,
    "interestExpense": 700000000,
    "depreciationAndAmortization": 2039000000,
    "ebitda": 4400000000,
    "ebitdaratio": 0.3297609233,
    "operatingIncome": 3733000000,
    "operatingIncomeRatio": 0.2797721652,
    "totalOtherIncomeExpensesNet": -2072000000,
    "incomeBeforeTax": 1661000000,
    "incomeBeforeTaxRatio": 0.1244847486,
    "incomeTaxExpense": 372000000,
    "netIncome": 1286000000,
    "netIncomeRatio": 0.0963801244,
    "eps": 0.72,
    "epsdiluted": 0.72,
    "weightedAverageShsOut": 1768000000,
    "weightedAverageShsOutDil": 1772000000,
    "link": "https://www.sec.gov/Archives/edgar/data/1551152/000155115225000029/0001551152-25-000029-index.htm",
    "finalLink": "https://www.sec.gov/Archives/edgar/data/1551152/000155115225000029/abbv-20250331.htm"
  },
  {
    "date": "2024-12-31",
    "symbol": "ABBV",
    "reportedCurrency": "USD",
    "cik": "0001551152",
    "fillingDate": "2025-02-14",
    "acceptedDate": "2025-02-14 13:17:23",
    "calendarYear": "2024",
    "period": "Q4",
    "revenue": 15102000000,
    "costOfRevenue": 4396000000,
    "grossProfit": 10706000000,
    "grossProfitRatio": 0.7089127268,
    "researchAndDevelopmentExpenses": 6774000000,
    "generalAndAdministrativeExpenses": 779000000,
    "sellingAndMarketingExpenses": 2100000000,
    "sellingGeneralAndAdministrativeExpenses": 2879000000,
    "otherExpenses": 2543000000,
    "operatingExpenses": 12196000000,
    "costAndExpenses": 16592000000,
    "interestIncome": 92000000,
    "interestExpense": 702000000,
    "depreciationAndAmortization": 2102000000,
    "ebitda": 535000000,
    "ebitdaratio": 0.0354257714,
    "operatingIncome": -1490000000,
    "operatingIncomeRatio": -0.0986624288,
    "totalOtherIncomeExpensesNet": -779000000,
    "incomeBeforeTax": -2269000000,
    "incomeBeforeTaxRatio": -0.1502450007,
    "incomeTaxExpense": -2246000000,
    "netIncome": -22000000,
    "netIncomeRatio": -0.0014567607,
    "eps": -0.0181,
    "epsdiluted": -0.0181,
    "weightedAverageShsOut": 1769000000,
    "weightedAverageShsOutDil": 1773000000,
    "link": "https://www.sec.gov/Archives/edgar/data/1551152/000155115225000020/0001551152-25-000020-index.htm",
    "finalLink": "https://www.sec.gov/Archives/edgar/data/1551152/000155115225000020/abbv-20241231.htm"
  },
  {
    "date": "2024-09-30",
    "symbol": "ABBV",
    "reportedCurrency": "USD",
    "cik": "0001551152",
    "fillingDate": "2024-11-04",
    "acceptedDate": "2024-11-04 14:19:33",
    "calendarYear": "2024",
    "period": "Q3",
    "revenue": 14460000000,
    "costOfRevenue": 4212000000,
    "grossProfit": 10248000000,
    "grossProfitRatio": 0.7087136929,
    "researchAndDevelopmentExpenses": 2130000000,
    "generalAndAdministrativeExpenses": 0,
    "sellingAndMarketingExpenses": 0,
    "sellingGeneralAndAdministrativeExpenses": 4205000000,
    "otherExpenses": 82000000,
    "operatingExpenses": 6417000000,
    "costAndExpenses": 10629000000,
    "interestIncome": 129000000,
    "interestExpense": 720000000,
    "depreciationAndAmortization": 2079000000,
    "ebitda": 4883000000,
    "ebitdaratio": 0.3376901798,
    "operatingIncome": 3831000000,
    "operatingIncomeRatio": 0.2649377593,
    "totalOtherIncomeExpensesNet": -1747000000,
    "incomeBeforeTax": 2084000000,
    "incomeBeforeTaxRatio": 0.1441217151,
    "incomeTaxExpense": 520000000,
    "netIncome": 1561000000,
    "netIncomeRatio": 0.1079529737,
    "eps": 0.88,
    "epsdiluted": 0.88,
    "weightedAverageShsOut": 1769000000,
    "weightedAverageShsOutDil": 1772000000,
    "link": "https://www.sec.gov/Archives/edgar/data/1551152/000155115224000040/0001551152-24-000040-index.htm",
    "finalLink": "https://www.sec.gov/Archives/edgar/data/1551152/000155115224000040/abbv-20240930.htm"
  },
  {
    "date": "2024-06-30",
    "symbol": "ABBV",
    "reportedCurrency": "USD",
    "cik": "0001551152",
    "fillingDate": "2024-08-07",
    "acceptedDate": "2024-08-07 15:00:51",
    "calendarYear": "2024",
    "period": "Q2",
    "revenue": 14462000000,
    "costOfRevenue": 4202000000,
    "grossProfit": 10260000000,
    "grossProfitRatio": 0.7094454432,
    "researchAndDevelopmentExpenses": 1948000000,
    "generalAndAdministrativeExpenses": 0,
    "sellingAndMarketingExpenses": 0,
    "sellingGeneralAndAdministrativeExpenses": 3377000000,
    "otherExpenses": 937000000,
    "operatingExpenses": 6262000000,
    "costAndExpenses": 10464000000,
    "interestIncome": 220000000,
    "interestExpense": 726000000,
    "depreciationAndAmortization": 2131000000,
    "ebitda": 5003000000,
    "ebitdaratio": 0.345941087,
    "operatingIncome": 3998000000,
    "operatingIncomeRatio": 0.276448624,
    "totalOtherIncomeExpensesNet": -1852000000,
    "incomeBeforeTax": 2146000000,
    "incomeBeforeTaxRatio": 0.1483888812,
    "incomeTaxExpense": 773000000,
    "netIncome": 1370000000,
    "netIncomeRatio": 0.0947310192,
    "eps": 0.77,
    "epsdiluted": 0.77,
    "weightedAverageShsOut": 1769000000,
    "weightedAverageShsOutDil": 1771000000,
    "link": "https://www.sec.gov/Archives/edgar/data/1551152/000155115224000031/0001551152-24-000031-index.htm",
    "finalLink": "https://www.sec.gov/Archives/edgar/data/1551152/000155115224000031/abbv-20240630.htm"
  },
  {
    "date": "2024-03-31",
    "symbol": "ABBV",
    "reportedCurrency": "USD",
    "cik": "0001551152",
    "fillingDate": "2024-05-03",
    "acceptedDate": "2024-05-03 11:04:11",
    "calendarYear": "2024",
    "period": "Q1",
    "revenue": 12310000000,
    "costOfRevenue": 4094000000,
    "grossProfit": 8216000000,
    "grossProfitRatio": 0.6674248578,
    "researchAndDevelopmentExpenses": 1939000000,
    "generalAndAdministrativeExpenses": 0,
    "sellingAndMarketingExpenses": 0,
    "sellingGeneralAndAdministrativeExpenses": 3315000000,
    "otherExpenses": 164000000,
    "operatingExpenses": 5418000000,
    "costAndExpenses": 9512000000,
    "interestIncome": 207000000,
    "interestExpense": 660000000,
    "depreciationAndAmortization": 2074000000,
    "ebitda": 4489000000,
    "ebitdaratio": 0.3646628757,
    "operatingIncome": 2798000000,
    "operatingIncomeRatio": 0.2272948822,
    "totalOtherIncomeExpensesNet": -1043000000,
    "incomeBeforeTax": 1755000000,
    "incomeBeforeTaxRatio": 0.1425670187,
    "incomeTaxExpense": 383000000,
    "netIncome": 1369000000,
    "netIncomeRatio": 0.1112103981,
    "eps": 0.77,
    "epsdiluted": 0.77,
    "weightedAverageShsOut": 1769000000,
    "weightedAverageShsOutDil": 1773000000,
    "link": "https://www.sec.gov/Archives/edgar/data/1551152/000155115224000020/0001551152-24-000020-index.htm",
    "finalLink": "https://www.sec.gov/Archives/edgar/data/1551152/000155115224000020/abbv-20240331.htm"
  },
  {
    "date": "2023-12-31",
    "symbol": "ABBV",
    "reportedCurrency": "USD",
    "cik": "0001551152",
    "fillingDate": "2024-02-20",
    "acceptedDate": "2024-02-20 12:45:17",
    "calendarYear": "2023",
    "period": "Q4",
    "revenue": 14301000000,
    "costOfRevenue": 5704000000,
    "grossProfit": 8597000000,
    "grossProfitRatio": 0.601146773,
    "researchAndDevelopmentExpenses": 2209000000,
    "generalAndAdministrativeExpenses": 1355000000,
    "sellingAndMarketingExpenses": 1838000000,
    "sellingGeneralAndAdministrativeExpenses": 3193000000,
    "otherExpenses": 0,
    "operatingExpenses": 5402000000,
    "costAndExpenses": 11106000000,
    "interestIncome": 186000000,
    "interestExpense": 564000000,
    "depreciationAndAmortization": 2076000000,
    "ebitda": 3852000000,
    "ebitdaratio": 0.2693517936,
    "operatingIncome": 3195000000,
    "operatingIncomeRatio": 0.2234109503,
    "totalOtherIncomeExpensesNet": -1983000000,
    "incomeBeforeTax": 1212000000,
    "incomeBeforeTaxRatio": 0.0847493182,
    "incomeTaxExpense": 388000000,
    "netIncome": 822000000,
    "netIncomeRatio": 0.057478498,
    "eps": 0.46,
    "epsdiluted": 0.46,
    "weightedAverageShsOut": 1765940733,
    "weightedAverageShsOutDil": 1772000000,
    "link": "https://www.sec.gov/Archives/edgar/data/1551152/000155115224000011/0001551152-24-000011-index.htm",
    "finalLink": "https://www.sec.gov/Archives/edgar/data/1551152/000155115224000011/abbv-20231231.htm"
  },
  {
    "date": "2023-09-30",
    "symbol": "ABBV",
    "reportedCurrency": "USD",
    "cik": "0001551152",
    "fillingDate": "2023-11-06",
    "acceptedDate": "2023-11-06 13:01:04",
    "calendarYear": "2023",
    "period": "Q3",
    "revenue": 13927000000,
    "costOfRevenue": 6485000000,
    "grossProfit": 7442000000,
    "grossProfitRatio": 0.5343577224,
    "researchAndDevelopmentExpenses": 1723000000,
    "generalAndAdministrativeExpenses": 0,
    "sellingAndMarketingExpenses": 0,
    "sellingGeneralAndAdministrativeExpenses": 3372000000,
    "otherExpenses": 66000000,
    "operatingExpenses": 5161000000,
    "costAndExpenses": 11646000000,
    "interestIncome": 157000000,
    "interestExpense": 555000000,
    "depreciationAndAmortization": 2235000000,
    "ebitda": 4743000000,
    "ebitdaratio": 0.3405614992,
    "operatingIncome": 2281000000,
    "operatingIncomeRatio": 0.1637825806,
    "totalOtherIncomeExpensesNet": -328000000,
    "incomeBeforeTax": 1953000000,
    "incomeBeforeTaxRatio": 0.1402312056,
    "incomeTaxExpense": 172000000,
    "netIncome": 1778000000,
    "netIncomeRatio": 0.1276656854,
    "eps": 1,
    "epsdiluted": 1,
    "weightedAverageShsOut": 1767000000,
    "weightedAverageShsOutDil": 1771000000,
    "link": "https://www.sec.gov/Archives/edgar/data/1551152/000155115223000045/0001551152-23-000045-index.htm",
    "finalLink": "https://www.sec.gov/Archives/edgar/data/1551152/000155115223000045/abbv-20230930.htm"
  },
  {
    "date": "2023-06-30",
    "symbol": "ABBV",
    "reportedCurrency": "USD",
    "cik": "0001551152",
    "fillingDate": "2023-08-07",
    "acceptedDate": "2023-08-07 13:10:46",
    "calendarYear": "2023",
    "period": "Q2",
    "revenue": 13865000000,
    "costOfRevenue": 4240000000,
    "grossProfit": 9625000000,
    "grossProfitRatio": 0.6941940137,
    "researchAndDevelopmentExpenses": 1733000000,
    "generalAndAdministrativeExpenses": 0,
    "sellingAndMarketingExpenses": 0,
    "sellingGeneralAndAdministrativeExpenses": 3268000000,
    "otherExpenses": 111000000,
    "operatingExpenses": 5112000000,
    "costAndExpenses": 9352000000,
    "interestIncome": 98000000,
    "interestExpense": 552000000,
    "depreciationAndAmortization": 2260000000,
    "ebitda": 5422000000,
    "ebitdaratio": 0.3910566174,
    "operatingIncome": 4513000000,
    "operatingIncomeRatio": 0.3254958529,
    "totalOtherIncomeExpensesNet": -1903000000,
    "incomeBeforeTax": 2610000000,
    "incomeBeforeTaxRatio": 0.1882437793,
    "incomeTaxExpense": 583000000,
    "netIncome": 2024000000,
    "netIncomeRatio": 0.145979084,
    "eps": 1.14,
    "epsdiluted": 1.14,
    "weightedAverageShsOut": 1767000000,
    "weightedAverageShsOutDil": 1771000000,
    "link": "https://www.sec.gov/Archives/edgar/data/1551152/000155115223000033/0001551152-23-000033-index.htm",
    "finalLink": "https://www.sec.gov/Archives/edgar/data/1551152/000155115223000033/abbv-20230630.htm"
  },
  {
    "date": "2023-03-31",
    "symbol": "ABBV",
    "reportedCurrency": "USD",
    "cik": "0001551152",
    "fillingDate": "2023-05-05",
    "acceptedDate": "2023-05-05 12:54:58",
    "calendarYear": "2023",
    "period": "Q1",
    "revenue": 12225000000,
    "costOfRevenue": 3986000000,
    "grossProfit": 8239000000,
    "grossProfitRatio": 0.6739468303,
    "researchAndDevelopmentExpenses": 2292000000,
    "generalAndAdministrativeExpenses": 0,
    "sellingAndMarketingExpenses": 0,
    "sellingGeneralAndAdministrativeExpenses": 3039000000,
    "otherExpenses": 140000000,
    "operatingExpenses": 5471000000,
    "costAndExpenses": 9457000000,
    "interestIncome": 99000000,
    "interestExpense": 553000000,
    "depreciationAndAmortization": 2127000000,
    "ebitda": 3155000000,
    "ebitdaratio": 0.2580777096,
    "operatingIncome": 2768000000,
    "operatingIncomeRatio": 0.2264212679,
    "totalOtherIncomeExpensesNet": -2293000000,
    "incomeBeforeTax": 475000000,
    "incomeBeforeTaxRatio": 0.0388548057,
    "incomeTaxExpense": 234000000,
    "netIncome": 239000000,
    "netIncomeRatio": 0.0195501022,
    "eps": 0.13,
    "epsdiluted": 0.13,
    "weightedAverageShsOut": 1770000000,
    "weightedAverageShsOutDil": 1776000000,
    "link": "https://www.sec.gov/Archives/edgar/data/1551152/000155115223000023/0001551152-23-000023-index.htm",
    "finalLink": "https://www.sec.gov/Archives/edgar/data/1551152/000155115223000023/abbv-20230331.htm"
  },
  {
    "date": "2022-12-31",
    "symbol": "ABBV",
    "reportedCurrency": "USD",
    "cik": "0001551152",
    "fillingDate": "2023-02-17",
    "acceptedDate": "2023-02-17 12:54:29",
    "calendarYear": "2022",
    "period": "Q4",
    "revenue": 15121000000,
    "costOfRevenue": 4170000000,
    "grossProfit": 10951000000,
    "grossProfitRatio": 0.7242245883,
    "researchAndDevelopmentExpenses": 2033000000,
    "generalAndAdministrativeExpenses": 1417000000,
    "sellingAndMarketingExpenses": 2000000000,
    "sellingGeneralAndAdministrativeExpenses": 3417000000,
    "otherExpenses": -1000000,
    "operatingExpenses": 5449000000,
    "costAndExpenses": 9619000000,
    "interestIncome": 90000000,
    "interestExpense": 566000000,
    "depreciationAndAmortization": 2157000000,
    "ebitda": 5688000000,
    "ebitdaratio": 0.3761655975,
    "operatingIncome": 5502000000,
    "operatingIncomeRatio": 0.3638648238,
    "totalOtherIncomeExpensesNet": -2537000000,
    "incomeBeforeTax": 2965000000,
    "incomeBeforeTaxRatio": 0.196084915,
    "incomeTaxExpense": 493000000,
    "netIncome": 2473000000,
    "netIncomeRatio": 0.1635473844,
    "eps": 1.4,
    "epsdiluted": 1.39,
    "weightedAverageShsOut": 1769181294,
    "weightedAverageShsOutDil": 1778000000,
    "link": "https://www.sec.gov/Archives/edgar/data/1551152/000155115223000011/0001551152-23-000011-index.htm",
    "finalLink": "https://www.sec.gov/Archives/edgar/data/1551152/000155115223000011/abbv-20221231.htm"
  },
  {
    "date": "2022-09-30",
    "symbol": "ABBV",
    "reportedCurrency": "USD",
    "cik": "0001551152",
    "fillingDate": "2022-11-04",
    "acceptedDate": "2022-11-04 13:07:23",
    "calendarYear": "2022",
    "period": "Q3",
    "revenue": 14812000000,
    "costOfRevenue": 5022000000,
    "grossProfit": 9790000000,
    "grossProfitRatio": 0.6609505806,
    "researchAndDevelopmentExpenses": 1614000000,
    "generalAndAdministrativeExpenses": 0,
    "sellingAndMarketingExpenses": 0,
    "sellingGeneralAndAdministrativeExpenses": 3304000000,
    "otherExpenses": 229000000,
    "operatingExpenses": 5147000000,
    "costAndExpenses": 10209000000,
    "interestIncome": 63000000,
    "interestExpense": 560000000,
    "depreciationAndAmortization": 2205000000,
    "ebitda": 7165000000,
    "ebitdaratio": 0.4837294086,
    "operatingIncome": 4603000000,
    "operatingIncomeRatio": 0.3107615447,
    "totalOtherIncomeExpensesNet": -203000000,
    "incomeBeforeTax": 4400000000,
    "incomeBeforeTaxRatio": 0.2970564407,
    "incomeTaxExpense": 448000000,
    "netIncome": 3949000000,
    "netIncomeRatio": 0.2666081555,
    "eps": 2.23,
    "epsdiluted": 2.22,
    "weightedAverageShsOut": 1771000000,
    "weightedAverageShsOutDil": 1776000000,
    "link": "https://www.sec.gov/Archives/edgar/data/1551152/000155115222000045/0001551152-22-000045-index.htm",
    "finalLink": "https://www.sec.gov/Archives/edgar/data/1551152/000155115222000045/abbv-20220930.htm"
  },
  {
    "date": "2022-06-30",
    "symbol": "ABBV",
    "reportedCurrency": "USD",
    "cik": "0001551152",
    "fillingDate": "2022-08-04",
    "acceptedDate": "2022-08-04 15:57:33",
    "calendarYear": "2022",
    "period": "Q2",
    "revenue": 14583000000,
    "costOfRevenue": 4170000000,
    "grossProfit": 10413000000,
    "grossProfitRatio": 0.7140506069,
    "researchAndDevelopmentExpenses": 1878000000,
    "generalAndAdministrativeExpenses": 0,
    "sellingAndMarketingExpenses": 0,
    "sellingGeneralAndAdministrativeExpenses": 5412000000,
    "otherExpenses": -172000000,
    "operatingExpenses": 7118000000,
    "costAndExpenses": 11288000000,
    "interestIncome": 24000000,
    "interestExpense": 556000000,
    "depreciationAndAmortization": 2052000000,
    "ebitda": 3791000000,
    "ebitdaratio": 0.2599602277,
    "operatingIncome": 3295000000,
    "operatingIncomeRatio": 0.2259480217,
    "totalOtherIncomeExpensesNet": -2112000000,
    "incomeBeforeTax": 1183000000,
    "incomeBeforeTaxRatio": 0.0811218542,
    "incomeTaxExpense": 255000000,
    "netIncome": 924000000,
    "netIncomeRatio": 0.0633614483,
    "eps": 0.52,
    "epsdiluted": 0.51,
    "weightedAverageShsOut": 1770000000,
    "weightedAverageShsOutDil": 1776000000,
    "link": "https://www.sec.gov/Archives/edgar/data/1551152/000155115222000030/0001551152-22-000030-index.htm",
    "finalLink": "https://www.sec.gov/Archives/edgar/data/1551152/000155115222000030/abbv-20220630.htm"
  },
  {
    "date": "2022-03-31",
    "symbol": "ABBV",
    "reportedCurrency": "USD",
    "cik": "0001551152",
    "fillingDate": "2022-05-06",
    "acceptedDate": "2022-05-06 12:51:05",
    "calendarYear": "2022",
    "period": "Q1",
    "revenue": 13538000000,
    "costOfRevenue": 4052000000,
    "grossProfit": 9486000000,
    "grossProfitRatio": 0.7006943419,
    "researchAndDevelopmentExpenses": 1642000000,
    "generalAndAdministrativeExpenses": 0,
    "sellingAndMarketingExpenses": 0,
    "sellingGeneralAndAdministrativeExpenses": 3127000000,
    "otherExpenses": 0,
    "operatingExpenses": 4769000000,
    "costAndExpenses": 8821000000,
    "interestIncome": 9000000,
    "interestExpense": 548000000,
    "depreciationAndAmortization": 2053000000,
    "ebitda": 7530000000,
    "ebitdaratio": 0.5562121436,
    "operatingIncome": 4717000000,
    "operatingIncomeRatio": 0.3484266509,
    "totalOtherIncomeExpensesNet": 212000000,
    "incomeBeforeTax": 4929000000,
    "incomeBeforeTaxRatio": 0.3640862757,
    "incomeTaxExpense": 436000000,
    "netIncome": 4490000000,
    "netIncomeRatio": 0.3316590338,
    "eps": 2.54,
    "epsdiluted": 2.53,
    "weightedAverageShsOut": 1771000000,
    "weightedAverageShsOutDil": 1778000000,
    "link": "https://www.sec.gov/Archives/edgar/data/1551152/000155115222000017/0001551152-22-000017-index.htm",
    "finalLink": "https://www.sec.gov/Archives/edgar/data/1551152/000155115222000017/abbv-20220331.htm"
  },
  {
    "date": "2021-12-31",
    "symbol": "ABBV",
    "reportedCurrency": "USD",
    "cik": "0001551152",
    "fillingDate": "2022-02-18",
    "acceptedDate": "2022-02-18 12:41:31",
    "calendarYear": "2021",
    "period": "Q4",
    "revenue": 14886000000,
    "costOfRevenue": 4320000000,
    "grossProfit": 10566000000,
    "grossProfitRatio": 0.7097944377,
    "researchAndDevelopmentExpenses": 2232000000,
    "generalAndAdministrativeExpenses": 1160000000,
    "sellingAndMarketingExpenses": 2100000000,
    "sellingGeneralAndAdministrativeExpenses": 3260000000,
    "otherExpenses": 0,
    "operatingExpenses": 5492000000,
    "costAndExpenses": 9812000000,
    "interestIncome": 9000000,
    "interestExpense": 580000000,
    "depreciationAndAmortization": 1979000000,
    "ebitda": 6830000000,
    "ebitdaratio": 0.4588203681,
    "operatingIncome": 5074000000,
    "operatingIncomeRatio": 0.3408571812,
    "totalOtherIncomeExpensesNet": -803000000,
    "incomeBeforeTax": 4271000000,
    "incomeBeforeTaxRatio": 0.2869138788,
    "incomeTaxExpense": 226000000,
    "netIncome": 4044000000,
    "netIncomeRatio": 0.2716646514,
    "eps": 2.29,
    "epsdiluted": 2.26,
    "weightedAverageShsOut": 1773000000,
    "weightedAverageShsOutDil": 1780000000,
    "link": "https://www.sec.gov/Archives/edgar/data/1551152/000155115222000007/0001551152-22-000007-index.htm",
    "finalLink": "https://www.sec.gov/Archives/edgar/data/1551152/000155115222000007/abbv-20211231.htm"
  },
  {
    "date": "2021-09-30",
    "symbol": "ABBV",
    "reportedCurrency": "USD",
    "cik": "0001551152",
    "fillingDate": "2021-11-02",
    "acceptedDate": "2021-11-02 12:52:31",
    "calendarYear": "2021",
    "period": "Q3",
    "revenue": 14342000000,
    "costOfRevenue": 4390000000,
    "grossProfit": 9952000000,
    "grossProfitRatio": 0.6939060103,
    "researchAndDevelopmentExpenses": 2063000000,
    "generalAndAdministrativeExpenses": 0,
    "sellingAndMarketingExpenses": 0,
    "sellingGeneralAndAdministrativeExpenses": 3083000000,
    "otherExpenses": 500000000,
    "operatingExpenses": 5646000000,
    "costAndExpenses": 10036000000,
    "interestIncome": 11000000,
    "interestExpense": 596000000,
    "depreciationAndAmortization": 2127000000,
    "ebitda": 6411000000,
    "ebitdaratio": 0.4470087854,
    "operatingIncome": 4306000000,
    "operatingIncomeRatio": 0.300237066,
    "totalOtherIncomeExpensesNet": -618000000,
    "incomeBeforeTax": 3688000000,
    "incomeBeforeTaxRatio": 0.2571468414,
    "incomeTaxExpense": 508000000,
    "netIncome": 3179000000,
    "netIncomeRatio": 0.2216566727,
    "eps": 1.78,
    "epsdiluted": 1.78,
    "weightedAverageShsOut": 1770000000,
    "weightedAverageShsOutDil": 1777000000,
    "link": "https://www.sec.gov/Archives/edgar/data/1551152/000155115221000031/0001551152-21-000031-index.htm",
    "finalLink": "https://www.sec.gov/Archives/edgar/data/1551152/000155115221000031/abbv-20210930.htm"
  },
  {
    "date": "2021-06-30",
    "symbol": "ABBV",
    "reportedCurrency": "USD",
    "cik": "0001551152",
    "fillingDate": "2021-08-02",
    "acceptedDate": "2021-08-02 13:28:20",
    "calendarYear": "2021",
    "period": "Q2",
    "revenue": 13959000000,
    "costOfRevenue": 4523000000,
    "grossProfit": 9436000000,
    "grossProfitRatio": 0.6759796547,
    "researchAndDevelopmentExpenses": 1899000000,
    "generalAndAdministrativeExpenses": 0,
    "sellingAndMarketingExpenses": 0,
    "sellingGeneralAndAdministrativeExpenses": 3072000000,
    "otherExpenses": 0,
    "operatingExpenses": 4995000000,
    "costAndExpenses": 9518000000,
    "interestIncome": 9000000,
    "interestExpense": 615000000,
    "depreciationAndAmortization": 2200000000,
    "ebitda": 3978000000,
    "ebitdaratio": 0.2849774339,
    "operatingIncome": 4441000000,
    "operatingIncomeRatio": 0.318145999,
    "totalOtherIncomeExpensesNet": -3278000000,
    "incomeBeforeTax": 1163000000,
    "incomeBeforeTaxRatio": 0.0833154237,
    "incomeTaxExpense": 394000000,
    "netIncome": 766000000,
    "netIncomeRatio": 0.054874991,
    "eps": 0.42,
    "epsdiluted": 0.42,
    "weightedAverageShsOut": 1769000000,
    "weightedAverageShsOutDil": 1776000000,
    "link": "https://www.sec.gov/Archives/edgar/data/1551152/000155115221000025/0001551152-21-000025-index.htm",
    "finalLink": "https://www.sec.gov/Archives/edgar/data/1551152/000155115221000025/abbv-20210630.htm"
  },
  {
    "date": "2021-03-31",
    "symbol": "ABBV",
    "reportedCurrency": "USD",
    "cik": "0001551152",
    "fillingDate": "2021-05-07",
    "acceptedDate": "2021-05-07 10:14:00",
    "calendarYear": "2021",
    "period": "Q1",
    "revenue": 13010000000,
    "costOfRevenue": 4213000000,
    "grossProfit": 8797000000,
    "grossProfitRatio": 0.6761721752,
    "researchAndDevelopmentExpenses": 1852000000,
    "generalAndAdministrativeExpenses": 0,
    "sellingAndMarketingExpenses": 0,
    "sellingGeneralAndAdministrativeExpenses": 2842000000,
    "otherExpenses": 0,
    "operatingExpenses": 4694000000,
    "costAndExpenses": 8907000000,
    "interestIncome": 10000000,
    "interestExpense": 632000000,
    "depreciationAndAmortization": 2215000000,
    "ebitda": 6714000000,
    "ebitdaratio": 0.5160645657,
    "operatingIncome": 4103000000,
    "operatingIncomeRatio": 0.3153727902,
    "totalOtherIncomeExpensesNet": -236000000,
    "incomeBeforeTax": 3867000000,
    "incomeBeforeTaxRatio": 0.2972328978,
    "incomeTaxExpense": 312000000,
    "netIncome": 3553000000,
    "netIncomeRatio": 0.2730976172,
    "eps": 2,
    "epsdiluted": 1.99,
    "weightedAverageShsOut": 1769000000,
    "weightedAverageShsOutDil": 1775000000,
    "link": "https://www.sec.gov/Archives/edgar/data/1551152/000155115221000016/0001551152-21-000016-index.htm",
    "finalLink": "https://www.sec.gov/Archives/edgar/data/1551152/000155115221000016/abbv-20210331.htm"
  },
  {
    "date": "2020-12-31",
    "symbol": "ABBV",
    "reportedCurrency": "USD",
    "cik": "0001551152",
    "fillingDate": "2021-02-19",
    "acceptedDate": "2021-02-19 14:05:43",
    "calendarYear": "2020",
    "period": "Q4",
    "revenue": 13858000000,
    "costOfRevenue": 4684000000,
    "grossProfit": 9174000000,
    "grossProfitRatio": 0.6620002886,
    "researchAndDevelopmentExpenses": 2190000000,
    "generalAndAdministrativeExpenses": 0,
    "sellingAndMarketingExpenses": 0,
    "sellingGeneralAndAdministrativeExpenses": 3231000000,
    "otherExpenses": 0,
    "operatingExpenses": 5421000000,
    "costAndExpenses": 10105000000,
    "interestIncome": 11000000,
    "interestExpense": 629000000,
    "depreciationAndAmortization": 2065000000,
    "ebitda": 1187000000,
    "ebitdaratio": 0.0856544956,
    "operatingIncome": 3753000000,
    "operatingIncomeRatio": 0.2708182999,
    "totalOtherIncomeExpensesNet": -5260000000,
    "incomeBeforeTax": -1507000000,
    "incomeBeforeTaxRatio": -0.1087458508,
    "incomeTaxExpense": -1545000000,
    "netIncome": 36000000,
    "netIncomeRatio": 0.0025977775,
    "eps": 0.0113,
    "epsdiluted": 0.0113,
    "weightedAverageShsOut": 1769000000,
    "weightedAverageShsOutDil": 1781000000,
    "link": "https://www.sec.gov/Archives/edgar/data/1551152/000155115221000008/0001551152-21-000008-index.htm",
    "finalLink": "https://www.sec.gov/Archives/edgar/data/1551152/000155115221000008/abbv-20201231.htm"
  },
  {
    "date": "2020-09-30",
    "symbol": "ABBV",
    "reportedCurrency": "USD",
    "cik": "0001551152",
    "fillingDate": "2020-11-04",
    "acceptedDate": "2020-11-04 09:53:25",
    "calendarYear": "2020",
    "period": "Q3",
    "revenue": 12902000000,
    "costOfRevenue": 5050000000,
    "grossProfit": 7852000000,
    "grossProfitRatio": 0.6085878158,
    "researchAndDevelopmentExpenses": 1706000000,
    "generalAndAdministrativeExpenses": 0,
    "sellingAndMarketingExpenses": 0,
    "sellingGeneralAndAdministrativeExpenses": 2846000000,
    "otherExpenses": 45000000,
    "operatingExpenses": 4597000000,
    "costAndExpenses": 9647000000,
    "interestIncome": 10000000,
    "interestExpense": 630000000,
    "depreciationAndAmortization": 2292000000,
    "ebitda": 5422000000,
    "ebitdaratio": 0.4202449233,
    "operatingIncome": 3255000000,
    "operatingIncomeRatio": 0.2522864672,
    "totalOtherIncomeExpensesNet": -755000000,
    "incomeBeforeTax": 2500000000,
    "incomeBeforeTaxRatio": 0.193768408,
    "incomeTaxExpense": 187000000,
    "netIncome": 2308000000,
    "netIncomeRatio": 0.1788869943,
    "eps": 1.3,
    "epsdiluted": 1.29,
    "weightedAverageShsOut": 1769000000,
    "weightedAverageShsOutDil": 1774000000,
    "link": "https://www.sec.gov/Archives/edgar/data/1551152/000155115220000032/0001551152-20-000032-index.htm",
    "finalLink": "https://www.sec.gov/Archives/edgar/data/1551152/000155115220000032/abbv-20200930x10q.htm"
  },
  {
    "date": "2020-06-30",
    "symbol": "ABBV",
    "reportedCurrency": "USD",
    "cik": "0001551152",
    "fillingDate": "2020-08-04",
    "acceptedDate": "2020-08-04 09:55:42",
    "calendarYear": "2020",
    "period": "Q2",
    "revenue": 10425000000,
    "costOfRevenue": 3711000000,
    "grossProfit": 6714000000,
    "grossProfitRatio": 0.644028777,
    "researchAndDevelopmentExpenses": 2435000000,
    "generalAndAdministrativeExpenses": 0,
    "sellingAndMarketingExpenses": 0,
    "sellingGeneralAndAdministrativeExpenses": 3527000000,
    "otherExpenses": 0,
    "operatingExpenses": 5962000000,
    "costAndExpenses": 9673000000,
    "interestIncome": 18000000,
    "interestExpense": 632000000,
    "depreciationAndAmortization": 1555000000,
    "ebitda": 1494000000,
    "ebitdaratio": 0.1433093525,
    "operatingIncome": 752000000,
    "operatingIncomeRatio": 0.0721342926,
    "totalOtherIncomeExpensesNet": -1445000000,
    "incomeBeforeTax": -693000000,
    "incomeBeforeTaxRatio": -0.0664748201,
    "incomeTaxExpense": 46000000,
    "netIncome": -738000000,
    "netIncomeRatio": -0.0707913669,
    "eps": -0.45,
    "epsdiluted": -0.45,
    "weightedAverageShsOut": 1643478260,
    "weightedAverageShsOutDil": 1647000000,
    "link": "https://www.sec.gov/Archives/edgar/data/1551152/000155115220000023/0001551152-20-000023-index.htm",
    "finalLink": "https://www.sec.gov/Archives/edgar/data/1551152/000155115220000023/abbv-20200630x10q.htm"
  },
  {
    "date": "2020-03-31",
    "symbol": "ABBV",
    "reportedCurrency": "USD",
    "cik": "0001551152",
    "fillingDate": "2020-05-08",
    "acceptedDate": "2020-05-07 19:19:59",
    "calendarYear": "2020",
    "period": "Q1",
    "revenue": 8619000000,
    "costOfRevenue": 1942000000,
    "grossProfit": 6677000000,
    "grossProfitRatio": 0.774683838,
    "researchAndDevelopmentExpenses": 1379000000,
    "generalAndAdministrativeExpenses": 1695000000,
    "sellingAndMarketingExpenses": 0,
    "sellingGeneralAndAdministrativeExpenses": 1695000000,
    "otherExpenses": 0,
    "operatingExpenses": 3074000000,
    "costAndExpenses": 5016000000,
    "interestIncome": 135000000,
    "interestExpense": 563000000,
    "depreciationAndAmortization": 559000000,
    "ebitda": 4220000000,
    "ebitdaratio": 0.4896159647,
    "operatingIncome": 3603000000,
    "operatingIncomeRatio": 0.4180299339,
    "totalOtherIncomeExpensesNet": -505000000,
    "incomeBeforeTax": 3098000000,
    "incomeBeforeTaxRatio": 0.3594384499,
    "incomeTaxExpense": 88000000,
    "netIncome": 3010000000,
    "netIncomeRatio": 0.3492284488,
    "eps": 2.02,
    "epsdiluted": 2.02,
    "weightedAverageShsOut": 1481000000,
    "weightedAverageShsOutDil": 1484000000,
    "link": "https://www.sec.gov/Archives/edgar/data/1551152/000155115220000015/0001551152-20-000015-index.htm",
    "finalLink": "https://www.sec.gov/Archives/edgar/data/1551152/000155115220000015/abbv-20200331x10q.htm"
  },
  {
    "date": "2019-12-31",
    "symbol": "ABBV",
    "reportedCurrency": "USD",
    "cik": "0001551152",
    "fillingDate": "2020-02-21",
    "acceptedDate": "2020-02-21 10:51:26",
    "calendarYear": "2019",
    "period": "Q4",
    "revenue": 8704000000,
    "costOfRevenue": 2006000000,
    "grossProfit": 6698000000,
    "grossProfitRatio": 0.76953125,
    "researchAndDevelopmentExpenses": 1681000000,
    "generalAndAdministrativeExpenses": 780000000,
    "sellingAndMarketingExpenses": 0,
    "sellingGeneralAndAdministrativeExpenses": 1951000000,
    "otherExpenses": -890000000,
    "operatingExpenses": 2742000000,
    "costAndExpenses": 4748000000,
    "interestIncome": 104000000,
    "interestExpense": 559000000,
    "depreciationAndAmortization": 509000000,
    "ebitda": 4142000000,
    "ebitdaratio": 0.4758731618,
    "operatingIncome": 3956000000,
    "operatingIncomeRatio": 0.4545036765,
    "totalOtherIncomeExpensesNet": -882000000,
    "incomeBeforeTax": 3074000000,
    "incomeBeforeTaxRatio": 0.3531709559,
    "incomeTaxExpense": 273000000,
    "netIncome": 2801000000,
    "netIncomeRatio": 0.3218060662,
    "eps": 1.89,
    "epsdiluted": 1.88,
    "weightedAverageShsOut": 1484000000,
    "weightedAverageShsOutDil": 1487000000,
    "link": "https://www.sec.gov/Archives/edgar/data/1551152/000155115220000007/0001551152-20-000007-index.htm",
    "finalLink": "https://www.sec.gov/Archives/edgar/data/1551152/000155115220000007/abbv-20191231x10k.htm"
  },
  {
    "date": "2019-09-30",
    "symbol": "ABBV",
    "reportedCurrency": "USD",
    "cik": "0001551152",
    "fillingDate": "2019-11-06",
    "acceptedDate": "2019-11-06 10:16:49",
    "calendarYear": "2019",
    "period": "Q3",
    "revenue": 8479000000,
    "costOfRevenue": 1920000000,
    "grossProfit": 6559000000,
    "grossProfitRatio": 0.7735582026,
    "researchAndDevelopmentExpenses": 2285000000,
    "generalAndAdministrativeExpenses": 1657000000,
    "sellingAndMarketingExpenses": 0,
    "sellingGeneralAndAdministrativeExpenses": 1657000000,
    "otherExpenses": 0,
    "operatingExpenses": 3942000000,
    "costAndExpenses": 5862000000,
    "interestIncome": 60000000,
    "interestExpense": 480000000,
    "depreciationAndAmortization": 503000000,
    "ebitda": 2984000000,
    "ebitdaratio": 0.3519282934,
    "operatingIncome": 2617000000,
    "operatingIncomeRatio": 0.3086448874,
    "totalOtherIncomeExpensesNet": -616000000,
    "incomeBeforeTax": 2001000000,
    "incomeBeforeTaxRatio": 0.2359948107,
    "incomeTaxExpense": 117000000,
    "netIncome": 1884000000,
    "netIncomeRatio": 0.2221960137,
    "eps": 1.27,
    "epsdiluted": 1.26,
    "weightedAverageShsOut": 1481000000,
    "weightedAverageShsOutDil": 1483000000,
    "link": "https://www.sec.gov/Archives/edgar/data/1551152/000155115219000030/0001551152-19-000030-index.htm",
    "finalLink": "https://www.sec.gov/Archives/edgar/data/1551152/000155115219000030/abbv-20190930x10q.htm"
  },
  {
    "date": "2019-06-30",
    "symbol": "ABBV",
    "reportedCurrency": "USD",
    "cik": "0001551152",
    "fillingDate": "2019-08-05",
    "acceptedDate": "2019-08-05 12:33:34",
    "calendarYear": "2019",
    "period": "Q2",
    "revenue": 8255000000,
    "costOfRevenue": 1819000000,
    "grossProfit": 6436000000,
    "grossProfitRatio": 0.7796486978,
    "researchAndDevelopmentExpenses": 1382000000,
    "generalAndAdministrativeExpenses": 1654000000,
    "sellingAndMarketingExpenses": 0,
    "sellingGeneralAndAdministrativeExpenses": 1654000000,
    "otherExpenses": 0,
    "operatingExpenses": 3036000000,
    "costAndExpenses": 4855000000,
    "interestIncome": 49000000,
    "interestExpense": 358000000,
    "depreciationAndAmortization": 502000000,
    "ebitda": 1667000000,
    "ebitdaratio": 0.2019382193,
    "operatingIncome": 3400000000,
    "operatingIncomeRatio": 0.411871593,
    "totalOtherIncomeExpensesNet": -2593000000,
    "incomeBeforeTax": 807000000,
    "incomeBeforeTaxRatio": 0.097758934,
    "incomeTaxExpense": 66000000,
    "netIncome": 741000000,
    "netIncomeRatio": 0.0897637795,
    "eps": 0.49,
    "epsdiluted": 0.49,
    "weightedAverageShsOut": 1480000000,
    "weightedAverageShsOutDil": 1484000000,
    "link": "https://www.sec.gov/Archives/edgar/data/1551152/000155115219000023/0001551152-19-000023-index.htm",
    "finalLink": "https://www.sec.gov/Archives/edgar/data/1551152/000155115219000023/abbv-20190630x10q.htm"
  },
  {
    "date": "2019-03-31",
    "symbol": "ABBV",
    "reportedCurrency": "USD",
    "cik": "0001551152",
    "fillingDate": "2019-05-03",
    "acceptedDate": "2019-05-03 10:28:05",
    "calendarYear": "2019",
    "period": "Q1",
    "revenue": 7828000000,
    "costOfRevenue": 1694000000,
    "grossProfit": 6134000000,
    "grossProfitRatio": 0.7835973429,
    "researchAndDevelopmentExpenses": 1444000000,
    "generalAndAdministrativeExpenses": 1680000000,
    "sellingAndMarketingExpenses": 0,
    "sellingGeneralAndAdministrativeExpenses": 1680000000,
    "otherExpenses": 0,
    "operatingExpenses": 3124000000,
    "costAndExpenses": 4818000000,
    "interestIncome": 62000000,
    "interestExpense": 387000000,
    "depreciationAndAmortization": 503000000,
    "ebitda": 3434000000,
    "ebitdaratio": 0.4386816556,
    "operatingIncome": 3010000000,
    "operatingIncomeRatio": 0.384517118,
    "totalOtherIncomeExpensesNet": -466000000,
    "incomeBeforeTax": 2544000000,
    "incomeBeforeTaxRatio": 0.3249872253,
    "incomeTaxExpense": 88000000,
    "netIncome": 2456000000,
    "netIncomeRatio": 0.3137455289,
    "eps": 1.65,
    "epsdiluted": 1.65,
    "weightedAverageShsOut": 1480000000,
    "weightedAverageShsOutDil": 1483000000,
    "link": "https://www.sec.gov/Archives/edgar/data/1551152/000155115219000016/0001551152-19-000016-index.htm",
    "finalLink": "https://www.sec.gov/Archives/edgar/data/1551152/000155115219000016/abbv-20190331x10q.htm"
  },
  {
    "date": "2018-12-31",
    "symbol": "ABBV",
    "reportedCurrency": "USD",
    "cik": "0001551152",
    "fillingDate": "2019-02-27",
    "acceptedDate": "2019-02-27 16:45:37",
    "calendarYear": "2018",
    "period": "Q4",
    "revenue": 8305000000,
    "costOfRevenue": 2022000000,
    "grossProfit": 6283000000,
    "grossProfitRatio": 0.7565322095,
    "researchAndDevelopmentExpenses": 6795000000,
    "generalAndAdministrativeExpenses": 504000000,
    "sellingAndMarketingExpenses": 0,
    "sellingGeneralAndAdministrativeExpenses": 1929000000,
    "otherExpenses": 0,
    "operatingExpenses": 8724000000,
    "costAndExpenses": 10746000000,
    "interestIncome": 61000000,
    "interestExpense": 380000000,
    "depreciationAndAmortization": 442000000,
    "ebitda": -1551000000,
    "ebitdaratio": -0.1867549669,
    "operatingIncome": -2441000000,
    "operatingIncomeRatio": -0.2939193257,
    "totalOtherIncomeExpensesNet": 68000000,
    "incomeBeforeTax": -2373000000,
    "incomeBeforeTaxRatio": -0.2857314871,
    "incomeTaxExpense": 547000000,
    "netIncome": -1826000000,
    "netIncomeRatio": -0.2198675497,
    "eps": -1.22,
    "epsdiluted": -1.22,
    "weightedAverageShsOut": 1496000000,
    "weightedAverageShsOutDil": 1501000000,
    "link": "https://www.sec.gov/Archives/edgar/data/1551152/000155115219000008/0001551152-19-000008-index.htm",
    "finalLink": "https://www.sec.gov/Archives/edgar/data/1551152/000155115219000008/abbv-20181231x10k.htm"
  },
  {
    "date": "2018-09-30",
    "symbol": "ABBV",
    "reportedCurrency": "USD",
    "cik": "0001551152",
    "fillingDate": "2018-11-07",
    "acceptedDate": "2018-11-07 12:45:42",
    "calendarYear": "2018",
    "period": "Q3",
    "revenue": 8236000000,
    "costOfRevenue": 1835000000,
    "grossProfit": 6401000000,
    "grossProfitRatio": 0.7771976688,
    "researchAndDevelopmentExpenses": 1323000000,
    "generalAndAdministrativeExpenses": 1919000000,
    "sellingAndMarketingExpenses": 0,
    "sellingGeneralAndAdministrativeExpenses": 1919000000,
    "otherExpenses": 0,
    "operatingExpenses": 3242000000,
    "costAndExpenses": 5077000000,
    "interestIncome": 37000000,
    "interestExpense": 339000000,
    "depreciationAndAmortization": 435000000,
    "ebitda": 3535000000,
    "ebitdaratio": 0.4292132103,
    "operatingIncome": 3159000000,
    "operatingIncomeRatio": 0.3835599806,
    "totalOtherIncomeExpensesNet": -398000000,
    "incomeBeforeTax": 2761000000,
    "incomeBeforeTaxRatio": 0.3352355512,
    "incomeTaxExpense": 14000000,
    "netIncome": 2747000000,
    "netIncomeRatio": 0.3335356969,
    "eps": 1.81,
    "epsdiluted": 1.81,
    "weightedAverageShsOut": 1511000000,
    "weightedAverageShsOutDil": 1515000000,
    "link": "https://www.sec.gov/Archives/edgar/data/1551152/000155115218000042/0001551152-18-000042-index.htm",
    "finalLink": "https://www.sec.gov/Archives/edgar/data/1551152/000155115218000042/abbv-20180930x10q.htm"
  },
  {
    "date": "2018-06-30",
    "symbol": "ABBV",
    "reportedCurrency": "USD",
    "cik": "0001551152",
    "fillingDate": "2018-08-07",
    "acceptedDate": "2018-08-07 13:14:21",
    "calendarYear": "2018",
    "period": "Q2",
    "revenue": 8278000000,
    "costOfRevenue": 1934000000,
    "grossProfit": 6344000000,
    "grossProfitRatio": 0.7663686881,
    "researchAndDevelopmentExpenses": 1322000000,
    "generalAndAdministrativeExpenses": 1760000000,
    "sellingAndMarketingExpenses": 0,
    "sellingGeneralAndAdministrativeExpenses": 1760000000,
    "otherExpenses": 500000000,
    "operatingExpenses": 3582000000,
    "costAndExpenses": 5516000000,
    "interestIncome": 48000000,
    "interestExpense": 320000000,
    "depreciationAndAmortization": 443000000,
    "ebitda": 2775000000,
    "ebitdaratio": 0.3352259,
    "operatingIncome": 2762000000,
    "operatingIncomeRatio": 0.3336554723,
    "totalOtherIncomeExpensesNet": -750000000,
    "incomeBeforeTax": 2012000000,
    "incomeBeforeTaxRatio": 0.2430538777,
    "incomeTaxExpense": 29000000,
    "netIncome": 1983000000,
    "netIncomeRatio": 0.2395506161,
    "eps": 1.26,
    "epsdiluted": 1.26,
    "weightedAverageShsOut": 1568000000,
    "weightedAverageShsOutDil": 1572000000,
    "link": "https://www.sec.gov/Archives/edgar/data/1551152/000155115218000032/0001551152-18-000032-index.htm",
    "finalLink": "https://www.sec.gov/Archives/edgar/data/1551152/000155115218000032/abbv-20180630x10q.htm"
  },
  {
    "date": "2018-03-31",
    "symbol": "ABBV",
    "reportedCurrency": "USD",
    "cik": "0001551152",
    "fillingDate": "2018-05-04",
    "acceptedDate": "2018-05-04 10:56:33",
    "calendarYear": "2018",
    "period": "Q1",
    "revenue": 7934000000,
    "costOfRevenue": 1927000000,
    "grossProfit": 6007000000,
    "grossProfitRatio": 0.7571212503,
    "researchAndDevelopmentExpenses": 1244000000,
    "generalAndAdministrativeExpenses": 1791000000,
    "sellingAndMarketingExpenses": 0,
    "sellingGeneralAndAdministrativeExpenses": 1791000000,
    "otherExpenses": 0,
    "operatingExpenses": 3104000000,
    "costAndExpenses": 5031000000,
    "interestIncome": 58000000,
    "interestExpense": 309000000,
    "depreciationAndAmortization": 445000000,
    "ebitda": 3551000000,
    "ebitdaratio": 0.4475674313,
    "operatingIncome": 2903000000,
    "operatingIncomeRatio": 0.3658936224,
    "totalOtherIncomeExpensesNet": -106000000,
    "incomeBeforeTax": 2797000000,
    "incomeBeforeTaxRatio": 0.3525334006,
    "incomeTaxExpense": 14000000,
    "netIncome": 2783000000,
    "netIncomeRatio": 0.350768843,
    "eps": 1.74,
    "epsdiluted": 1.74,
    "weightedAverageShsOut": 1591000000,
    "weightedAverageShsOutDil": 1596000000,
    "link": "https://www.sec.gov/Archives/edgar/data/1551152/000155115218000025/0001551152-18-000025-index.htm",
    "finalLink": "https://www.sec.gov/Archives/edgar/data/1551152/000155115218000025/abbv-20180331x10q.htm"
  },
  {
    "date": "2017-12-31",
    "symbol": "ABBV",
    "reportedCurrency": "USD",
    "cik": "0001551152",
    "fillingDate": "2018-02-16",
    "acceptedDate": "2018-02-16 12:40:01",
    "calendarYear": "2017",
    "period": "Q4",
    "revenue": 7739000000,
    "costOfRevenue": 2280000000,
    "grossProfit": 5459000000,
    "grossProfitRatio": 0.7053882931,
    "researchAndDevelopmentExpenses": 1402000000,
    "generalAndAdministrativeExpenses": 727000000,
    "sellingAndMarketingExpenses": 846000000,
    "sellingGeneralAndAdministrativeExpenses": 1573000000,
    "otherExpenses": 0,
    "operatingExpenses": 3665000000,
    "costAndExpenses": 5957000000,
    "interestIncome": 47000000,
    "interestExpense": 299000000,
    "depreciationAndAmortization": 369000000,
    "ebitda": 1861000000,
    "ebitdaratio": 0.240470345,
    "operatingIncome": 1794000000,
    "operatingIncomeRatio": 0.2318128957,
    "totalOtherIncomeExpensesNet": -601000000,
    "incomeBeforeTax": 1193000000,
    "incomeBeforeTaxRatio": 0.1541542835,
    "incomeTaxExpense": 1141000000,
    "netIncome": 52000000,
    "netIncomeRatio": 0.0067192144,
    "eps": 0.0327,
    "epsdiluted": 0.03,
    "weightedAverageShsOut": 1596000000,
    "weightedAverageShsOutDil": 1606000000,
    "link": "https://www.sec.gov/Archives/edgar/data/1551152/000155115218000014/0001551152-18-000014-index.htm",
    "finalLink": "https://www.sec.gov/Archives/edgar/data/1551152/000155115218000014/abbv-20171231x10k.htm"
  },
  {
    "date": "2017-09-30",
    "symbol": "ABBV",
    "reportedCurrency": "USD",
    "cik": "0001551152",
    "fillingDate": "2017-11-07",
    "acceptedDate": "2017-11-07 11:27:57",
    "calendarYear": "2017",
    "period": "Q3",
    "revenue": 6995000000,
    "costOfRevenue": 1616000000,
    "grossProfit": 5379000000,
    "grossProfitRatio": 0.7689778413,
    "researchAndDevelopmentExpenses": 1222000000,
    "generalAndAdministrativeExpenses": 1452000000,
    "sellingAndMarketingExpenses": 0,
    "sellingGeneralAndAdministrativeExpenses": 1452000000,
    "otherExpenses": 0,
    "operatingExpenses": 2674000000,
    "costAndExpenses": 4301000000,
    "interestIncome": 41000000,
    "interestExpense": 293000000,
    "depreciationAndAmortization": 379000000,
    "ebitda": 2767000000,
    "ebitdaratio": 0.395568263,
    "operatingIncome": 2694000000,
    "operatingIncomeRatio": 0.3851322373,
    "totalOtherIncomeExpensesNet": -599000000,
    "incomeBeforeTax": 2095000000,
    "incomeBeforeTaxRatio": 0.2994996426,
    "incomeTaxExpense": 464000000,
    "netIncome": 1631000000,
    "netIncomeRatio": 0.2331665475,
    "eps": 1.02,
    "epsdiluted": 1.01,
    "weightedAverageShsOut": 1597000000,
    "weightedAverageShsOutDil": 1603000000,
    "link": "https://www.sec.gov/Archives/edgar/data/1551152/000155115217000035/0001551152-17-000035-index.htm",
    "finalLink": "https://www.sec.gov/Archives/edgar/data/1551152/000155115217000035/abbv-20170930x10q.htm"
  },
  {
    "date": "2017-06-30",
    "symbol": "ABBV",
    "reportedCurrency": "USD",
    "cik": "0001551152",
    "fillingDate": "2017-08-07",
    "acceptedDate": "2017-08-07 12:15:57",
    "calendarYear": "2017",
    "period": "Q2",
    "revenue": 6944000000,
    "costOfRevenue": 1528000000,
    "grossProfit": 5416000000,
    "grossProfitRatio": 0.7799539171,
    "researchAndDevelopmentExpenses": 1223000000,
    "generalAndAdministrativeExpenses": 1504000000,
    "sellingAndMarketingExpenses": 0,
    "sellingGeneralAndAdministrativeExpenses": 1504000000,
    "otherExpenses": 0,
    "operatingExpenses": 2753000000,
    "costAndExpenses": 4282000000,
    "interestIncome": 31000000,
    "interestExpense": 284000000,
    "depreciationAndAmortization": 379000000,
    "ebitda": 3016000000,
    "ebitdaratio": 0.4343317972,
    "operatingIncome": 2662000000,
    "operatingIncomeRatio": 0.3833525346,
    "totalOtherIncomeExpensesNet": -309000000,
    "incomeBeforeTax": 2353000000,
    "incomeBeforeTaxRatio": 0.3388536866,
    "incomeTaxExpense": 438000000,
    "netIncome": 1915000000,
    "netIncomeRatio": 0.2757776498,
    "eps": 1.2,
    "epsdiluted": 1.19,
    "weightedAverageShsOut": 1595000000,
    "weightedAverageShsOutDil": 1600000000,
    "link": "https://www.sec.gov/Archives/edgar/data/1551152/000155115217000025/0001551152-17-000025-index.htm",
    "finalLink": "https://www.sec.gov/Archives/edgar/data/1551152/000155115217000025/abbv-20170630x10q.htm"
  },
  {
    "date": "2017-03-31",
    "symbol": "ABBV",
    "reportedCurrency": "USD",
    "cik": "0001551152",
    "fillingDate": "2017-05-05",
    "acceptedDate": "2017-05-05 10:09:59",
    "calendarYear": "2017",
    "period": "Q1",
    "revenue": 6538000000,
    "costOfRevenue": 1616000000,
    "grossProfit": 4922000000,
    "grossProfitRatio": 0.7528296115,
    "researchAndDevelopmentExpenses": 1135000000,
    "generalAndAdministrativeExpenses": 1368000000,
    "sellingAndMarketingExpenses": 0,
    "sellingGeneralAndAdministrativeExpenses": 1368000000,
    "otherExpenses": 0,
    "operatingExpenses": 2503000000,
    "costAndExpenses": 4131000000,
    "interestIncome": 26000000,
    "interestExpense": 273000000,
    "depreciationAndAmortization": 374000000,
    "ebitda": 2733000000,
    "ebitdaratio": 0.4180177424,
    "operatingIncome": 2407000000,
    "operatingIncomeRatio": 0.3681553992,
    "totalOtherIncomeExpensesNet": -321000000,
    "incomeBeforeTax": 2086000000,
    "incomeBeforeTaxRatio": 0.3190578158,
    "incomeTaxExpense": 375000000,
    "netIncome": 1711000000,
    "netIncomeRatio": 0.2617008259,
    "eps": 1.07,
    "epsdiluted": 1.06,
    "weightedAverageShsOut": 1597000000,
    "weightedAverageShsOutDil": 1603000000,
    "link": "https://www.sec.gov/Archives/edgar/data/1551152/000155115217000016/0001551152-17-000016-index.htm",
    "finalLink": "https://www.sec.gov/Archives/edgar/data/1551152/000155115217000016/abbv-20170331x10q.htm"
  },
  {
    "date": "2016-12-31",
    "symbol": "ABBV",
    "reportedCurrency": "USD",
    "cik": "0001551152",
    "fillingDate": "2017-02-17",
    "acceptedDate": "2017-02-17 12:19:05",
    "calendarYear": "2016",
    "period": "Q4",
    "revenue": 6796000000,
    "costOfRevenue": 1555000000,
    "grossProfit": 5241000000,
    "grossProfitRatio": 0.7711889347,
    "researchAndDevelopmentExpenses": 1190000000,
    "generalAndAdministrativeExpenses": 889000000,
    "sellingAndMarketingExpenses": 764000000,
    "sellingGeneralAndAdministrativeExpenses": 1653000000,
    "otherExpenses": 0,
    "operatingExpenses": 2883000000,
    "costAndExpenses": 4438000000,
    "interestIncome": 26000000,
    "interestExpense": 316000000,
    "depreciationAndAmortization": 328000000,
    "ebitda": 2642000000,
    "ebitdaratio": 0.388758093,
    "operatingIncome": 2358000000,
    "operatingIncomeRatio": 0.3469688052,
    "totalOtherIncomeExpensesNet": -360000000,
    "incomeBeforeTax": 1998000000,
    "incomeBeforeTaxRatio": 0.2939964685,
    "incomeTaxExpense": 607000000,
    "netIncome": 1391000000,
    "netIncomeRatio": 0.2046792231,
    "eps": 0.87,
    "epsdiluted": 0.85,
    "weightedAverageShsOut": 1592512724,
    "weightedAverageShsOutDil": 1623000000,
    "link": "https://www.sec.gov/Archives/edgar/data/1551152/000155115217000004/0001551152-17-000004-index.htm",
    "finalLink": "https://www.sec.gov/Archives/edgar/data/1551152/000155115217000004/abbv-12312016x10k.htm"
  },
  {
    "date": "2016-09-30",
    "symbol": "ABBV",
    "reportedCurrency": "USD",
    "cik": "0001551152",
    "fillingDate": "2016-11-07",
    "acceptedDate": "2016-11-07 12:52:37",
    "calendarYear": "2016",
    "period": "Q3",
    "revenue": 6432000000,
    "costOfRevenue": 1504000000,
    "grossProfit": 4928000000,
    "grossProfitRatio": 0.7661691542,
    "researchAndDevelopmentExpenses": 1106000000,
    "generalAndAdministrativeExpenses": 1381000000,
    "sellingAndMarketingExpenses": 0,
    "sellingGeneralAndAdministrativeExpenses": 1381000000,
    "otherExpenses": -101000000,
    "operatingExpenses": 2567000000,
    "costAndExpenses": 4071000000,
    "interestIncome": 21000000,
    "interestExpense": 271000000,
    "depreciationAndAmortization": 304000000,
    "ebitda": 2589000000,
    "ebitdaratio": 0.4025186567,
    "operatingIncome": 2361000000,
    "operatingIncomeRatio": 0.3670708955,
    "totalOtherIncomeExpensesNet": -347000000,
    "incomeBeforeTax": 2014000000,
    "incomeBeforeTaxRatio": 0.3131218905,
    "incomeTaxExpense": 416000000,
    "netIncome": 1598000000,
    "netIncomeRatio": 0.2484452736,
    "eps": 0.97,
    "epsdiluted": 0.97,
    "weightedAverageShsOut": 1632000000,
    "weightedAverageShsOutDil": 1640000000,
    "link": "https://www.sec.gov/Archives/edgar/data/1551152/000155115216000005/0001551152-16-000005-index.htm",
    "finalLink": "https://www.sec.gov/Archives/edgar/data/1551152/000155115216000005/abbv-20160930x10q.htm"
  },
  {
    "date": "2016-06-30",
    "symbol": "ABBV",
    "reportedCurrency": "USD",
    "cik": "0001551152",
    "fillingDate": "2016-08-05",
    "acceptedDate": "2016-08-05 12:24:41",
    "calendarYear": "2016",
    "period": "Q2",
    "revenue": 6452000000,
    "costOfRevenue": 1405000000,
    "grossProfit": 5047000000,
    "grossProfitRatio": 0.7822380657,
    "researchAndDevelopmentExpenses": 1124000000,
    "generalAndAdministrativeExpenses": 1466000000,
    "sellingAndMarketingExpenses": 0,
    "sellingGeneralAndAdministrativeExpenses": 1466000000,
    "otherExpenses": -51000000,
    "operatingExpenses": 2660000000,
    "costAndExpenses": 4065000000,
    "interestIncome": 20000000,
    "interestExpense": 245000000,
    "depreciationAndAmortization": 289000000,
    "ebitda": 2630000000,
    "ebitdaratio": 0.4076255425,
    "operatingIncome": 2387000000,
    "operatingIncomeRatio": 0.3699628022,
    "totalOtherIncomeExpensesNet": -291000000,
    "incomeBeforeTax": 2096000000,
    "incomeBeforeTaxRatio": 0.3248605084,
    "incomeTaxExpense": 486000000,
    "netIncome": 1610000000,
    "netIncomeRatio": 0.2495350279,
    "eps": 0.99,
    "epsdiluted": 0.98,
    "weightedAverageShsOut": 1624000000,
    "weightedAverageShsOutDil": 1632000000,
    "link": "https://www.sec.gov/Archives/edgar/data/1551152/000110465916137453/0001104659-16-137453-index.htm",
    "finalLink": "https://www.sec.gov/Archives/edgar/data/1551152/000110465916137453/a16-11616_110q.htm"
  },
  {
    "date": "2016-03-31",
    "symbol": "ABBV",
    "reportedCurrency": "USD",
    "cik": "0001551152",
    "fillingDate": "2016-05-06",
    "acceptedDate": "2016-05-06 12:22:19",
    "calendarYear": "2016",
    "period": "Q1",
    "revenue": 5958000000,
    "costOfRevenue": 1369000000,
    "grossProfit": 4589000000,
    "grossProfitRatio": 0.7702249077,
    "researchAndDevelopmentExpenses": 946000000,
    "generalAndAdministrativeExpenses": 1355000000,
    "sellingAndMarketingExpenses": 0,
    "sellingGeneralAndAdministrativeExpenses": 1355000000,
    "otherExpenses": 0,
    "operatingExpenses": 2301000000,
    "costAndExpenses": 3680000000,
    "interestIncome": 15000000,
    "interestExpense": 215000000,
    "depreciationAndAmortization": 268000000,
    "ebitda": 2259000000,
    "ebitdaratio": 0.3791540785,
    "operatingIncome": 2278000000,
    "operatingIncomeRatio": 0.3823430681,
    "totalOtherIncomeExpensesNet": -502000000,
    "incomeBeforeTax": 1776000000,
    "incomeBeforeTaxRatio": 0.2980866062,
    "incomeTaxExpense": 422000000,
    "netIncome": 1354000000,
    "netIncomeRatio": 0.2272574689,
    "eps": 0.83,
    "epsdiluted": 0.83,
    "weightedAverageShsOut": 1616000000,
    "weightedAverageShsOutDil": 1625000000,
    "link": "https://www.sec.gov/Archives/edgar/data/1551152/000110465916118639/0001104659-16-118639-index.htm",
    "finalLink": "https://www.sec.gov/Archives/edgar/data/1551152/000110465916118639/a16-6520_110q.htm"
  },
  {
    "date": "2015-12-31",
    "symbol": "ABBV",
    "reportedCurrency": "USD",
    "cik": "0001551152",
    "fillingDate": "2016-02-19",
    "acceptedDate": "2016-02-19 12:32:59",
    "calendarYear": "2015",
    "period": "Q4",
    "revenue": 6400000000,
    "costOfRevenue": 1475000000,
    "grossProfit": 4925000000,
    "grossProfitRatio": 0.76953125,
    "researchAndDevelopmentExpenses": 1075000000,
    "generalAndAdministrativeExpenses": 1737000000,
    "sellingAndMarketingExpenses": 0,
    "sellingGeneralAndAdministrativeExpenses": 1737000000,
    "otherExpenses": 12000000,
    "operatingExpenses": 2812000000,
    "costAndExpenses": 4287000000,
    "interestIncome": 9000000,
    "interestExpense": 208000000,
    "depreciationAndAmortization": 261000000,
    "ebitda": 2393000000,
    "ebitdaratio": 0.37390625,
    "operatingIncome": 2113000000,
    "operatingIncomeRatio": 0.33015625,
    "totalOtherIncomeExpensesNet": -189000000,
    "incomeBeforeTax": 1924000000,
    "incomeBeforeTaxRatio": 0.300625,
    "incomeTaxExpense": 407000000,
    "netIncome": 1517000000,
    "netIncomeRatio": 0.23703125,
    "eps": 0.94,
    "epsdiluted": 0.92,
    "weightedAverageShsOut": 1609892935,
    "weightedAverageShsOutDil": 1640000000,
    "link": "https://www.sec.gov/Archives/edgar/data/1551152/000104746916010239/0001047469-16-010239-index.htm",
    "finalLink": "https://www.sec.gov/Archives/edgar/data/1551152/000104746916010239/a2227341z10-k.htm"
  },
  {
    "date": "2015-09-30",
    "symbol": "ABBV",
    "reportedCurrency": "USD",
    "cik": "0001551152",
    "fillingDate": "2015-11-06",
    "acceptedDate": "2015-11-06 13:40:18",
    "calendarYear": "2015",
    "period": "Q3",
    "revenue": 5944000000,
    "costOfRevenue": 1167000000,
    "grossProfit": 4777000000,
    "grossProfitRatio": 0.8036675639,
    "researchAndDevelopmentExpenses": 1418000000,
    "generalAndAdministrativeExpenses": 1474000000,
    "sellingAndMarketingExpenses": 0,
    "sellingGeneralAndAdministrativeExpenses": 1474000000,
    "otherExpenses": -28000000,
    "operatingExpenses": 2892000000,
    "costAndExpenses": 4059000000,
    "interestIncome": 10000000,
    "interestExpense": 207000000,
    "depreciationAndAmortization": 227000000,
    "ebitda": 2081000000,
    "ebitdaratio": 0.3501009421,
    "operatingIncome": 1885000000,
    "operatingIncomeRatio": 0.3171265141,
    "totalOtherIncomeExpensesNet": -238000000,
    "incomeBeforeTax": 1647000000,
    "incomeBeforeTaxRatio": 0.2770861373,
    "incomeTaxExpense": 408000000,
    "netIncome": 1239000000,
    "netIncomeRatio": 0.2084454913,
    "eps": 0.75,
    "epsdiluted": 0.74,
    "weightedAverageShsOut": 1652000000,
    "weightedAverageShsOutDil": 1664000000,
    "link": "https://www.sec.gov/Archives/edgar/data/1551152/000110465915076607/0001104659-15-076607-index.htm",
    "finalLink": "https://www.sec.gov/Archives/edgar/data/1551152/000110465915076607/a15-17846_110q.htm"
  },
  {
    "date": "2015-06-30",
    "symbol": "ABBV",
    "reportedCurrency": "USD",
    "cik": "0001551152",
    "fillingDate": "2015-08-07",
    "acceptedDate": "2015-08-07 13:58:41",
    "calendarYear": "2015",
    "period": "Q2",
    "revenue": 5475000000,
    "costOfRevenue": 916000000,
    "grossProfit": 4559000000,
    "grossProfitRatio": 0.8326940639,
    "researchAndDevelopmentExpenses": 981000000,
    "generalAndAdministrativeExpenses": 1703000000,
    "sellingAndMarketingExpenses": 0,
    "sellingGeneralAndAdministrativeExpenses": 1703000000,
    "otherExpenses": 4000000,
    "operatingExpenses": 2684000000,
    "costAndExpenses": 3623000000,
    "interestIncome": 8000000,
    "interestExpense": 172000000,
    "depreciationAndAmortization": 190000000,
    "ebitda": 2040000000,
    "ebitdaratio": 0.3726027397,
    "operatingIncome": 1852000000,
    "operatingIncomeRatio": 0.3382648402,
    "totalOtherIncomeExpensesNet": -174000000,
    "incomeBeforeTax": 1678000000,
    "incomeBeforeTaxRatio": 0.3064840183,
    "incomeTaxExpense": 312000000,
    "netIncome": 1366000000,
    "netIncomeRatio": 0.2494977169,
    "eps": 0.84,
    "epsdiluted": 0.83,
    "weightedAverageShsOut": 1620000000,
    "weightedAverageShsOutDil": 1633000000,
    "link": "https://www.sec.gov/Archives/edgar/data/1551152/000110465915057641/0001104659-15-057641-index.htm",
    "finalLink": "https://www.sec.gov/Archives/edgar/data/1551152/000110465915057641/a15-11918_110q.htm"
  },
  {
    "date": "2015-03-31",
    "symbol": "ABBV",
    "reportedCurrency": "USD",
    "cik": "0001551152",
    "fillingDate": "2015-05-08",
    "acceptedDate": "2015-05-08 16:15:17",
    "calendarYear": "2015",
    "period": "Q1",
    "revenue": 5040000000,
    "costOfRevenue": 942000000,
    "grossProfit": 4098000000,
    "grossProfitRatio": 0.8130952381,
    "researchAndDevelopmentExpenses": 811000000,
    "generalAndAdministrativeExpenses": 1473000000,
    "sellingAndMarketingExpenses": 0,
    "sellingGeneralAndAdministrativeExpenses": 1473000000,
    "otherExpenses": -1000000,
    "operatingExpenses": 2284000000,
    "costAndExpenses": 3353000000,
    "interestIncome": 6000000,
    "interestExpense": 132000000,
    "depreciationAndAmortization": 158000000,
    "ebitda": 1686000000,
    "ebitdaratio": 0.3345238095,
    "operatingIncome": 1687000000,
    "operatingIncomeRatio": 0.3347222222,
    "totalOtherIncomeExpensesNet": -291000000,
    "incomeBeforeTax": 1396000000,
    "incomeBeforeTaxRatio": 0.276984127,
    "incomeTaxExpense": 374000000,
    "netIncome": 1022000000,
    "netIncomeRatio": 0.2027777778,
    "eps": 0.64,
    "epsdiluted": 0.63,
    "weightedAverageShsOut": 1595000000,
    "weightedAverageShsOutDil": 1608000000,
    "link": "https://www.sec.gov/Archives/edgar/data/1551152/000110465915036257/0001104659-15-036257-index.htm",
    "finalLink": "https://www.sec.gov/Archives/edgar/data/1551152/000110465915036257/a15-7010_110q.htm"
  },
  {
    "date": "2014-12-31",
    "symbol": "ABBV",
    "reportedCurrency": "USD",
    "cik": "0001551152",
    "fillingDate": "2015-02-20",
    "acceptedDate": "2015-02-20 15:18:31",
    "calendarYear": "2014",
    "period": "Q4",
    "revenue": 5452000000,
    "costOfRevenue": 1119000000,
    "grossProfit": 4333000000,
    "grossProfitRatio": 0.7947542186,
    "researchAndDevelopmentExpenses": 879000000,
    "generalAndAdministrativeExpenses": 3341000000,
    "sellingAndMarketingExpenses": 0,
    "sellingGeneralAndAdministrativeExpenses": 3341000000,
    "otherExpenses": 3000000,
    "operatingExpenses": 4720000000,
    "costAndExpenses": 5867000000,
    "interestIncome": 10000000,
    "interestExpense": 139000000,
    "depreciationAndAmortization": 193000000,
    "ebitda": -705000000,
    "ebitdaratio": -0.1293103448,
    "operatingIncome": -415000000,
    "operatingIncomeRatio": -0.0761188555,
    "totalOtherIncomeExpensesNet": -622000000,
    "incomeBeforeTax": -1037000000,
    "incomeBeforeTaxRatio": -0.1902054292,
    "incomeTaxExpense": 227000000,
    "netIncome": -810000000,
    "netIncomeRatio": -0.1485693324,
    "eps": -0.51,
    "epsdiluted": -0.51,
    "weightedAverageShsOut": 1591389331,
    "weightedAverageShsOutDil": 1597000000,
    "link": "https://www.sec.gov/Archives/edgar/data/1551152/000104746915000995/0001047469-15-000995-index.htm",
    "finalLink": "https://www.sec.gov/Archives/edgar/data/1551152/000104746915000995/a2223058z10-k.htm"
  },
  {
    "date": "2014-09-30",
    "symbol": "ABBV",
    "reportedCurrency": "USD",
    "cik": "0001551152",
    "fillingDate": "2014-11-07",
    "acceptedDate": "2014-11-07 16:09:36",
    "calendarYear": "2014",
    "period": "Q3",
    "revenue": 5019000000,
    "costOfRevenue": 1094000000,
    "grossProfit": 3925000000,
    "grossProfitRatio": 0.7820282925,
    "researchAndDevelopmentExpenses": 812000000,
    "generalAndAdministrativeExpenses": 1595000000,
    "sellingAndMarketingExpenses": 0,
    "sellingGeneralAndAdministrativeExpenses": 1595000000,
    "otherExpenses": -221000000,
    "operatingExpenses": 2407000000,
    "costAndExpenses": 4059000000,
    "interestIncome": 20000000,
    "interestExpense": 148000000,
    "depreciationAndAmortization": 192000000,
    "ebitda": 1027000000,
    "ebitdaratio": 0.2046224347,
    "operatingIncome": 960000000,
    "operatingIncomeRatio": 0.191273162,
    "totalOtherIncomeExpensesNet": -273000000,
    "incomeBeforeTax": 687000000,
    "incomeBeforeTaxRatio": 0.1368798565,
    "incomeTaxExpense": 181000000,
    "netIncome": 506000000,
    "netIncomeRatio": 0.1008168958,
    "eps": 0.32,
    "epsdiluted": 0.31,
    "weightedAverageShsOut": 1595000000,
    "weightedAverageShsOutDil": 1610000000,
    "link": "https://www.sec.gov/Archives/edgar/data/1551152/000110465914078391/0001104659-14-078391-index.htm",
    "finalLink": "https://www.sec.gov/Archives/edgar/data/1551152/000110465914078391/a14-19670_110q.htm"
  },
  {
    "date": "2014-06-30",
    "symbol": "ABBV",
    "reportedCurrency": "USD",
    "cik": "0001551152",
    "fillingDate": "2014-08-07",
    "acceptedDate": "2014-08-07 17:03:44",
    "calendarYear": "2014",
    "period": "Q2",
    "revenue": 4926000000,
    "costOfRevenue": 1113000000,
    "grossProfit": 3813000000,
    "grossProfitRatio": 0.7740560292,
    "researchAndDevelopmentExpenses": 834000000,
    "generalAndAdministrativeExpenses": 1448000000,
    "sellingAndMarketingExpenses": 0,
    "sellingGeneralAndAdministrativeExpenses": 1448000000,
    "otherExpenses": -8000000,
    "operatingExpenses": 2282000000,
    "costAndExpenses": 3411000000,
    "interestIncome": 4000000,
    "interestExpense": 73000000,
    "depreciationAndAmortization": 202000000,
    "ebitda": 1708000000,
    "ebitdaratio": 0.3467316281,
    "operatingIncome": 1515000000,
    "operatingIncomeRatio": 0.3075517661,
    "totalOtherIncomeExpensesNet": -82000000,
    "incomeBeforeTax": 1433000000,
    "incomeBeforeTaxRatio": 0.2909053999,
    "incomeTaxExpense": 335000000,
    "netIncome": 1098000000,
    "netIncomeRatio": 0.2228989038,
    "eps": 0.69,
    "epsdiluted": 0.68,
    "weightedAverageShsOut": 1594000000,
    "weightedAverageShsOutDil": 1608000000,
    "link": "https://www.sec.gov/Archives/edgar/data/1551152/000110465914058340/0001104659-14-058340-index.htm",
    "finalLink": "https://www.sec.gov/Archives/edgar/data/1551152/000110465914058340/a14-13926_110q.htm"
  },
  {
    "date": "2014-03-31",
    "symbol": "ABBV",
    "reportedCurrency": "USD",
    "cik": "0001551152",
    "fillingDate": "2014-05-09",
    "acceptedDate": "2014-05-09 14:11:57",
    "calendarYear": "2014",
    "period": "Q1",
    "revenue": 4563000000,
    "costOfRevenue": 1100000000,
    "grossProfit": 3463000000,
    "grossProfitRatio": 0.7589305282,
    "researchAndDevelopmentExpenses": 772000000,
    "generalAndAdministrativeExpenses": 1340000000,
    "sellingAndMarketingExpenses": 0,
    "sellingGeneralAndAdministrativeExpenses": 1340000000,
    "otherExpenses": 3000000,
    "operatingExpenses": 2112000000,
    "costAndExpenses": 3212000000,
    "interestIncome": 5000000,
    "interestExpense": 70000000,
    "depreciationAndAmortization": 199000000,
    "ebitda": 1555000000,
    "ebitdaratio": 0.3407845716,
    "operatingIncome": 1351000000,
    "operatingIncomeRatio": 0.2960771422,
    "totalOtherIncomeExpensesNet": -65000000,
    "incomeBeforeTax": 1286000000,
    "incomeBeforeTaxRatio": 0.281832128,
    "incomeTaxExpense": 306000000,
    "netIncome": 980000000,
    "netIncomeRatio": 0.214770984,
    "eps": 0.61,
    "epsdiluted": 0.61,
    "weightedAverageShsOut": 1595000000,
    "weightedAverageShsOutDil": 1609000000,
    "link": "https://www.sec.gov/Archives/edgar/data/1551152/000110465914036968/0001104659-14-036968-index.htm",
    "finalLink": "https://www.sec.gov/Archives/edgar/data/1551152/000110465914036968/a14-8929_110q.htm"
  },
  {
    "date": "2013-12-31",
    "symbol": "ABBV",
    "reportedCurrency": "USD",
    "cik": "0001551152",
    "fillingDate": "2014-02-21",
    "acceptedDate": "2014-02-21 15:03:44",
    "calendarYear": "2013",
    "period": "Q4",
    "revenue": 5111000000,
    "costOfRevenue": 1282000000,
    "grossProfit": 3829000000,
    "grossProfitRatio": 0.7491684602,
    "researchAndDevelopmentExpenses": 798000000,
    "generalAndAdministrativeExpenses": 1448000000,
    "sellingAndMarketingExpenses": 0,
    "sellingGeneralAndAdministrativeExpenses": 1448000000,
    "otherExpenses": -13000000,
    "operatingExpenses": 2246000000,
    "costAndExpenses": 3576000000,
    "interestIncome": 6000000,
    "interestExpense": 74000000,
    "depreciationAndAmortization": 200000000,
    "ebitda": 1713000000,
    "ebitdaratio": 0.33515946,
    "operatingIncome": 1535000000,
    "operatingIncomeRatio": 0.3003326159,
    "totalOtherIncomeExpensesNet": -96000000,
    "incomeBeforeTax": 1439000000,
    "incomeBeforeTaxRatio": 0.2815495989,
    "incomeTaxExpense": 311000000,
    "netIncome": 1128000000,
    "netIncomeRatio": 0.22070045,
    "eps": 0.71,
    "epsdiluted": 0.7,
    "weightedAverageShsOut": 1587360562,
    "weightedAverageShsOutDil": 1608000000,
    "link": "https://www.sec.gov/Archives/edgar/data/1551152/000104746914001154/0001047469-14-001154-index.htm",
    "finalLink": "https://www.sec.gov/Archives/edgar/data/1551152/000104746914001154/a2217723z10-k.htm"
  },
  {
    "date": "2013-09-30",
    "symbol": "ABBV",
    "reportedCurrency": "USD",
    "cik": "0001551152",
    "fillingDate": "2013-11-12",
    "acceptedDate": "2013-11-12 16:57:14",
    "calendarYear": "2013",
    "period": "Q3",
    "revenue": 4658000000,
    "costOfRevenue": 1092000000,
    "grossProfit": 3566000000,
    "grossProfitRatio": 0.76556462,
    "researchAndDevelopmentExpenses": 714000000,
    "generalAndAdministrativeExpenses": 1261000000,
    "sellingAndMarketingExpenses": 0,
    "sellingGeneralAndAdministrativeExpenses": 1261000000,
    "otherExpenses": -5000000,
    "operatingExpenses": 1975000000,
    "costAndExpenses": 3287000000,
    "interestIncome": 6000000,
    "interestExpense": 75000000,
    "depreciationAndAmortization": 234000000,
    "ebitda": 1595000000,
    "ebitdaratio": 0.3424216402,
    "operatingIncome": 1371000000,
    "operatingIncomeRatio": 0.2943323315,
    "totalOtherIncomeExpensesNet": -85000000,
    "incomeBeforeTax": 1286000000,
    "incomeBeforeTaxRatio": 0.2760841563,
    "incomeTaxExpense": 322000000,
    "netIncome": 964000000,
    "netIncomeRatio": 0.206955775,
    "eps": 0.6,
    "epsdiluted": 0.6,
    "weightedAverageShsOut": 1590000000,
    "weightedAverageShsOutDil": 1605000000,
    "link": "https://www.sec.gov/Archives/edgar/data/1551152/000110465913083686/0001104659-13-083686-index.htm",
    "finalLink": "https://www.sec.gov/Archives/edgar/data/1551152/000110465913083686/a13-19815_110q.htm"
  },
  {
    "date": "2013-06-30",
    "symbol": "ABBV",
    "reportedCurrency": "USD",
    "cik": "0001551152",
    "fillingDate": "2013-08-09",
    "acceptedDate": "2013-08-09 14:48:29",
    "calendarYear": "2013",
    "period": "Q2",
    "revenue": 4692000000,
    "costOfRevenue": 1054000000,
    "grossProfit": 3638000000,
    "grossProfitRatio": 0.7753623188,
    "researchAndDevelopmentExpenses": 709000000,
    "generalAndAdministrativeExpenses": 1406000000,
    "sellingAndMarketingExpenses": 0,
    "sellingGeneralAndAdministrativeExpenses": 1406000000,
    "otherExpenses": 4000000,
    "operatingExpenses": 2115000000,
    "costAndExpenses": 3249000000,
    "interestIncome": 4000000,
    "interestExpense": 79000000,
    "depreciationAndAmortization": 236000000,
    "ebitda": 1683000000,
    "ebitdaratio": 0.3586956522,
    "operatingIncome": 1453000000,
    "operatingIncomeRatio": 0.3096760443,
    "totalOtherIncomeExpensesNet": -85000000,
    "incomeBeforeTax": 1368000000,
    "incomeBeforeTaxRatio": 0.2915601023,
    "incomeTaxExpense": 300000000,
    "netIncome": 1068000000,
    "netIncomeRatio": 0.2276214834,
    "eps": 0.67,
    "epsdiluted": 0.66,
    "weightedAverageShsOut": 1589000000,
    "weightedAverageShsOutDil": 1609000000,
    "link": "https://www.sec.gov/Archives/edgar/data/1551152/000110465913062262/0001104659-13-062262-index.htm",
    "finalLink": "https://www.sec.gov/Archives/edgar/data/1551152/000110465913062262/a13-13986_110q.htm"
  },
  {
    "date": "2013-03-31",
    "symbol": "ABBV",
    "reportedCurrency": "USD",
    "cik": "0001551152",
    "fillingDate": "2013-05-08",
    "acceptedDate": "2013-05-08 16:53:00",
    "calendarYear": "2013",
    "period": "Q1",
    "revenue": 4329000000,
    "costOfRevenue": 1153000000,
    "grossProfit": 3176000000,
    "grossProfitRatio": 0.7336567337,
    "researchAndDevelopmentExpenses": 634000000,
    "generalAndAdministrativeExpenses": 1237000000,
    "sellingAndMarketingExpenses": 0,
    "sellingGeneralAndAdministrativeExpenses": 1237000000,
    "otherExpenses": 15000000,
    "operatingExpenses": 1871000000,
    "costAndExpenses": 3024000000,
    "interestIncome": 6000000,
    "interestExpense": 72000000,
    "depreciationAndAmortization": 227000000,
    "ebitda": 1538000000,
    "ebitdaratio": 0.3552783553,
    "operatingIncome": 1305000000,
    "operatingIncomeRatio": 0.3014553015,
    "totalOtherIncomeExpensesNet": -66000000,
    "incomeBeforeTax": 1239000000,
    "incomeBeforeTaxRatio": 0.2862092862,
    "incomeTaxExpense": 271000000,
    "netIncome": 968000000,
    "netIncomeRatio": 0.2236082236,
    "eps": 0.61,
    "epsdiluted": 0.6,
    "weightedAverageShsOut": 1588000000,
    "weightedAverageShsOutDil": 1605000000,
    "link": "https://www.sec.gov/Archives/edgar/data/1551152/000110465913038917/0001104659-13-038917-index.htm",
    "finalLink": "https://www.sec.gov/Archives/edgar/data/1551152/000110465913038917/a13-8735_110q.htm"
  },
  {
    "date": "2012-12-31",
    "symbol": "ABBV",
    "reportedCurrency": "USD",
    "cik": "0001551152",
    "fillingDate": "2013-03-15",
    "acceptedDate": "2013-03-15 15:05:42",
    "calendarYear": "2012",
    "period": "Q4",
    "revenue": 5205795000,
    "costOfRevenue": 1265327000,
    "grossProfit": 3940468000,
    "grossProfitRatio": 0.7569387577,
    "researchAndDevelopmentExpenses": 681221000,
    "generalAndAdministrativeExpenses": 1410357000,
    "sellingAndMarketingExpenses": 0,
    "sellingGeneralAndAdministrativeExpenses": 1410357000,
    "otherExpenses": 0,
    "operatingExpenses": 2091578000,
    "costAndExpenses": 3405000000,
    "interestIncome": 0,
    "interestExpense": 0,
    "depreciationAndAmortization": 309000000,
    "ebitda": 1881750000,
    "ebitdaratio": 0.3614721671,
    "operatingIncome": 1820890000,
    "operatingIncomeRatio": 0.3497813494,
    "totalOtherIncomeExpensesNet": -107973000,
    "incomeBeforeTax": 1713000000,
    "incomeBeforeTaxRatio": 0.3290563689,
    "incomeTaxExpense": 173000000,
    "netIncome": 1540000000,
    "netIncomeRatio": 0.2958241729,
    "eps": 0.97,
    "epsdiluted": 0.96,
    "weightedAverageShsOut": 1583729114,
    "weightedAverageShsOutDil": 1605000000,
    "link": "https://www.sec.gov/Archives/edgar/data/1551152/000104746913002827/0001047469-13-002827-index.htm",
    "finalLink": "https://www.sec.gov/Archives/edgar/data/1551152/000104746913002827/a2213529z10-k.htm"
  },
  {
    "date": "2012-09-30",
    "symbol": "ABBV",
    "reportedCurrency": "USD",
    "cik": "0001551152",
    "fillingDate": "2012-09-30",
    "acceptedDate": "2012-09-29 20:00:00",
    "calendarYear": "2012",
    "period": "Q3",
    "revenue": 4508000000,
    "costOfRevenue": 1014000000,
    "grossProfit": 3494000000,
    "grossProfitRatio": 0.7750665484,
    "researchAndDevelopmentExpenses": 813000000,
    "generalAndAdministrativeExpenses": 1085000000,
    "sellingAndMarketingExpenses": 0,
    "sellingGeneralAndAdministrativeExpenses": 1085000000,
    "otherExpenses": 13000000,
    "operatingExpenses": 1898000000,
    "costAndExpenses": -877000000,
    "interestIncome": 11000000,
    "interestExpense": 10000000,
    "depreciationAndAmortization": 227000000,
    "ebitda": 1841000000,
    "ebitdaratio": 0.4083850932,
    "operatingIncome": 1596000000,
    "operatingIncomeRatio": 0.3540372671,
    "totalOtherIncomeExpensesNet": 8000000,
    "incomeBeforeTax": 1604000000,
    "incomeBeforeTaxRatio": 0.35581189,
    "incomeTaxExpense": 19000000,
    "netIncome": 1585000000,
    "netIncomeRatio": 0.3515971606,
    "eps": 1,
    "epsdiluted": 1,
    "weightedAverageShsOut": 1577001448,
    "weightedAverageShsOutDil": 1580000000,
    "link": "",
    "finalLink": ""
  },
  {
    "date": "2012-06-30",
    "symbol": "ABBV",
    "reportedCurrency": "USD",
    "cik": "0001551152",
    "fillingDate": "2012-06-30",
    "acceptedDate": "2012-06-29 20:00:00",
    "calendarYear": "2012",
    "period": "Q2",
    "revenue": 4493000000,
    "costOfRevenue": 1073000000,
    "grossProfit": 3420000000,
    "grossProfitRatio": 0.7611840641,
    "researchAndDevelopmentExpenses": 642000000,
    "generalAndAdministrativeExpenses": 1246000000,
    "sellingAndMarketingExpenses": 0,
    "sellingGeneralAndAdministrativeExpenses": 1246000000,
    "otherExpenses": -11000000,
    "operatingExpenses": 1888000000,
    "costAndExpenses": 2961000000,
    "interestIncome": 2000000,
    "interestExpense": 0,
    "depreciationAndAmortization": 295094000,
    "ebitda": 1697000000,
    "ebitdaratio": 0.3776986423,
    "operatingIncome": 1422000000,
    "operatingIncomeRatio": 0.3164923214,
    "totalOtherIncomeExpensesNet": -20000000,
    "incomeBeforeTax": 1402000000,
    "incomeBeforeTaxRatio": 0.3120409526,
    "incomeTaxExpense": 135000000,
    "netIncome": 1267000000,
    "netIncomeRatio": 0.2819942132,
    "eps": 0.78,
    "epsdiluted": 0.78,
    "weightedAverageShsOut": 1616000000,
    "weightedAverageShsOutDil": 1625000000,
    "link": "",
    "finalLink": ""
  },
  {
    "date": "2012-03-31",
    "symbol": "ABBV",
    "reportedCurrency": "USD",
    "cik": "0001551152",
    "fillingDate": "2012-03-31",
    "acceptedDate": "2012-03-30 20:00:00",
    "calendarYear": "2012",
    "period": "Q1",
    "revenue": 4172948000,
    "costOfRevenue": 1156167000,
    "grossProfit": 3016781000,
    "grossProfitRatio": 0.7229375971,
    "researchAndDevelopmentExpenses": 641968000,
    "generalAndAdministrativeExpenses": 1246924000,
    "sellingAndMarketingExpenses": 0,
    "sellingGeneralAndAdministrativeExpenses": 1246924000,
    "otherExpenses": 0,
    "operatingExpenses": 1888892000,
    "costAndExpenses": 3045059000,
    "interestIncome": 1000000,
    "interestExpense": 0,
    "depreciationAndAmortization": 319241000,
    "ebitda": 1325000000,
    "ebitdaratio": 0.3175213302,
    "operatingIncome": 978000000,
    "operatingIncomeRatio": 0.2343666875,
    "totalOtherIncomeExpensesNet": 28000000,
    "incomeBeforeTax": 1005792000,
    "incomeBeforeTaxRatio": 0.2410267274,
    "incomeTaxExpense": 122514000,
    "netIncome": 883278000,
    "netIncomeRatio": 0.2116676268,
    "eps": 0.55,
    "epsdiluted": 0.54,
    "weightedAverageShsOut": 1616000000,
    "weightedAverageShsOutDil": 1625000000,
    "link": "",
    "finalLink": ""
  },
  {
    "date": "2011-12-31",
    "symbol": "ABBV",
    "reportedCurrency": "USD",
    "cik": "0001551152",
    "fillingDate": "2011-12-31",
    "acceptedDate": "2011-12-30 19:00:00",
    "calendarYear": "2011",
    "period": "Q4",
    "revenue": 4864063000,
    "costOfRevenue": 1176063000,
    "grossProfit": 3688000000,
    "grossProfitRatio": 0.7582138636,
    "researchAndDevelopmentExpenses": 775129000,
    "generalAndAdministrativeExpenses": 0,
    "sellingAndMarketingExpenses": 0,
    "sellingGeneralAndAdministrativeExpenses": 1134032000,
    "otherExpenses": 0,
    "operatingExpenses": 1909161000,
    "costAndExpenses": 3085224000,
    "interestIncome": 0,
    "interestExpense": 0,
    "depreciationAndAmortization": 324876000,
    "ebitda": 2103715000,
    "ebitdaratio": 0.4325015938,
    "operatingIncome": 1378839000,
    "operatingIncomeRatio": 0.2834747412,
    "totalOtherIncomeExpensesNet": -20939000,
    "incomeBeforeTax": 1357900000,
    "incomeBeforeTaxRatio": 0.2791699038,
    "incomeTaxExpense": 200337000,
    "netIncome": 1157563000,
    "netIncomeRatio": 0.2379827317,
    "eps": 0.73,
    "epsdiluted": 0.73,
    "weightedAverageShsOut": 1580000000,
    "weightedAverageShsOutDil": 1580000000,
    "link": "",
    "finalLink": ""
  },
  {
    "date": "2011-09-30",
    "symbol": "ABBV",
    "reportedCurrency": "USD",
    "cik": "0001551152",
    "fillingDate": "2011-09-30",
    "acceptedDate": "2011-09-29 20:00:00",
    "calendarYear": "2011",
    "period": "Q3",
    "revenue": 4408681000,
    "costOfRevenue": 1148681000,
    "grossProfit": 3260000000,
    "grossProfitRatio": 0.7394501893,
    "researchAndDevelopmentExpenses": 665521000,
    "generalAndAdministrativeExpenses": 0,
    "sellingAndMarketingExpenses": 0,
    "sellingGeneralAndAdministrativeExpenses": 2540866000,
    "otherExpenses": 0,
    "operatingExpenses": 3206387000,
    "costAndExpenses": 4355068000,
    "interestIncome": 0,
    "interestExpense": 0,
    "depreciationAndAmortization": 315233000,
    "ebitda": 368846000,
    "ebitdaratio": 0.0836635719,
    "operatingIncome": 53613000,
    "operatingIncomeRatio": 0.0121607801,
    "totalOtherIncomeExpensesNet": 17960000,
    "incomeBeforeTax": 71573000,
    "incomeBeforeTaxRatio": 0.0162345609,
    "incomeTaxExpense": 59238000,
    "netIncome": 12335000,
    "netIncomeRatio": 0.002797889,
    "eps": 0.0078,
    "epsdiluted": 0.0078,
    "weightedAverageShsOut": 1580000000,
    "weightedAverageShsOutDil": 1580000000,
    "link": "",
    "finalLink": ""
  },
  {
    "date": "2011-06-30",
    "symbol": "ABBV",
    "reportedCurrency": "USD",
    "cik": "0001551152",
    "fillingDate": "2011-06-30",
    "acceptedDate": "2011-06-29 20:00:00",
    "calendarYear": "2011",
    "period": "Q2",
    "revenue": 4274445000,
    "costOfRevenue": 1107338000,
    "grossProfit": 3167107000,
    "grossProfitRatio": 0.7409399349,
    "researchAndDevelopmentExpenses": 589759000,
    "generalAndAdministrativeExpenses": 0,
    "sellingAndMarketingExpenses": 0,
    "sellingGeneralAndAdministrativeExpenses": 1041004000,
    "otherExpenses": 0,
    "operatingExpenses": 1630763000,
    "costAndExpenses": 2738101000,
    "interestIncome": 0,
    "interestExpense": 0,
    "depreciationAndAmortization": 317610000,
    "ebitda": 1853954000,
    "ebitdaratio": 0.4337297591,
    "operatingIncome": 1363844000,
    "operatingIncomeRatio": 0.3190692593,
    "totalOtherIncomeExpensesNet": 16888000,
    "incomeBeforeTax": 1380732000,
    "incomeBeforeTaxRatio": 0.3230201816,
    "incomeTaxExpense": -159299000,
    "netIncome": 1540031000,
    "netIncomeRatio": 0.3602879438,
    "eps": 0.97,
    "epsdiluted": 0.97,
    "weightedAverageShsOut": 1580000000,
    "weightedAverageShsOutDil": 1580000000,
    "link": "",
    "finalLink": ""
  },
  {
    "date": "2011-03-31",
    "symbol": "ABBV",
    "reportedCurrency": "USD",
    "cik": "0001551152",
    "fillingDate": "2011-03-31",
    "acceptedDate": "2011-03-30 20:00:00",
    "calendarYear": "2011",
    "period": "Q1",
    "revenue": 3896762000,
    "costOfRevenue": 1207311000,
    "grossProfit": 2689451000,
    "grossProfitRatio": 0.6901758434,
    "researchAndDevelopmentExpenses": 587097000,
    "generalAndAdministrativeExpenses": 1177918000,
    "sellingAndMarketingExpenses": 0,
    "sellingGeneralAndAdministrativeExpenses": 1177918000,
    "otherExpenses": 0,
    "operatingExpenses": 1765015000,
    "costAndExpenses": 2972326000,
    "interestIncome": 0,
    "interestExpense": 0,
    "depreciationAndAmortization": 314475000,
    "ebitda": 1238911000,
    "ebitdaratio": 0.3179334535,
    "operatingIncome": 824436000,
    "operatingIncomeRatio": 0.2115695031,
    "totalOtherIncomeExpensesNet": 33886000,
    "incomeBeforeTax": 858322000,
    "incomeBeforeTaxRatio": 0.2202654409,
    "incomeTaxExpense": 135123000,
    "netIncome": 723199000,
    "netIncomeRatio": 0.1855897281,
    "eps": 0.45,
    "epsdiluted": 0.45,
    "weightedAverageShsOut": 1616000000,
    "weightedAverageShsOutDil": 1625000000,
    "link": "",
    "finalLink": ""
  }
]