[
  {
    "date": "2024-12-31",
    "symbol": "ABNB",
    "reportedCurrency": "USD",
    "cik": "0001559720",
    "fillingDate": "2025-02-13",
    "acceptedDate": "2025-02-13 16:04:28",
    "calendarYear": "2024",
    "period": "FY",
    "revenue": 11102000000,
    "costOfRevenue": 1878000000,
    "grossProfit": 9224000000,
    "grossProfitRatio": 0.8308412899,
    "researchAndDevelopmentExpenses": 2056000000,
    "generalAndAdministrativeExpenses": 1185000000,
    "sellingAndMarketingExpenses": 2148000000,
    "sellingGeneralAndAdministrativeExpenses": 3333000000,
    "otherExpenses": 1282000000,
    "operatingExpenses": 6671000000,
    "costAndExpenses": 8549000000,
    "interestIncome": 818000000,
    "interestExpense": 0,
    "depreciationAndAmortization": 65000000,
    "ebitda": 2618000000,
    "ebitdaratio": 0.235813367,
    "operatingIncome": 2553000000,
    "operatingIncomeRatio": 0.229958566,
    "totalOtherIncomeExpensesNet": 778000000,
    "incomeBeforeTax": 3331000000,
    "incomeBeforeTaxRatio": 0.3000360295,
    "incomeTaxExpense": 683000000,
    "netIncome": 2648000000,
    "netIncomeRatio": 0.2385155828,
    "eps": 4.19,
    "epsdiluted": 4.11,
    "weightedAverageShsOut": 632000000,
    "weightedAverageShsOutDil": 645000000,
    "link": "https://www.sec.gov/Archives/edgar/data/1559720/000155972025000010/0001559720-25-000010-index.htm",
    "finalLink": "https://www.sec.gov/Archives/edgar/data/1559720/000155972025000010/abnb-20241231.htm"
  },
  {
    "date": "2023-12-31",
    "symbol": "ABNB",
    "reportedCurrency": "USD",
    "cik": "0001559720",
    "fillingDate": "2024-02-16",
    "acceptedDate": "2024-02-16 16:02:16",
    "calendarYear": "2023",
    "period": "FY",
    "revenue": 9917000000,
    "costOfRevenue": 1703000000,
    "grossProfit": 8214000000,
    "grossProfitRatio": 0.8282746798,
    "researchAndDevelopmentExpenses": 1722000000,
    "generalAndAdministrativeExpenses": 2025000000,
    "sellingAndMarketingExpenses": 1763000000,
    "sellingGeneralAndAdministrativeExpenses": 3788000000,
    "otherExpenses": 1186000000,
    "operatingExpenses": 6696000000,
    "costAndExpenses": 8399000000,
    "interestIncome": 721000000,
    "interestExpense": 83000000,
    "depreciationAndAmortization": 44000000,
    "ebitda": 1562000000,
    "ebitdaratio": 0.1575073107,
    "operatingIncome": 1518000000,
    "operatingIncomeRatio": 0.153070485,
    "totalOtherIncomeExpensesNet": 584000000,
    "incomeBeforeTax": 2102000000,
    "incomeBeforeTaxRatio": 0.2119592619,
    "incomeTaxExpense": -2690000000,
    "netIncome": 4792000000,
    "netIncomeRatio": 0.4832106484,
    "eps": 7.52,
    "epsdiluted": 7.24,
    "weightedAverageShsOut": 637000000,
    "weightedAverageShsOutDil": 662000000,
    "link": "https://www.sec.gov/Archives/edgar/data/1559720/000155972024000006/0001559720-24-000006-index.htm",
    "finalLink": "https://www.sec.gov/Archives/edgar/data/1559720/000155972024000006/abnb-20231231.htm"
  },
  {
    "date": "2022-12-31",
    "symbol": "ABNB",
    "reportedCurrency": "USD",
    "cik": "0001559720",
    "fillingDate": "2023-02-17",
    "acceptedDate": "2023-02-17 16:07:04",
    "calendarYear": "2022",
    "period": "FY",
    "revenue": 8399000000,
    "costOfRevenue": 1499000000,
    "grossProfit": 6900000000,
    "grossProfitRatio": 0.8215263722,
    "researchAndDevelopmentExpenses": 1502000000,
    "generalAndAdministrativeExpenses": 950000000,
    "sellingAndMarketingExpenses": 1516000000,
    "sellingGeneralAndAdministrativeExpenses": 2466000000,
    "otherExpenses": 1130000000,
    "operatingExpenses": 5098000000,
    "costAndExpenses": 6597000000,
    "interestIncome": 186000000,
    "interestExpense": 24000000,
    "depreciationAndAmortization": 81000000,
    "ebitda": 1972000000,
    "ebitdaratio": 0.2347898559,
    "operatingIncome": 1802000000,
    "operatingIncomeRatio": 0.2145493511,
    "totalOtherIncomeExpensesNet": 187000000,
    "incomeBeforeTax": 1989000000,
    "incomeBeforeTaxRatio": 0.2368139064,
    "incomeTaxExpense": 96000000,
    "netIncome": 1893000000,
    "netIncomeRatio": 0.2253839743,
    "eps": 2.97,
    "epsdiluted": 2.79,
    "weightedAverageShsOut": 637000000,
    "weightedAverageShsOutDil": 680000000,
    "link": "https://www.sec.gov/Archives/edgar/data/1559720/000155972023000003/0001559720-23-000003-index.htm",
    "finalLink": "https://www.sec.gov/Archives/edgar/data/1559720/000155972023000003/abnb-20221231.htm"
  },
  {
    "date": "2021-12-31",
    "symbol": "ABNB",
    "reportedCurrency": "USD",
    "cik": "0001559720",
    "fillingDate": "2022-02-25",
    "acceptedDate": "2022-02-25 16:09:12",
    "calendarYear": "2021",
    "period": "FY",
    "revenue": 5992000000,
    "costOfRevenue": 1156000000,
    "grossProfit": 4836000000,
    "grossProfitRatio": 0.8070761015,
    "researchAndDevelopmentExpenses": 1425000000,
    "generalAndAdministrativeExpenses": 836000000,
    "sellingAndMarketingExpenses": 1186000000,
    "sellingGeneralAndAdministrativeExpenses": 2022000000,
    "otherExpenses": 960000000,
    "operatingExpenses": 4407000000,
    "costAndExpenses": 5563000000,
    "interestIncome": 13000000,
    "interestExpense": 438000000,
    "depreciationAndAmortization": 138000000,
    "ebitda": 276000000,
    "ebitdaratio": 0.0460614152,
    "operatingIncome": 429000000,
    "operatingIncomeRatio": 0.0715954606,
    "totalOtherIncomeExpensesNet": -729000000,
    "incomeBeforeTax": -300000000,
    "incomeBeforeTaxRatio": -0.0500667557,
    "incomeTaxExpense": 52000000,
    "netIncome": -352000000,
    "netIncomeRatio": -0.0587449933,
    "eps": -0.57,
    "epsdiluted": -0.57,
    "weightedAverageShsOut": 616000000,
    "weightedAverageShsOutDil": 616000000,
    "link": "https://www.sec.gov/Archives/edgar/data/1559720/000155972022000006/0001559720-22-000006-index.htm",
    "finalLink": "https://www.sec.gov/Archives/edgar/data/1559720/000155972022000006/abnb-20211231.htm"
  },
  {
    "date": "2020-12-31",
    "symbol": "ABNB",
    "reportedCurrency": "USD",
    "cik": "0001559720",
    "fillingDate": "2021-02-26",
    "acceptedDate": "2021-02-26 16:19:13",
    "calendarYear": "2020",
    "period": "FY",
    "revenue": 3378199000,
    "costOfRevenue": 876042000,
    "grossProfit": 2502157000,
    "grossProfitRatio": 0.740677799,
    "researchAndDevelopmentExpenses": 2752872000,
    "generalAndAdministrativeExpenses": 1134851000,
    "sellingAndMarketingExpenses": 1175325000,
    "sellingGeneralAndAdministrativeExpenses": 2310176000,
    "otherExpenses": 1029256000,
    "operatingExpenses": 6092304000,
    "costAndExpenses": 6968346000,
    "interestIncome": 27117000,
    "interestExpense": 171688000,
    "depreciationAndAmortization": 125876000,
    "ebitda": -4384374000,
    "ebitdaratio": -1.2978436143,
    "operatingIncome": -3590147000,
    "operatingIncomeRatio": -1.0627399392,
    "totalOtherIncomeExpensesNet": -1091791000,
    "incomeBeforeTax": -4681938000,
    "incomeBeforeTaxRatio": -1.3859272352,
    "incomeTaxExpense": -97222000,
    "netIncome": -4584716000,
    "netIncomeRatio": -1.3571479951,
    "eps": -7.72,
    "epsdiluted": -7.72,
    "weightedAverageShsOut": 594079504,
    "weightedAverageShsOutDil": 594079504,
    "link": "https://www.sec.gov/Archives/edgar/data/1559720/000155972021000010/0001559720-21-000010-index.htm",
    "finalLink": "https://www.sec.gov/Archives/edgar/data/1559720/000155972021000010/airbnb-10k.htm"
  },
  {
    "date": "2019-12-31",
    "symbol": "ABNB",
    "reportedCurrency": "USD",
    "cik": "0001559720",
    "fillingDate": "2019-12-31",
    "acceptedDate": "2019-12-31 00:00:00",
    "calendarYear": "2019",
    "period": "FY",
    "revenue": 4805239000,
    "costOfRevenue": 1196313000,
    "grossProfit": 3608926000,
    "grossProfitRatio": 0.7510398546,
    "researchAndDevelopmentExpenses": 976695000,
    "generalAndAdministrativeExpenses": 697181000,
    "sellingAndMarketingExpenses": 1621519000,
    "sellingGeneralAndAdministrativeExpenses": 2318700000,
    "otherExpenses": 815074000,
    "operatingExpenses": 4110469000,
    "costAndExpenses": 5306782000,
    "interestIncome": 85902000,
    "interestExpense": 9968000,
    "depreciationAndAmortization": 114162000,
    "ebitda": -287573000,
    "ebitdaratio": -0.0598457226,
    "operatingIncome": -501543000,
    "operatingIncomeRatio": -0.1043742049,
    "totalOtherIncomeExpensesNet": 89840000,
    "incomeBeforeTax": -411703000,
    "incomeBeforeTaxRatio": -0.0856779444,
    "incomeTaxExpense": 262636000,
    "netIncome": -674339000,
    "netIncomeRatio": -0.1403341228,
    "eps": -1.27,
    "epsdiluted": -1.27,
    "weightedAverageShsOut": 530945000,
    "weightedAverageShsOutDil": 530945000,
    "link": null,
    "finalLink": null
  },
  {
    "date": "2018-12-31",
    "symbol": "ABNB",
    "reportedCurrency": "USD",
    "cik": "0001559720",
    "fillingDate": "2018-12-31",
    "acceptedDate": "2018-12-30 19:00:00",
    "calendarYear": "2018",
    "period": "FY",
    "revenue": 3651985000,
    "costOfRevenue": 864032000,
    "grossProfit": 2787953000,
    "grossProfitRatio": 0.7634075715,
    "researchAndDevelopmentExpenses": 579193000,
    "generalAndAdministrativeExpenses": 479487000,
    "sellingAndMarketingExpenses": 1101327000,
    "sellingGeneralAndAdministrativeExpenses": 1580814000,
    "otherExpenses": 609202000,
    "operatingExpenses": 2769209000,
    "costAndExpenses": 3633241000,
    "interestIncome": 66793000,
    "interestExpense": 26143000,
    "depreciationAndAmortization": 82401000,
    "ebitda": 155577000,
    "ebitdaratio": 0.0426006679,
    "operatingIncome": 18744000,
    "operatingIncomeRatio": 0.0051325512,
    "totalOtherIncomeExpensesNet": 28289000,
    "incomeBeforeTax": 47033000,
    "incomeBeforeTaxRatio": 0.0128787495,
    "incomeTaxExpense": 63893000,
    "netIncome": -16860000,
    "netIncomeRatio": -0.0046166674,
    "eps": -0.0318,
    "epsdiluted": -0.0318,
    "weightedAverageShsOut": 530945000,
    "weightedAverageShsOutDil": 530945000,
    "link": "",
    "finalLink": ""
  },
  {
    "date": "2017-12-31",
    "symbol": "ABNB",
    "reportedCurrency": "USD",
    "cik": "0001559720",
    "fillingDate": "2017-12-31",
    "acceptedDate": "2017-12-30 19:00:00",
    "calendarYear": "2017",
    "period": "FY",
    "revenue": 2561721000,
    "costOfRevenue": 647690000,
    "grossProfit": 1914031000,
    "grossProfitRatio": 0.7471660653,
    "researchAndDevelopmentExpenses": 400749000,
    "generalAndAdministrativeExpenses": 327156000,
    "sellingAndMarketingExpenses": 871749000,
    "sellingGeneralAndAdministrativeExpenses": 1198905000,
    "otherExpenses": 395739000,
    "operatingExpenses": 1995393000,
    "costAndExpenses": 2643083000,
    "interestIncome": 32102000,
    "interestExpense": 16403000,
    "depreciationAndAmortization": 79342000,
    "ebitda": 36646000,
    "ebitdaratio": 0.0143052268,
    "operatingIncome": -81362000,
    "operatingIncomeRatio": -0.0317606796,
    "totalOtherIncomeExpensesNet": 22263000,
    "incomeBeforeTax": -59099000,
    "incomeBeforeTaxRatio": -0.0230700377,
    "incomeTaxExpense": 10947000,
    "netIncome": -70046000,
    "netIncomeRatio": -0.0273433368,
    "eps": -0.13,
    "epsdiluted": -0.13,
    "weightedAverageShsOut": 521709000,
    "weightedAverageShsOutDil": 521709000,
    "link": "",
    "finalLink": ""
  }
]