[
  {
    "date": "2025-06-30",
    "symbol": "ABNB",
    "reportedCurrency": "USD",
    "cik": "0001559720",
    "fillingDate": "2025-08-06",
    "acceptedDate": "2025-08-06 16:09:27",
    "calendarYear": "2025",
    "period": "Q2",
    "revenue": 3096000000,
    "costOfRevenue": 544000000,
    "grossProfit": 2552000000,
    "grossProfitRatio": 0.8242894057,
    "researchAndDevelopmentExpenses": 610000000,
    "generalAndAdministrativeExpenses": 307000000,
    "sellingAndMarketingExpenses": 691000000,
    "sellingGeneralAndAdministrativeExpenses": 998000000,
    "otherExpenses": 332000000,
    "operatingExpenses": 1940000000,
    "costAndExpenses": 2484000000,
    "interestIncome": 190000000,
    "interestExpense": 0,
    "depreciationAndAmortization": 0,
    "ebitda": 612000000,
    "ebitdaratio": 0.1976744186,
    "operatingIncome": 612000000,
    "operatingIncomeRatio": 0.1976744186,
    "totalOtherIncomeExpensesNet": 167000000,
    "incomeBeforeTax": 779000000,
    "incomeBeforeTaxRatio": 0.2516149871,
    "incomeTaxExpense": 137000000,
    "netIncome": 642000000,
    "netIncomeRatio": 0.2073643411,
    "eps": 1.04,
    "epsdiluted": 1.03,
    "weightedAverageShsOut": 615000000,
    "weightedAverageShsOutDil": 626000000,
    "link": "https://www.sec.gov/Archives/edgar/data/1559720/000155972025000025/0001559720-25-000025-index.htm",
    "finalLink": "https://www.sec.gov/Archives/edgar/data/1559720/000155972025000025/abnb-20250630.htm"
  },
  {
    "date": "2025-03-31",
    "symbol": "ABNB",
    "reportedCurrency": "USD",
    "cik": "0001559720",
    "fillingDate": "2025-05-01",
    "acceptedDate": "2025-05-01 16:02:22",
    "calendarYear": "2025",
    "period": "Q1",
    "revenue": 2272000000,
    "costOfRevenue": 506000000,
    "grossProfit": 1766000000,
    "grossProfitRatio": 0.7772887324,
    "researchAndDevelopmentExpenses": 568000000,
    "generalAndAdministrativeExpenses": 294000000,
    "sellingAndMarketingExpenses": 563000000,
    "sellingGeneralAndAdministrativeExpenses": 857000000,
    "otherExpenses": 303000000,
    "operatingExpenses": 1728000000,
    "costAndExpenses": 2234000000,
    "interestIncome": 173000000,
    "interestExpense": 0,
    "depreciationAndAmortization": 25000000,
    "ebitda": 63000000,
    "ebitdaratio": 0.0277288732,
    "operatingIncome": 38000000,
    "operatingIncomeRatio": 0.0167253521,
    "totalOtherIncomeExpensesNet": 135000000,
    "incomeBeforeTax": 173000000,
    "incomeBeforeTaxRatio": 0.0761443662,
    "incomeTaxExpense": 19000000,
    "netIncome": 154000000,
    "netIncomeRatio": 0.0677816901,
    "eps": 0.25,
    "epsdiluted": 0.25,
    "weightedAverageShsOut": 621000000,
    "weightedAverageShsOutDil": 632000000,
    "link": "https://www.sec.gov/Archives/edgar/data/1559720/000155972025000017/0001559720-25-000017-index.htm",
    "finalLink": "https://www.sec.gov/Archives/edgar/data/1559720/000155972025000017/abnb-20250331.htm"
  },
  {
    "date": "2024-12-31",
    "symbol": "ABNB",
    "reportedCurrency": "USD",
    "cik": "0001559720",
    "fillingDate": "2025-02-13",
    "acceptedDate": "2025-02-13 16:04:28",
    "calendarYear": "2024",
    "period": "Q4",
    "revenue": 2480000000,
    "costOfRevenue": 427000000,
    "grossProfit": 2053000000,
    "grossProfitRatio": 0.8278225806,
    "researchAndDevelopmentExpenses": 538000000,
    "generalAndAdministrativeExpenses": 248000000,
    "sellingAndMarketingExpenses": 547000000,
    "sellingGeneralAndAdministrativeExpenses": 795000000,
    "otherExpenses": 290000000,
    "operatingExpenses": 1623000000,
    "costAndExpenses": 2050000000,
    "interestIncome": 183000000,
    "interestExpense": 0,
    "depreciationAndAmortization": 22000000,
    "ebitda": 452000000,
    "ebitdaratio": 0.1822580645,
    "operatingIncome": 430000000,
    "operatingIncomeRatio": 0.1733870968,
    "totalOtherIncomeExpensesNet": 192000000,
    "incomeBeforeTax": 622000000,
    "incomeBeforeTaxRatio": 0.2508064516,
    "incomeTaxExpense": 161000000,
    "netIncome": 461000000,
    "netIncomeRatio": 0.1858870968,
    "eps": 0.74,
    "epsdiluted": 0.73,
    "weightedAverageShsOut": 623000000,
    "weightedAverageShsOutDil": 623000000,
    "link": "https://www.sec.gov/Archives/edgar/data/1559720/000155972025000010/0001559720-25-000010-index.htm",
    "finalLink": "https://www.sec.gov/Archives/edgar/data/1559720/000155972025000010/abnb-20241231.htm"
  },
  {
    "date": "2024-09-30",
    "symbol": "ABNB",
    "reportedCurrency": "USD",
    "cik": "0001559720",
    "fillingDate": "2024-11-07",
    "acceptedDate": "2024-11-07 16:08:29",
    "calendarYear": "2024",
    "period": "Q3",
    "revenue": 3732000000,
    "costOfRevenue": 465000000,
    "grossProfit": 3267000000,
    "grossProfitRatio": 0.8754019293,
    "researchAndDevelopmentExpenses": 524000000,
    "generalAndAdministrativeExpenses": 335000000,
    "sellingAndMarketingExpenses": 514000000,
    "sellingGeneralAndAdministrativeExpenses": 849000000,
    "otherExpenses": 369000000,
    "operatingExpenses": 1742000000,
    "costAndExpenses": 2207000000,
    "interestIncome": 207000000,
    "interestExpense": 0,
    "depreciationAndAmortization": 15000000,
    "ebitda": 1540000000,
    "ebitdaratio": 0.4126473741,
    "operatingIncome": 1525000000,
    "operatingIncomeRatio": 0.4086280815,
    "totalOtherIncomeExpensesNet": 210000000,
    "incomeBeforeTax": 1735000000,
    "incomeBeforeTaxRatio": 0.4648981779,
    "incomeTaxExpense": 367000000,
    "netIncome": 1368000000,
    "netIncomeRatio": 0.3665594855,
    "eps": 2.17,
    "epsdiluted": 2.13,
    "weightedAverageShsOut": 631000000,
    "weightedAverageShsOutDil": 642000000,
    "link": "https://www.sec.gov/Archives/edgar/data/1559720/000155972024000032/0001559720-24-000032-index.htm",
    "finalLink": "https://www.sec.gov/Archives/edgar/data/1559720/000155972024000032/abnb-20240930.htm"
  },
  {
    "date": "2024-06-30",
    "symbol": "ABNB",
    "reportedCurrency": "USD",
    "cik": "0001559720",
    "fillingDate": "2024-08-06",
    "acceptedDate": "2024-08-06 16:03:41",
    "calendarYear": "2024",
    "period": "Q2",
    "revenue": 2748000000,
    "costOfRevenue": 506000000,
    "grossProfit": 2242000000,
    "grossProfitRatio": 0.8158660844,
    "researchAndDevelopmentExpenses": 519000000,
    "generalAndAdministrativeExpenses": 315000000,
    "sellingAndMarketingExpenses": 573000000,
    "sellingGeneralAndAdministrativeExpenses": 888000000,
    "otherExpenses": 338000000,
    "operatingExpenses": 1745000000,
    "costAndExpenses": 2251000000,
    "interestIncome": 226000000,
    "interestExpense": 0,
    "depreciationAndAmortization": 14000000,
    "ebitda": 511000000,
    "ebitdaratio": 0.1859534207,
    "operatingIncome": 497000000,
    "operatingIncomeRatio": 0.1808588064,
    "totalOtherIncomeExpensesNet": 184000000,
    "incomeBeforeTax": 681000000,
    "incomeBeforeTaxRatio": 0.2478165939,
    "incomeTaxExpense": 126000000,
    "netIncome": 555000000,
    "netIncomeRatio": 0.2019650655,
    "eps": 0.88,
    "epsdiluted": 0.86,
    "weightedAverageShsOut": 635000000,
    "weightedAverageShsOutDil": 649000000,
    "link": "https://www.sec.gov/Archives/edgar/data/1559720/000155972024000024/0001559720-24-000024-index.htm",
    "finalLink": "https://www.sec.gov/Archives/edgar/data/1559720/000155972024000024/abnb-20240630.htm"
  },
  {
    "date": "2024-03-31",
    "symbol": "ABNB",
    "reportedCurrency": "USD",
    "cik": "0001559720",
    "fillingDate": "2024-05-08",
    "acceptedDate": "2024-05-08 16:16:11",
    "calendarYear": "2024",
    "period": "Q1",
    "revenue": 2142000000,
    "costOfRevenue": 480000000,
    "grossProfit": 1662000000,
    "grossProfitRatio": 0.7759103641,
    "researchAndDevelopmentExpenses": 475000000,
    "generalAndAdministrativeExpenses": 287000000,
    "sellingAndMarketingExpenses": 514000000,
    "sellingGeneralAndAdministrativeExpenses": 801000000,
    "otherExpenses": 285000000,
    "operatingExpenses": 1561000000,
    "costAndExpenses": 2041000000,
    "interestIncome": 202000000,
    "interestExpense": 0,
    "depreciationAndAmortization": 14000000,
    "ebitda": 115000000,
    "ebitdaratio": 0.0536881419,
    "operatingIncome": 101000000,
    "operatingIncomeRatio": 0.0471521942,
    "totalOtherIncomeExpensesNet": 192000000,
    "incomeBeforeTax": 293000000,
    "incomeBeforeTaxRatio": 0.1367880486,
    "incomeTaxExpense": 29000000,
    "netIncome": 264000000,
    "netIncomeRatio": 0.1232492997,
    "eps": 0.41,
    "epsdiluted": 0.41,
    "weightedAverageShsOut": 638000000,
    "weightedAverageShsOutDil": 654000000,
    "link": "https://www.sec.gov/Archives/edgar/data/1559720/000155972024000017/0001559720-24-000017-index.htm",
    "finalLink": "https://www.sec.gov/Archives/edgar/data/1559720/000155972024000017/abnb-20240331.htm"
  },
  {
    "date": "2023-12-31",
    "symbol": "ABNB",
    "reportedCurrency": "USD",
    "cik": "0001559720",
    "fillingDate": "2024-02-16",
    "acceptedDate": "2024-02-16 16:02:16",
    "calendarYear": "2023",
    "period": "Q4",
    "revenue": 2218000000,
    "costOfRevenue": 384000000,
    "grossProfit": 1834000000,
    "grossProfitRatio": 0.826871055,
    "researchAndDevelopmentExpenses": 432000000,
    "generalAndAdministrativeExpenses": 1203000000,
    "sellingAndMarketingExpenses": 424000000,
    "sellingGeneralAndAdministrativeExpenses": 1627000000,
    "otherExpenses": 271000000,
    "operatingExpenses": 2330000000,
    "costAndExpenses": 2714000000,
    "interestIncome": 192000000,
    "interestExpense": 71000000,
    "depreciationAndAmortization": 16000000,
    "ebitda": -296000000,
    "ebitdaratio": -0.1334535618,
    "operatingIncome": -496000000,
    "operatingIncomeRatio": -0.2236248873,
    "totalOtherIncomeExpensesNet": 113000000,
    "incomeBeforeTax": -383000000,
    "incomeBeforeTaxRatio": -0.1726780884,
    "incomeTaxExpense": -34000000,
    "netIncome": -349000000,
    "netIncomeRatio": -0.157348963,
    "eps": -0.55,
    "epsdiluted": -0.55,
    "weightedAverageShsOut": 638000000,
    "weightedAverageShsOutDil": 638000000,
    "link": "https://www.sec.gov/Archives/edgar/data/1559720/000155972024000006/0001559720-24-000006-index.htm",
    "finalLink": "https://www.sec.gov/Archives/edgar/data/1559720/000155972024000006/abnb-20231231.htm"
  },
  {
    "date": "2023-09-30",
    "symbol": "ABNB",
    "reportedCurrency": "USD",
    "cik": "0001559720",
    "fillingDate": "2023-11-01",
    "acceptedDate": "2023-11-01 16:07:52",
    "calendarYear": "2023",
    "period": "Q3",
    "revenue": 3397000000,
    "costOfRevenue": 459000000,
    "grossProfit": 2938000000,
    "grossProfitRatio": 0.8648807772,
    "researchAndDevelopmentExpenses": 419000000,
    "generalAndAdministrativeExpenses": 304000000,
    "sellingAndMarketingExpenses": 403000000,
    "sellingGeneralAndAdministrativeExpenses": 707000000,
    "otherExpenses": 316000000,
    "operatingExpenses": 1442000000,
    "costAndExpenses": 1901000000,
    "interestIncome": 192000000,
    "interestExpense": 6000000,
    "depreciationAndAmortization": 8000000,
    "ebitda": 1504000000,
    "ebitdaratio": 0.4427435973,
    "operatingIncome": 1496000000,
    "operatingIncomeRatio": 0.4403885782,
    "totalOtherIncomeExpensesNet": 183000000,
    "incomeBeforeTax": 1679000000,
    "incomeBeforeTaxRatio": 0.4942596409,
    "incomeTaxExpense": -2695000000,
    "netIncome": 4374000000,
    "netIncomeRatio": 1.2876067118,
    "eps": 6.83,
    "epsdiluted": 6.63,
    "weightedAverageShsOut": 640000000,
    "weightedAverageShsOutDil": 660000000,
    "link": "https://www.sec.gov/Archives/edgar/data/1559720/000155972023000020/0001559720-23-000020-index.htm",
    "finalLink": "https://www.sec.gov/Archives/edgar/data/1559720/000155972023000020/abnb-20230930.htm"
  },
  {
    "date": "2023-06-30",
    "symbol": "ABNB",
    "reportedCurrency": "USD",
    "cik": "0001559720",
    "fillingDate": "2023-08-03",
    "acceptedDate": "2023-08-03 16:05:04",
    "calendarYear": "2023",
    "period": "Q2",
    "revenue": 2484000000,
    "costOfRevenue": 432000000,
    "grossProfit": 2052000000,
    "grossProfitRatio": 0.8260869565,
    "researchAndDevelopmentExpenses": 451000000,
    "generalAndAdministrativeExpenses": 275000000,
    "sellingAndMarketingExpenses": 486000000,
    "sellingGeneralAndAdministrativeExpenses": 761000000,
    "otherExpenses": 317000000,
    "operatingExpenses": 1529000000,
    "costAndExpenses": 1961000000,
    "interestIncome": 191000000,
    "interestExpense": 2000000,
    "depreciationAndAmortization": 9000000,
    "ebitda": 532000000,
    "ebitdaratio": 0.2141706924,
    "operatingIncome": 523000000,
    "operatingIncomeRatio": 0.210547504,
    "totalOtherIncomeExpensesNet": 153000000,
    "incomeBeforeTax": 676000000,
    "incomeBeforeTaxRatio": 0.2721417069,
    "incomeTaxExpense": 26000000,
    "netIncome": 650000000,
    "netIncomeRatio": 0.2616747182,
    "eps": 1.02,
    "epsdiluted": 0.98,
    "weightedAverageShsOut": 635000000,
    "weightedAverageShsOutDil": 665000000,
    "link": "https://www.sec.gov/Archives/edgar/data/1559720/000155972023000015/0001559720-23-000015-index.htm",
    "finalLink": "https://www.sec.gov/Archives/edgar/data/1559720/000155972023000015/abnb-20230630.htm"
  },
  {
    "date": "2023-03-31",
    "symbol": "ABNB",
    "reportedCurrency": "USD",
    "cik": "0001559720",
    "fillingDate": "2023-05-09",
    "acceptedDate": "2023-05-09 16:41:30",
    "calendarYear": "2023",
    "period": "Q1",
    "revenue": 1818000000,
    "costOfRevenue": 428000000,
    "grossProfit": 1390000000,
    "grossProfitRatio": 0.7645764576,
    "researchAndDevelopmentExpenses": 420000000,
    "generalAndAdministrativeExpenses": 243000000,
    "sellingAndMarketingExpenses": 450000000,
    "sellingGeneralAndAdministrativeExpenses": 693000000,
    "otherExpenses": 282000000,
    "operatingExpenses": 1395000000,
    "costAndExpenses": 1823000000,
    "interestIncome": 146000000,
    "interestExpense": 4000000,
    "depreciationAndAmortization": 11000000,
    "ebitda": 6000000,
    "ebitdaratio": 0.00330033,
    "operatingIncome": -5000000,
    "operatingIncomeRatio": -0.002750275,
    "totalOtherIncomeExpensesNet": 135000000,
    "incomeBeforeTax": 130000000,
    "incomeBeforeTaxRatio": 0.0715071507,
    "incomeTaxExpense": 13000000,
    "netIncome": 117000000,
    "netIncomeRatio": 0.0643564356,
    "eps": 0.18,
    "epsdiluted": 0.18,
    "weightedAverageShsOut": 634000000,
    "weightedAverageShsOutDil": 670000000,
    "link": "https://www.sec.gov/Archives/edgar/data/1559720/000155972023000010/0001559720-23-000010-index.htm",
    "finalLink": "https://www.sec.gov/Archives/edgar/data/1559720/000155972023000010/abnb-20230331.htm"
  },
  {
    "date": "2022-12-31",
    "symbol": "ABNB",
    "reportedCurrency": "USD",
    "cik": "0001559720",
    "fillingDate": "2023-02-17",
    "acceptedDate": "2023-02-17 16:07:04",
    "calendarYear": "2022",
    "period": "Q4",
    "revenue": 1901546000,
    "costOfRevenue": 345121000,
    "grossProfit": 1556425000,
    "grossProfitRatio": 0.818505048,
    "researchAndDevelopmentExpenses": 397841000,
    "generalAndAdministrativeExpenses": 255738000,
    "sellingAndMarketingExpenses": 408344000,
    "sellingGeneralAndAdministrativeExpenses": 664082000,
    "otherExpenses": 259675000,
    "operatingExpenses": 1321598000,
    "costAndExpenses": 1666719000,
    "interestIncome": 102552000,
    "interestExpense": 5071000,
    "depreciationAndAmortization": 12948000,
    "ebitda": 362095000,
    "ebitdaratio": 0.1904213729,
    "operatingIncome": 234827000,
    "operatingIncomeRatio": 0.1234926739,
    "totalOtherIncomeExpensesNet": 109249000,
    "incomeBeforeTax": 344076000,
    "incomeBeforeTaxRatio": 0.1809453992,
    "incomeTaxExpense": 25413000,
    "netIncome": 318663000,
    "netIncomeRatio": 0.1675810104,
    "eps": 0.5,
    "epsdiluted": 0.48,
    "weightedAverageShsOut": 634000000,
    "weightedAverageShsOutDil": 672000000,
    "link": "https://www.sec.gov/Archives/edgar/data/1559720/000155972023000003/0001559720-23-000003-index.htm",
    "finalLink": "https://www.sec.gov/Archives/edgar/data/1559720/000155972023000003/abnb-20221231.htm"
  },
  {
    "date": "2022-09-30",
    "symbol": "ABNB",
    "reportedCurrency": "USD",
    "cik": "0001559720",
    "fillingDate": "2022-11-03",
    "acceptedDate": "2022-11-02 17:33:55",
    "calendarYear": "2022",
    "period": "Q3",
    "revenue": 2884000000,
    "costOfRevenue": 401000000,
    "grossProfit": 2483000000,
    "grossProfitRatio": 0.8609570042,
    "researchAndDevelopmentExpenses": 366000000,
    "generalAndAdministrativeExpenses": 240000000,
    "sellingAndMarketingExpenses": 384000000,
    "sellingGeneralAndAdministrativeExpenses": 624000000,
    "otherExpenses": 290000000,
    "operatingExpenses": 1280000000,
    "costAndExpenses": 1681000000,
    "interestIncome": 59000000,
    "interestExpense": 5000000,
    "depreciationAndAmortization": 13000000,
    "ebitda": 1288000000,
    "ebitdaratio": 0.4466019417,
    "operatingIncome": 1203000000,
    "operatingIncomeRatio": 0.4171289875,
    "totalOtherIncomeExpensesNet": 67000000,
    "incomeBeforeTax": 1270000000,
    "incomeBeforeTaxRatio": 0.4403606103,
    "incomeTaxExpense": 56000000,
    "netIncome": 1214000000,
    "netIncomeRatio": 0.4209431345,
    "eps": 1.9,
    "epsdiluted": 1.79,
    "weightedAverageShsOut": 639000000,
    "weightedAverageShsOutDil": 680000000,
    "link": "https://www.sec.gov/Archives/edgar/data/1559720/000155972022000019/0001559720-22-000019-index.htm",
    "finalLink": "https://www.sec.gov/Archives/edgar/data/1559720/000155972022000019/abnb-20220930.htm"
  },
  {
    "date": "2022-06-30",
    "symbol": "ABNB",
    "reportedCurrency": "USD",
    "cik": "0001559720",
    "fillingDate": "2022-08-03",
    "acceptedDate": "2022-08-03 16:06:00",
    "calendarYear": "2022",
    "period": "Q2",
    "revenue": 2104000000,
    "costOfRevenue": 390000000,
    "grossProfit": 1714000000,
    "grossProfitRatio": 0.8146387833,
    "researchAndDevelopmentExpenses": 375000000,
    "generalAndAdministrativeExpenses": 244000000,
    "sellingAndMarketingExpenses": 379000000,
    "sellingGeneralAndAdministrativeExpenses": 623000000,
    "otherExpenses": 347000000,
    "operatingExpenses": 1345000000,
    "costAndExpenses": 1735000000,
    "interestIncome": 20000000,
    "interestExpense": 8000000,
    "depreciationAndAmortization": 26000000,
    "ebitda": 417000000,
    "ebitdaratio": 0.1981939163,
    "operatingIncome": 369000000,
    "operatingIncomeRatio": 0.1753802281,
    "totalOtherIncomeExpensesNet": 14000000,
    "incomeBeforeTax": 383000000,
    "incomeBeforeTaxRatio": 0.1820342205,
    "incomeTaxExpense": 4000000,
    "netIncome": 379000000,
    "netIncomeRatio": 0.1801330798,
    "eps": 0.59,
    "epsdiluted": 0.56,
    "weightedAverageShsOut": 638000000,
    "weightedAverageShsOutDil": 684000000,
    "link": "https://www.sec.gov/Archives/edgar/data/1559720/000155972022000012/0001559720-22-000012-index.htm",
    "finalLink": "https://www.sec.gov/Archives/edgar/data/1559720/000155972022000012/abnb-20220630.htm"
  },
  {
    "date": "2022-03-31",
    "symbol": "ABNB",
    "reportedCurrency": "USD",
    "cik": "0001559720",
    "fillingDate": "2022-05-09",
    "acceptedDate": "2022-05-09 16:48:00",
    "calendarYear": "2022",
    "period": "Q1",
    "revenue": 1509000000,
    "costOfRevenue": 363000000,
    "grossProfit": 1146000000,
    "grossProfitRatio": 0.75944334,
    "researchAndDevelopmentExpenses": 363000000,
    "generalAndAdministrativeExpenses": 210000000,
    "sellingAndMarketingExpenses": 345000000,
    "sellingGeneralAndAdministrativeExpenses": 555000000,
    "otherExpenses": 233000000,
    "operatingExpenses": 1151000000,
    "costAndExpenses": 1514000000,
    "interestIncome": 5000000,
    "interestExpense": 6000000,
    "depreciationAndAmortization": 29000000,
    "ebitda": 27000000,
    "ebitdaratio": 0.0178926441,
    "operatingIncome": -5000000,
    "operatingIncomeRatio": -0.0033134526,
    "totalOtherIncomeExpensesNet": -3000000,
    "incomeBeforeTax": -8000000,
    "incomeBeforeTaxRatio": -0.0053015242,
    "incomeTaxExpense": 11000000,
    "netIncome": -19000000,
    "netIncomeRatio": -0.0125911199,
    "eps": -0.0299,
    "epsdiluted": -0.0299,
    "weightedAverageShsOut": 635000000,
    "weightedAverageShsOutDil": 635000000,
    "link": "https://www.sec.gov/Archives/edgar/data/1559720/000155972022000009/0001559720-22-000009-index.htm",
    "finalLink": "https://www.sec.gov/Archives/edgar/data/1559720/000155972022000009/abnb-20220331.htm"
  },
  {
    "date": "2021-12-31",
    "symbol": "ABNB",
    "reportedCurrency": "USD",
    "cik": "0001559720",
    "fillingDate": "2022-02-25",
    "acceptedDate": "2022-02-25 16:09:12",
    "calendarYear": "2021",
    "period": "Q4",
    "revenue": 1532196000,
    "costOfRevenue": 295311000,
    "grossProfit": 1236885000,
    "grossProfitRatio": 0.8072629089,
    "researchAndDevelopmentExpenses": 367843000,
    "generalAndAdministrativeExpenses": 216511000,
    "sellingAndMarketingExpenses": 351028000,
    "sellingGeneralAndAdministrativeExpenses": 567539000,
    "otherExpenses": 225936000,
    "operatingExpenses": 1161318000,
    "costAndExpenses": 1456629000,
    "interestIncome": 3778000,
    "interestExpense": 2519000,
    "depreciationAndAmortization": 30844000,
    "ebitda": 105584000,
    "ebitdaratio": 0.0689102439,
    "operatingIncome": 75567000,
    "operatingIncomeRatio": 0.0493194082,
    "totalOtherIncomeExpensesNet": -3346000,
    "incomeBeforeTax": 72221000,
    "incomeBeforeTaxRatio": 0.0471356145,
    "incomeTaxExpense": 17720000,
    "netIncome": 54501000,
    "netIncomeRatio": 0.0355705145,
    "eps": 0.09,
    "epsdiluted": 0.08,
    "weightedAverageShsOut": 629482000,
    "weightedAverageShsOutDil": 680896000,
    "link": "https://www.sec.gov/Archives/edgar/data/1559720/000155972022000006/0001559720-22-000006-index.htm",
    "finalLink": "https://www.sec.gov/Archives/edgar/data/1559720/000155972022000006/abnb-20211231.htm"
  },
  {
    "date": "2021-09-30",
    "symbol": "ABNB",
    "reportedCurrency": "USD",
    "cik": "0001559720",
    "fillingDate": "2021-11-05",
    "acceptedDate": "2021-11-05 16:32:10",
    "calendarYear": "2021",
    "period": "Q3",
    "revenue": 2237432000,
    "costOfRevenue": 311580000,
    "grossProfit": 1925852000,
    "grossProfitRatio": 0.8607421365,
    "researchAndDevelopmentExpenses": 344410000,
    "generalAndAdministrativeExpenses": 210748000,
    "sellingAndMarketingExpenses": 290856000,
    "sellingGeneralAndAdministrativeExpenses": 501604000,
    "otherExpenses": 227865000,
    "operatingExpenses": 1073879000,
    "costAndExpenses": 1385459000,
    "interestIncome": 2962000,
    "interestExpense": 6649000,
    "depreciationAndAmortization": 33687000,
    "ebitda": 890794000,
    "ebitdaratio": 0.3981323231,
    "operatingIncome": 851973000,
    "operatingIncomeRatio": 0.3807816282,
    "totalOtherIncomeExpensesNet": -1515000,
    "incomeBeforeTax": 850458000,
    "incomeBeforeTaxRatio": 0.3801045127,
    "incomeTaxExpense": 16565000,
    "netIncome": 833893000,
    "netIncomeRatio": 0.3727009357,
    "eps": 1.34,
    "epsdiluted": 1.22,
    "weightedAverageShsOut": 621012000,
    "weightedAverageShsOutDil": 681916000,
    "link": "https://www.sec.gov/Archives/edgar/data/1559720/000155972021000017/0001559720-21-000017-index.htm",
    "finalLink": "https://www.sec.gov/Archives/edgar/data/1559720/000155972021000017/abnb-20210930.htm"
  },
  {
    "date": "2021-06-30",
    "symbol": "ABNB",
    "reportedCurrency": "USD",
    "cik": "0001559720",
    "fillingDate": "2021-08-13",
    "acceptedDate": "2021-08-13 16:05:47",
    "calendarYear": "2021",
    "period": "Q2",
    "revenue": 1335196000,
    "costOfRevenue": 294427000,
    "grossProfit": 1040769000,
    "grossProfitRatio": 0.7794878055,
    "researchAndDevelopmentExpenses": 349734000,
    "generalAndAdministrativeExpenses": 218303000,
    "sellingAndMarketingExpenses": 315323000,
    "sellingGeneralAndAdministrativeExpenses": 533626000,
    "otherExpenses": 208687000,
    "operatingExpenses": 1092047000,
    "costAndExpenses": 1386474000,
    "interestIncome": 2942000,
    "interestExpense": 6520000,
    "depreciationAndAmortization": 35536000,
    "ebitda": -14928000,
    "ebitdaratio": -0.011180381,
    "operatingIncome": -51278000,
    "operatingIncomeRatio": -0.0384048484,
    "totalOtherIncomeExpensesNet": -5706000,
    "incomeBeforeTax": -56984000,
    "incomeBeforeTaxRatio": -0.0426783783,
    "incomeTaxExpense": 11233000,
    "netIncome": -68217000,
    "netIncomeRatio": -0.0510913753,
    "eps": -0.11,
    "epsdiluted": -0.11,
    "weightedAverageShsOut": 611739000,
    "weightedAverageShsOutDil": 611739000,
    "link": "https://www.sec.gov/Archives/edgar/data/1559720/000162828021016979/0001628280-21-016979-index.htm",
    "finalLink": "https://www.sec.gov/Archives/edgar/data/1559720/000162828021016979/abnb-20210630.htm"
  },
  {
    "date": "2021-03-31",
    "symbol": "ABNB",
    "reportedCurrency": "USD",
    "cik": "0001559720",
    "fillingDate": "2021-05-14",
    "acceptedDate": "2021-05-14 17:18:14",
    "calendarYear": "2021",
    "period": "Q1",
    "revenue": 886936000,
    "costOfRevenue": 254515000,
    "grossProfit": 632421000,
    "grossProfitRatio": 0.7130401743,
    "researchAndDevelopmentExpenses": 363061000,
    "generalAndAdministrativeExpenses": 189762000,
    "sellingAndMarketingExpenses": 229125000,
    "sellingGeneralAndAdministrativeExpenses": 418887000,
    "otherExpenses": 297418000,
    "operatingExpenses": 1079366000,
    "costAndExpenses": 1333881000,
    "interestIncome": 3052000,
    "interestExpense": 421911000,
    "depreciationAndAmortization": 38252000,
    "ebitda": -705739000,
    "ebitdaratio": -0.7957045379,
    "operatingIncome": -446945000,
    "operatingIncomeRatio": -0.5039202378,
    "totalOtherIncomeExpensesNet": -718957000,
    "incomeBeforeTax": -1165902000,
    "incomeBeforeTaxRatio": -1.3145277675,
    "incomeTaxExpense": 6309000,
    "netIncome": -1172211000,
    "netIncomeRatio": -1.3216410203,
    "eps": -1.95,
    "epsdiluted": -1.95,
    "weightedAverageShsOut": 600960000,
    "weightedAverageShsOutDil": 600960000,
    "link": "https://www.sec.gov/Archives/edgar/data/1559720/000162828021010389/0001628280-21-010389-index.htm",
    "finalLink": "https://www.sec.gov/Archives/edgar/data/1559720/000162828021010389/abnb-20210331.htm"
  },
  {
    "date": "2020-12-31",
    "symbol": "ABNB",
    "reportedCurrency": "USD",
    "cik": "0001559720",
    "fillingDate": "2021-02-26",
    "acceptedDate": "2021-02-26 16:19:13",
    "calendarYear": "2020",
    "period": "Q4",
    "revenue": 859264000,
    "costOfRevenue": 209747000,
    "grossProfit": 649517000,
    "grossProfitRatio": 0.7558992347,
    "researchAndDevelopmentExpenses": 2062195000,
    "generalAndAdministrativeExpenses": 713769000,
    "sellingAndMarketingExpenses": 629815000,
    "sellingGeneralAndAdministrativeExpenses": 1343584000,
    "otherExpenses": 343918000,
    "operatingExpenses": 3749697000,
    "costAndExpenses": 3959444000,
    "interestIncome": 3287000,
    "interestExpense": 64140000,
    "depreciationAndAmortization": 32438000,
    "ebitda": -3895924000,
    "ebitdaratio": -4.5340244675,
    "operatingIncome": -3100180000,
    "operatingIncomeRatio": -3.6079481975,
    "totalOtherIncomeExpensesNet": -892322000,
    "incomeBeforeTax": -3992502000,
    "incomeBeforeTaxRatio": -4.6464206577,
    "incomeTaxExpense": -104651000,
    "netIncome": -3887851000,
    "netIncomeRatio": -4.5246292176,
    "eps": -6.54,
    "epsdiluted": -6.54,
    "weightedAverageShsOut": 594079504,
    "weightedAverageShsOutDil": 594079504,
    "link": "https://www.sec.gov/Archives/edgar/data/1559720/000155972021000010/0001559720-21-000010-index.htm",
    "finalLink": "https://www.sec.gov/Archives/edgar/data/1559720/000155972021000010/airbnb-10k.htm"
  },
  {
    "date": "2020-09-30",
    "symbol": "ABNB",
    "reportedCurrency": "USD",
    "cik": "0001559720",
    "fillingDate": "2020-09-30",
    "acceptedDate": "2020-09-29 20:00:00",
    "calendarYear": "2020",
    "period": "Q3",
    "revenue": 1342331000,
    "costOfRevenue": 227325000,
    "grossProfit": 1115006000,
    "grossProfitRatio": 0.8306490724,
    "researchAndDevelopmentExpenses": 213920000,
    "generalAndAdministrativeExpenses": 180021000,
    "sellingAndMarketingExpenses": 113494000,
    "sellingGeneralAndAdministrativeExpenses": 293515000,
    "otherExpenses": 188834000,
    "operatingExpenses": 696269000,
    "costAndExpenses": 923594000,
    "interestIncome": 4325000,
    "interestExpense": 59867000,
    "depreciationAndAmortization": 29638000,
    "ebitda": 396557000,
    "ebitdaratio": 0.295424154,
    "operatingIncome": 418737000,
    "operatingIncomeRatio": 0.3119476493,
    "totalOtherIncomeExpensesNet": -111685000,
    "incomeBeforeTax": 307052000,
    "incomeBeforeTaxRatio": 0.2287453691,
    "incomeTaxExpense": 87724000,
    "netIncome": 219328000,
    "netIncomeRatio": 0.1633933806,
    "eps": 0.37,
    "epsdiluted": 0.37,
    "weightedAverageShsOut": 587199007,
    "weightedAverageShsOutDil": 587199007,
    "link": "",
    "finalLink": ""
  },
  {
    "date": "2020-06-30",
    "symbol": "ABNB",
    "reportedCurrency": "USD",
    "cik": "0001559720",
    "fillingDate": "2020-06-30",
    "acceptedDate": "2020-06-29 20:00:00",
    "calendarYear": "2020",
    "period": "Q2",
    "revenue": 334774000,
    "costOfRevenue": 161198000,
    "grossProfit": 173576000,
    "grossProfitRatio": 0.5184870988,
    "researchAndDevelopmentExpenses": 217938000,
    "generalAndAdministrativeExpenses": 149299000,
    "sellingAndMarketingExpenses": 114837000,
    "sellingGeneralAndAdministrativeExpenses": 264136000,
    "otherExpenses": 274717000,
    "operatingExpenses": 756791000,
    "costAndExpenses": 917989000,
    "interestIncome": 5856000,
    "interestExpense": 49191000,
    "depreciationAndAmortization": 29928000,
    "ebitda": -560279000,
    "ebitdaratio": -1.6736036849,
    "operatingIncome": -583215000,
    "operatingIncomeRatio": -1.7421155765,
    "totalOtherIncomeExpensesNet": -56183000,
    "incomeBeforeTax": -639398000,
    "incomeBeforeTaxRatio": -1.9099392426,
    "incomeTaxExpense": -63810000,
    "netIncome": -575588000,
    "netIncomeRatio": -1.7193330426,
    "eps": -1.08,
    "epsdiluted": -1.08,
    "weightedAverageShsOut": 530945000,
    "weightedAverageShsOutDil": 530945000,
    "link": "",
    "finalLink": ""
  },
  {
    "date": "2020-03-31",
    "symbol": "ABNB",
    "reportedCurrency": "USD",
    "cik": "0001559720",
    "fillingDate": "2020-03-31",
    "acceptedDate": "2020-03-31 00:00:00",
    "calendarYear": "2020",
    "period": "Q1",
    "revenue": 841830000,
    "costOfRevenue": 277772000,
    "grossProfit": 564058000,
    "grossProfitRatio": 0.6700378936,
    "researchAndDevelopmentExpenses": 258819000,
    "generalAndAdministrativeExpenses": 91762000,
    "sellingAndMarketingExpenses": 317179000,
    "sellingGeneralAndAdministrativeExpenses": 408941000,
    "otherExpenses": 221787000,
    "operatingExpenses": 889547000,
    "costAndExpenses": 1167319000,
    "interestIncome": 15159000,
    "interestExpense": 0,
    "depreciationAndAmortization": 33872000,
    "ebitda": -291617000,
    "ebitdaratio": -0.3464084198,
    "operatingIncome": -325489000,
    "operatingIncomeRatio": -0.3866445719,
    "totalOtherIncomeExpensesNet": -31601000,
    "incomeBeforeTax": -357090000,
    "incomeBeforeTaxRatio": -0.4241830298,
    "incomeTaxExpense": -16485000,
    "netIncome": -340605000,
    "netIncomeRatio": -0.4046006914,
    "eps": -0.64,
    "epsdiluted": -0.64,
    "weightedAverageShsOut": 530945000,
    "weightedAverageShsOutDil": 530945000,
    "link": "",
    "finalLink": ""
  },
  {
    "date": "2019-12-31",
    "symbol": "ABNB",
    "reportedCurrency": "USD",
    "cik": "0001559720",
    "fillingDate": "2019-12-31",
    "acceptedDate": "2019-12-30 19:00:00",
    "calendarYear": "2019",
    "period": "Q4",
    "revenue": 1106796000,
    "costOfRevenue": 293618000,
    "grossProfit": 813178000,
    "grossProfitRatio": 0.7347135335,
    "researchAndDevelopmentExpenses": 282899000,
    "generalAndAdministrativeExpenses": 206919000,
    "sellingAndMarketingExpenses": 437013000,
    "sellingGeneralAndAdministrativeExpenses": 643932000,
    "otherExpenses": 214286000,
    "operatingExpenses": 1141117000,
    "costAndExpenses": 1434735000,
    "interestIncome": 17241000,
    "interestExpense": 3167000,
    "depreciationAndAmortization": 37830000,
    "ebitda": -301092000,
    "ebitdaratio": -0.2720392918,
    "operatingIncome": -327939000,
    "operatingIncomeRatio": -0.2962957943,
    "totalOtherIncomeExpensesNet": -14150000,
    "incomeBeforeTax": -342089000,
    "incomeBeforeTaxRatio": -0.3090804448,
    "incomeTaxExpense": 9449000,
    "netIncome": -351538000,
    "netIncomeRatio": -0.3176177001,
    "eps": -0.66,
    "epsdiluted": -0.66,
    "weightedAverageShsOut": 530945000,
    "weightedAverageShsOutDil": 530945000,
    "link": "",
    "finalLink": ""
  },
  {
    "date": "2019-09-30",
    "symbol": "ABNB",
    "reportedCurrency": "USD",
    "cik": "0001559720",
    "fillingDate": "2019-09-30",
    "acceptedDate": "2019-09-29 20:00:00",
    "calendarYear": "2019",
    "period": "Q3",
    "revenue": 1645761000,
    "costOfRevenue": 308667000,
    "grossProfit": 1337094000,
    "grossProfitRatio": 0.8124472508,
    "researchAndDevelopmentExpenses": 276368000,
    "generalAndAdministrativeExpenses": 175018000,
    "sellingAndMarketingExpenses": 429714000,
    "sellingGeneralAndAdministrativeExpenses": 828196000,
    "otherExpenses": 0,
    "operatingExpenses": 1075249000,
    "costAndExpenses": 1383916000,
    "interestIncome": 19457000,
    "interestExpense": 0,
    "depreciationAndAmortization": 22877310,
    "ebitda": 315033000,
    "ebitdaratio": 0.1914208685,
    "operatingIncome": 232530000,
    "operatingIncomeRatio": 0.1412902603,
    "totalOtherIncomeExpensesNet": 48772000,
    "incomeBeforeTax": 281302000,
    "incomeBeforeTaxRatio": 0.1709251829,
    "incomeTaxExpense": 14652000,
    "netIncome": 266650000,
    "netIncomeRatio": 0.1620223107,
    "eps": 0.5,
    "epsdiluted": 0.5,
    "weightedAverageShsOut": 530945000,
    "weightedAverageShsOutDil": 530945000,
    "link": null,
    "finalLink": null
  }
]