[
  {
    "date": "2025-06-30",
    "symbol": "ABT",
    "reportedCurrency": "USD",
    "cik": "0000001800",
    "fillingDate": "2025-06-30",
    "acceptedDate": "2025-06-29 20:00:00",
    "calendarYear": "2025",
    "period": "Q2",
    "revenue": 11142000000,
    "costOfRevenue": 4854000000,
    "grossProfit": 6288000000,
    "grossProfitRatio": 0.5643511039,
    "researchAndDevelopmentExpenses": 732000000,
    "generalAndAdministrativeExpenses": 0,
    "sellingAndMarketingExpenses": 0,
    "sellingGeneralAndAdministrativeExpenses": 3093000000,
    "otherExpenses": 420000000,
    "operatingExpenses": 4236000000,
    "costAndExpenses": 9090000000,
    "interestIncome": 71000000,
    "interestExpense": 121000000,
    "depreciationAndAmortization": 777000000,
    "ebitda": 3048000000,
    "ebitdaratio": 0.2735595046,
    "operatingIncome": 2052000000,
    "operatingIncomeRatio": 0.1841680129,
    "totalOtherIncomeExpensesNet": 98000000,
    "incomeBeforeTax": 2150000000,
    "incomeBeforeTaxRatio": 0.1929635613,
    "incomeTaxExpense": 371000000,
    "netIncome": 1779000000,
    "netIncomeRatio": 0.1596661282,
    "eps": 1.02,
    "epsdiluted": 1.02,
    "weightedAverageShsOut": 1740459014,
    "weightedAverageShsOutDil": 1751000000,
    "link": "https://www.sec.gov/Archives/edgar/data/1800/000162828025036720/0001628280-25-036720-index.htm",
    "finalLink": "https://www.sec.gov/Archives/edgar/data/1800/000162828025036720/abt-20250630.htm"
  },
  {
    "date": "2025-03-31",
    "symbol": "ABT",
    "reportedCurrency": "USD",
    "cik": "0000001800",
    "fillingDate": "2025-04-30",
    "acceptedDate": "2025-04-30 16:14:32",
    "calendarYear": "2025",
    "period": "Q1",
    "revenue": 10358000000,
    "costOfRevenue": 4914000000,
    "grossProfit": 5444000000,
    "grossProfitRatio": 0.5255840896,
    "researchAndDevelopmentExpenses": 703000000,
    "generalAndAdministrativeExpenses": 0,
    "sellingAndMarketingExpenses": 0,
    "sellingGeneralAndAdministrativeExpenses": 3053000000,
    "otherExpenses": 0,
    "operatingExpenses": 3756000000,
    "costAndExpenses": 8670000000,
    "interestIncome": 82000000,
    "interestExpense": 134000000,
    "depreciationAndAmortization": 756000000,
    "ebitda": 2668000000,
    "ebitdaratio": 0.2575786831,
    "operatingIncome": 1688000000,
    "operatingIncomeRatio": 0.1629658235,
    "totalOtherIncomeExpensesNet": 90000000,
    "incomeBeforeTax": 1778000000,
    "incomeBeforeTaxRatio": 0.1716547596,
    "incomeTaxExpense": 453000000,
    "netIncome": 1325000000,
    "netIncomeRatio": 0.127920448,
    "eps": 0.7583475463879763,
    "epsdiluted": 0.7583475463879763,
    "weightedAverageShsOut": 1747220000,
    "weightedAverageShsOutDil": 1747220000,
    "link": "https://www.sec.gov/Archives/edgar/data/1800/000162828025021090/0001628280-25-021090-index.htm",
    "finalLink": "https://www.sec.gov/Archives/edgar/data/1800/000162828025021090/abt-20250331.htm"
  },
  {
    "date": "2024-12-31",
    "symbol": "ABT",
    "reportedCurrency": "USD",
    "cik": "0000001800",
    "fillingDate": "2025-02-21",
    "acceptedDate": "2025-02-21 16:07:20",
    "calendarYear": "2024",
    "period": "Q4",
    "revenue": 10974000000,
    "costOfRevenue": 5376000000,
    "grossProfit": 5598000000,
    "grossProfitRatio": 0.5101148168,
    "researchAndDevelopmentExpenses": 728000000,
    "generalAndAdministrativeExpenses": 0,
    "sellingAndMarketingExpenses": 0,
    "sellingGeneralAndAdministrativeExpenses": 2880000000,
    "otherExpenses": 0,
    "operatingExpenses": 3608000000,
    "costAndExpenses": 8984000000,
    "interestIncome": 91000000,
    "interestExpense": 152000000,
    "depreciationAndAmortization": 807000000,
    "ebitda": 2989000000,
    "ebitdaratio": 0.2723710589,
    "operatingIncome": 1990000000,
    "operatingIncomeRatio": 0.1813377073,
    "totalOtherIncomeExpensesNet": 40000000,
    "incomeBeforeTax": 2030000000,
    "incomeBeforeTaxRatio": 0.1849826863,
    "incomeTaxExpense": -7199000000,
    "netIncome": 9229000000,
    "netIncomeRatio": 0.8409877893,
    "eps": 5.33,
    "epsdiluted": 5.27,
    "weightedAverageShsOut": 1731697991,
    "weightedAverageShsOutDil": 1746000000,
    "link": "https://www.sec.gov/Archives/edgar/data/1800/000162828025007110/0001628280-25-007110-index.htm",
    "finalLink": "https://www.sec.gov/Archives/edgar/data/1800/000162828025007110/abt-20241231.htm"
  },
  {
    "date": "2024-09-30",
    "symbol": "ABT",
    "reportedCurrency": "USD",
    "cik": "0000001800",
    "fillingDate": "2024-10-31",
    "acceptedDate": "2024-10-31 17:14:00",
    "calendarYear": "2024",
    "period": "Q3",
    "revenue": 10635000000,
    "costOfRevenue": 5209000000,
    "grossProfit": 5426000000,
    "grossProfitRatio": 0.5102021627,
    "researchAndDevelopmentExpenses": 713000000,
    "generalAndAdministrativeExpenses": 0,
    "sellingAndMarketingExpenses": 0,
    "sellingGeneralAndAdministrativeExpenses": 2895000000,
    "otherExpenses": 0,
    "operatingExpenses": 3608000000,
    "costAndExpenses": 8817000000,
    "interestIncome": 91000000,
    "interestExpense": 166000000,
    "depreciationAndAmortization": 801000000,
    "ebitda": 2907000000,
    "ebitdaratio": 0.2733427362,
    "operatingIncome": 1818000000,
    "operatingIncomeRatio": 0.1709449929,
    "totalOtherIncomeExpensesNet": 122000000,
    "incomeBeforeTax": 1940000000,
    "incomeBeforeTaxRatio": 0.1824165491,
    "incomeTaxExpense": 294000000,
    "netIncome": 1646000000,
    "netIncomeRatio": 0.1547719793,
    "eps": 0.95,
    "epsdiluted": 0.94,
    "weightedAverageShsOut": 1734455938,
    "weightedAverageShsOutDil": 1748000000,
    "link": "https://www.sec.gov/Archives/edgar/data/1800/000162828024044602/0001628280-24-044602-index.htm",
    "finalLink": "https://www.sec.gov/Archives/edgar/data/1800/000162828024044602/abt-20240930.htm"
  },
  {
    "date": "2024-06-30",
    "symbol": "ABT",
    "reportedCurrency": "USD",
    "cik": "0000001800",
    "fillingDate": "2024-07-31",
    "acceptedDate": "2024-07-31 16:02:17",
    "calendarYear": "2024",
    "period": "Q2",
    "revenue": 10377000000,
    "costOfRevenue": 5072000000,
    "grossProfit": 5305000000,
    "grossProfitRatio": 0.5112267515,
    "researchAndDevelopmentExpenses": 697000000,
    "generalAndAdministrativeExpenses": 0,
    "sellingAndMarketingExpenses": 0,
    "sellingGeneralAndAdministrativeExpenses": 2922000000,
    "otherExpenses": 0,
    "operatingExpenses": 3619000000,
    "costAndExpenses": 8691000000,
    "interestIncome": 82000000,
    "interestExpense": 168000000,
    "depreciationAndAmortization": 805000000,
    "ebitda": 2580000000,
    "ebitdaratio": 0.2486267707,
    "operatingIncome": 1686000000,
    "operatingIncomeRatio": 0.1624747037,
    "totalOtherIncomeExpensesNet": -79000000,
    "incomeBeforeTax": 1607000000,
    "incomeBeforeTaxRatio": 0.1548617134,
    "incomeTaxExpense": 305000000,
    "netIncome": 1302000000,
    "netIncomeRatio": 0.125469789,
    "eps": 0.75,
    "epsdiluted": 0.74,
    "weightedAverageShsOut": 1734076358,
    "weightedAverageShsOutDil": 1751000000,
    "link": "https://www.sec.gov/Archives/edgar/data/1800/000162828024033740/0001628280-24-033740-index.htm",
    "finalLink": "https://www.sec.gov/Archives/edgar/data/1800/000162828024033740/abt-20240630.htm"
  },
  {
    "date": "2024-03-31",
    "symbol": "ABT",
    "reportedCurrency": "USD",
    "cik": "0000001800",
    "fillingDate": "2024-05-02",
    "acceptedDate": "2024-05-02 16:11:10",
    "calendarYear": "2024",
    "period": "Q1",
    "revenue": 9964000000,
    "costOfRevenue": 4942000000,
    "grossProfit": 5022000000,
    "grossProfitRatio": 0.504014452,
    "researchAndDevelopmentExpenses": 683000000,
    "generalAndAdministrativeExpenses": 0,
    "sellingAndMarketingExpenses": 0,
    "sellingGeneralAndAdministrativeExpenses": 2954000000,
    "otherExpenses": 0,
    "operatingExpenses": 3637000000,
    "costAndExpenses": 8579000000,
    "interestIncome": 80000000,
    "interestExpense": 117000000,
    "depreciationAndAmortization": 805000000,
    "ebitda": 2358000000,
    "ebitdaratio": 0.236651947,
    "operatingIncome": 1385000000,
    "operatingIncomeRatio": 0.1390004014,
    "totalOtherIncomeExpensesNet": 51000000,
    "incomeBeforeTax": 1436000000,
    "incomeBeforeTaxRatio": 0.1441188278,
    "incomeTaxExpense": 211000000,
    "netIncome": 1225000000,
    "netIncomeRatio": 0.1229425933,
    "eps": 0.71,
    "epsdiluted": 0.7,
    "weightedAverageShsOut": 1734076358,
    "weightedAverageShsOutDil": 1750000000,
    "link": "https://www.sec.gov/Archives/edgar/data/1800/000162828024020011/0001628280-24-020011-index.htm",
    "finalLink": "https://www.sec.gov/Archives/edgar/data/1800/000162828024020011/abt-20240331.htm"
  },
  {
    "date": "2023-12-31",
    "symbol": "ABT",
    "reportedCurrency": "USD",
    "cik": "0000001800",
    "fillingDate": "2024-02-16",
    "acceptedDate": "2024-02-16 16:15:58",
    "calendarYear": "2023",
    "period": "Q4",
    "revenue": 10241000000,
    "costOfRevenue": 4983000000,
    "grossProfit": 5258000000,
    "grossProfitRatio": 0.5134264232,
    "researchAndDevelopmentExpenses": 690000000,
    "generalAndAdministrativeExpenses": 0,
    "sellingAndMarketingExpenses": 0,
    "sellingGeneralAndAdministrativeExpenses": 2704000000,
    "otherExpenses": 0,
    "operatingExpenses": 3394000000,
    "costAndExpenses": 8377000000,
    "interestIncome": 89000000,
    "interestExpense": 235000000,
    "depreciationAndAmortization": 813000000,
    "ebitda": 2843000000,
    "ebitdaratio": 0.2776096084,
    "operatingIncome": 1864000000,
    "operatingIncomeRatio": 0.1820134752,
    "totalOtherIncomeExpensesNet": -69000000,
    "incomeBeforeTax": 1795000000,
    "incomeBeforeTaxRatio": 0.175275852,
    "incomeTaxExpense": 201000000,
    "netIncome": 1594000000,
    "netIncomeRatio": 0.1556488624,
    "eps": 0.92,
    "epsdiluted": 0.91,
    "weightedAverageShsOut": 1734076358,
    "weightedAverageShsOutDil": 1748000000,
    "link": "https://www.sec.gov/Archives/edgar/data/1800/000162828024005348/0001628280-24-005348-index.htm",
    "finalLink": "https://www.sec.gov/Archives/edgar/data/1800/000162828024005348/abt-20231231.htm"
  },
  {
    "date": "2023-09-30",
    "symbol": "ABT",
    "reportedCurrency": "USD",
    "cik": "0000001800",
    "fillingDate": "2023-11-01",
    "acceptedDate": "2023-11-01 16:07:32",
    "calendarYear": "2023",
    "period": "Q3",
    "revenue": 10143000000,
    "costOfRevenue": 5109000000,
    "grossProfit": 5034000000,
    "grossProfitRatio": 0.496302869,
    "researchAndDevelopmentExpenses": 661000000,
    "generalAndAdministrativeExpenses": 0,
    "sellingAndMarketingExpenses": 0,
    "sellingGeneralAndAdministrativeExpenses": 2695000000,
    "otherExpenses": 0,
    "operatingExpenses": 3356000000,
    "costAndExpenses": 8465000000,
    "interestIncome": 97000000,
    "interestExpense": 148000000,
    "depreciationAndAmortization": 824000000,
    "ebitda": 2643000000,
    "ebitdaratio": 0.2605737947,
    "operatingIncome": 1678000000,
    "operatingIncomeRatio": 0.1654342897,
    "totalOtherIncomeExpensesNet": -7000000,
    "incomeBeforeTax": 1671000000,
    "incomeBeforeTaxRatio": 0.1647441585,
    "incomeTaxExpense": 235000000,
    "netIncome": 1436000000,
    "netIncomeRatio": 0.1415754708,
    "eps": 0.83,
    "epsdiluted": 0.82,
    "weightedAverageShsOut": 1738700000,
    "weightedAverageShsOutDil": 1748289000,
    "link": "https://www.sec.gov/Archives/edgar/data/1800/000162828023035957/0001628280-23-035957-index.htm",
    "finalLink": "https://www.sec.gov/Archives/edgar/data/1800/000162828023035957/abt-20230930.htm"
  },
  {
    "date": "2023-06-30",
    "symbol": "ABT",
    "reportedCurrency": "USD",
    "cik": "0000001800",
    "fillingDate": "2023-08-03",
    "acceptedDate": "2023-08-03 16:07:28",
    "calendarYear": "2023",
    "period": "Q2",
    "revenue": 9978000000,
    "costOfRevenue": 5033000000,
    "grossProfit": 4945000000,
    "grossProfitRatio": 0.4955902987,
    "researchAndDevelopmentExpenses": 710000000,
    "generalAndAdministrativeExpenses": 0,
    "sellingAndMarketingExpenses": 0,
    "sellingGeneralAndAdministrativeExpenses": 2724000000,
    "otherExpenses": 0,
    "operatingExpenses": 3434000000,
    "costAndExpenses": 8467000000,
    "interestIncome": 98000000,
    "interestExpense": 153000000,
    "depreciationAndAmortization": 800000000,
    "ebitda": 2589000000,
    "ebitdaratio": 0.2594708358,
    "operatingIncome": 1511000000,
    "operatingIncomeRatio": 0.1514331529,
    "totalOtherIncomeExpensesNet": 125000000,
    "incomeBeforeTax": 1636000000,
    "incomeBeforeTaxRatio": 0.1639607136,
    "incomeTaxExpense": 261000000,
    "netIncome": 1375000000,
    "netIncomeRatio": 0.137803167,
    "eps": 0.79,
    "epsdiluted": 0.78,
    "weightedAverageShsOut": 1740359000,
    "weightedAverageShsOutDil": 1750248000,
    "link": "https://www.sec.gov/Archives/edgar/data/1800/000162828023027203/0001628280-23-027203-index.htm",
    "finalLink": "https://www.sec.gov/Archives/edgar/data/1800/000162828023027203/abt-20230630.htm"
  },
  {
    "date": "2023-03-31",
    "symbol": "ABT",
    "reportedCurrency": "USD",
    "cik": "0000001800",
    "fillingDate": "2023-05-04",
    "acceptedDate": "2023-05-04 16:03:45",
    "calendarYear": "2023",
    "period": "Q1",
    "revenue": 9747000000,
    "costOfRevenue": 4942000000,
    "grossProfit": 4805000000,
    "grossProfitRatio": 0.4929721966,
    "researchAndDevelopmentExpenses": 654000000,
    "generalAndAdministrativeExpenses": 0,
    "sellingAndMarketingExpenses": 0,
    "sellingGeneralAndAdministrativeExpenses": 2751000000,
    "otherExpenses": 0,
    "operatingExpenses": 3405000000,
    "costAndExpenses": 8347000000,
    "interestIncome": 101000000,
    "interestExpense": 162000000,
    "depreciationAndAmortization": 806000000,
    "ebitda": 2530000000,
    "ebitdaratio": 0.2595670463,
    "operatingIncome": 1400000000,
    "operatingIncomeRatio": 0.1436339386,
    "totalOtherIncomeExpensesNet": 162000000,
    "incomeBeforeTax": 1562000000,
    "incomeBeforeTaxRatio": 0.1602544373,
    "incomeTaxExpense": 244000000,
    "netIncome": 1318000000,
    "netIncomeRatio": 0.1352210937,
    "eps": 0.76,
    "epsdiluted": 0.75,
    "weightedAverageShsOut": 1741738000,
    "weightedAverageShsOutDil": 1751715000,
    "link": "https://www.sec.gov/Archives/edgar/data/1800/000162828023015699/0001628280-23-015699-index.htm",
    "finalLink": "https://www.sec.gov/Archives/edgar/data/1800/000162828023015699/abt-20230331.htm"
  },
  {
    "date": "2022-12-31",
    "symbol": "ABT",
    "reportedCurrency": "USD",
    "cik": "0000001800",
    "fillingDate": "2023-02-17",
    "acceptedDate": "2023-02-17 16:09:44",
    "calendarYear": "2022",
    "period": "Q4",
    "revenue": 10091000000,
    "costOfRevenue": 5120000000,
    "grossProfit": 4971000000,
    "grossProfitRatio": 0.4926171836,
    "researchAndDevelopmentExpenses": 691000000,
    "generalAndAdministrativeExpenses": 0,
    "sellingAndMarketingExpenses": 0,
    "sellingGeneralAndAdministrativeExpenses": 2839000000,
    "otherExpenses": 0,
    "operatingExpenses": 3530000000,
    "costAndExpenses": 8650000000,
    "interestIncome": 88000000,
    "interestExpense": 164000000,
    "depreciationAndAmortization": 807000000,
    "ebitda": 2291000000,
    "ebitdaratio": 0.2270339907,
    "operatingIncome": 1441000000,
    "operatingIncomeRatio": 0.1428005153,
    "totalOtherIncomeExpensesNet": -121000000,
    "incomeBeforeTax": 1320000000,
    "incomeBeforeTaxRatio": 0.1308096323,
    "incomeTaxExpense": 287000000,
    "netIncome": 1033000000,
    "netIncomeRatio": 0.1023684471,
    "eps": 0.59,
    "epsdiluted": 0.59,
    "weightedAverageShsOut": 1737795021,
    "weightedAverageShsOutDil": 1754000000,
    "link": "https://www.sec.gov/Archives/edgar/data/1800/000162828023004026/0001628280-23-004026-index.htm",
    "finalLink": "https://www.sec.gov/Archives/edgar/data/1800/000162828023004026/abt-20221231.htm"
  },
  {
    "date": "2022-09-30",
    "symbol": "ABT",
    "reportedCurrency": "USD",
    "cik": "0000001800",
    "fillingDate": "2022-11-01",
    "acceptedDate": "2022-11-01 16:06:19",
    "calendarYear": "2022",
    "period": "Q3",
    "revenue": 10410000000,
    "costOfRevenue": 5201000000,
    "grossProfit": 5209000000,
    "grossProfitRatio": 0.5003842459,
    "researchAndDevelopmentExpenses": 780000000,
    "generalAndAdministrativeExpenses": 0,
    "sellingAndMarketingExpenses": 0,
    "sellingGeneralAndAdministrativeExpenses": 2726000000,
    "otherExpenses": 0,
    "operatingExpenses": 3506000000,
    "costAndExpenses": 8707000000,
    "interestIncome": 55000000,
    "interestExpense": 56000000,
    "depreciationAndAmortization": 815000000,
    "ebitda": 2629000000,
    "ebitdaratio": 0.2525456292,
    "operatingIncome": 1703000000,
    "operatingIncomeRatio": 0.1635926993,
    "totalOtherIncomeExpensesNet": 55000000,
    "incomeBeforeTax": 1758000000,
    "incomeBeforeTaxRatio": 0.1688760807,
    "incomeTaxExpense": 323000000,
    "netIncome": 1435000000,
    "netIncomeRatio": 0.1378482229,
    "eps": 0.82,
    "epsdiluted": 0.81,
    "weightedAverageShsOut": 1744507382,
    "weightedAverageShsOutDil": 1764000000,
    "link": "https://www.sec.gov/Archives/edgar/data/1800/000162828022027550/0001628280-22-027550-index.htm",
    "finalLink": "https://www.sec.gov/Archives/edgar/data/1800/000162828022027550/abt-20220930.htm"
  },
  {
    "date": "2022-06-30",
    "symbol": "ABT",
    "reportedCurrency": "USD",
    "cik": "0000001800",
    "fillingDate": "2022-08-02",
    "acceptedDate": "2022-08-02 16:02:47",
    "calendarYear": "2022",
    "period": "Q2",
    "revenue": 11257000000,
    "costOfRevenue": 5483000000,
    "grossProfit": 5774000000,
    "grossProfitRatio": 0.5129252909,
    "researchAndDevelopmentExpenses": 684000000,
    "generalAndAdministrativeExpenses": 0,
    "sellingAndMarketingExpenses": 0,
    "sellingGeneralAndAdministrativeExpenses": 2757000000,
    "otherExpenses": 0,
    "operatingExpenses": 3441000000,
    "costAndExpenses": 8924000000,
    "interestIncome": 26000000,
    "interestExpense": 85000000,
    "depreciationAndAmortization": 822000000,
    "ebitda": 3259000000,
    "ebitdaratio": 0.2895087501,
    "operatingIncome": 2333000000,
    "operatingIncomeRatio": 0.207248823,
    "totalOtherIncomeExpensesNet": 19000000,
    "incomeBeforeTax": 2352000000,
    "incomeBeforeTaxRatio": 0.2089366616,
    "incomeTaxExpense": 334000000,
    "netIncome": 2018000000,
    "netIncomeRatio": 0.1792662343,
    "eps": 1.15,
    "epsdiluted": 1.14,
    "weightedAverageShsOut": 1751219743,
    "weightedAverageShsOutDil": 1765000000,
    "link": "https://www.sec.gov/Archives/edgar/data/1800/000162828022020209/0001628280-22-020209-index.htm",
    "finalLink": "https://www.sec.gov/Archives/edgar/data/1800/000162828022020209/abt-20220630.htm"
  },
  {
    "date": "2022-03-31",
    "symbol": "ABT",
    "reportedCurrency": "USD",
    "cik": "0000001800",
    "fillingDate": "2022-05-03",
    "acceptedDate": "2022-05-03 16:29:24",
    "calendarYear": "2022",
    "period": "Q1",
    "revenue": 11895000000,
    "costOfRevenue": 5526000000,
    "grossProfit": 6369000000,
    "grossProfitRatio": 0.5354350567,
    "researchAndDevelopmentExpenses": 697000000,
    "generalAndAdministrativeExpenses": 0,
    "sellingAndMarketingExpenses": 0,
    "sellingGeneralAndAdministrativeExpenses": 2787000000,
    "otherExpenses": 0,
    "operatingExpenses": 3484000000,
    "costAndExpenses": 9010000000,
    "interestIncome": 14000000,
    "interestExpense": 10000000,
    "depreciationAndAmortization": 823000000,
    "ebitda": 3709000000,
    "ebitdaratio": 0.3118116856,
    "operatingIncome": 2885000000,
    "operatingIncomeRatio": 0.2425388819,
    "totalOtherIncomeExpensesNet": -9000000,
    "incomeBeforeTax": 2876000000,
    "incomeBeforeTaxRatio": 0.2417822615,
    "incomeTaxExpense": 429000000,
    "netIncome": 2447000000,
    "netIncomeRatio": 0.2057166877,
    "eps": 1.4,
    "epsdiluted": 1.38,
    "weightedAverageShsOut": 1750942289,
    "weightedAverageShsOutDil": 1775000000,
    "link": "https://www.sec.gov/Archives/edgar/data/1800/000110465922055285/0001104659-22-055285-index.htm",
    "finalLink": "https://www.sec.gov/Archives/edgar/data/1800/000110465922055285/abt-20220331x10q.htm"
  },
  {
    "date": "2021-12-31",
    "symbol": "ABT",
    "reportedCurrency": "USD",
    "cik": "0000001800",
    "fillingDate": "2022-02-18",
    "acceptedDate": "2022-02-18 16:02:57",
    "calendarYear": "2021",
    "period": "Q4",
    "revenue": 11468000000,
    "costOfRevenue": 5259000000,
    "grossProfit": 6209000000,
    "grossProfitRatio": 0.5414196024,
    "researchAndDevelopmentExpenses": 758000000,
    "generalAndAdministrativeExpenses": 0,
    "sellingAndMarketingExpenses": 0,
    "sellingGeneralAndAdministrativeExpenses": 3004000000,
    "otherExpenses": 0,
    "operatingExpenses": 3762000000,
    "costAndExpenses": 9021000000,
    "interestIncome": 11000000,
    "interestExpense": 89000000,
    "depreciationAndAmortization": 883000000,
    "ebitda": 3299000000,
    "ebitdaratio": 0.2876700384,
    "operatingIncome": 2447000000,
    "operatingIncomeRatio": 0.2133763516,
    "totalOtherIncomeExpensesNet": -120000000,
    "incomeBeforeTax": 2327000000,
    "incomeBeforeTaxRatio": 0.202912452,
    "incomeTaxExpense": 338000000,
    "netIncome": 1989000000,
    "netIncomeRatio": 0.173439135,
    "eps": 1.13,
    "epsdiluted": 1.12,
    "weightedAverageShsOut": 1764082193,
    "weightedAverageShsOutDil": 1782000000,
    "link": "https://www.sec.gov/Archives/edgar/data/1800/000110465922025141/0001104659-22-025141-index.htm",
    "finalLink": "https://www.sec.gov/Archives/edgar/data/1800/000110465922025141/abt-20211231x10k.htm"
  },
  {
    "date": "2021-09-30",
    "symbol": "ABT",
    "reportedCurrency": "USD",
    "cik": "0000001800",
    "fillingDate": "2021-11-03",
    "acceptedDate": "2021-11-03 16:04:53",
    "calendarYear": "2021",
    "period": "Q3",
    "revenue": 10928000000,
    "costOfRevenue": 4868000000,
    "grossProfit": 6060000000,
    "grossProfitRatio": 0.5545387994,
    "researchAndDevelopmentExpenses": 672000000,
    "generalAndAdministrativeExpenses": 0,
    "sellingAndMarketingExpenses": 0,
    "sellingGeneralAndAdministrativeExpenses": 2766000000,
    "otherExpenses": 0,
    "operatingExpenses": 3438000000,
    "costAndExpenses": 8306000000,
    "interestIncome": 10000000,
    "interestExpense": 119000000,
    "depreciationAndAmortization": 847000000,
    "ebitda": 3459000000,
    "ebitdaratio": 0.3165263543,
    "operatingIncome": 2622000000,
    "operatingIncomeRatio": 0.2399341142,
    "totalOtherIncomeExpensesNet": -129000000,
    "incomeBeforeTax": 2493000000,
    "incomeBeforeTaxRatio": 0.2281295754,
    "incomeTaxExpense": 393000000,
    "netIncome": 2100000000,
    "netIncomeRatio": 0.1921669107,
    "eps": 1.19,
    "epsdiluted": 1.17,
    "weightedAverageShsOut": 1768286969,
    "weightedAverageShsOutDil": 1789000000,
    "link": "https://www.sec.gov/Archives/edgar/data/1800/000110465921133629/0001104659-21-133629-index.htm",
    "finalLink": "https://www.sec.gov/Archives/edgar/data/1800/000110465921133629/abt-20210930x10q.htm"
  },
  {
    "date": "2021-06-30",
    "symbol": "ABT",
    "reportedCurrency": "USD",
    "cik": "0000001800",
    "fillingDate": "2021-08-04",
    "acceptedDate": "2021-08-04 16:01:33",
    "calendarYear": "2021",
    "period": "Q2",
    "revenue": 10223000000,
    "costOfRevenue": 4848000000,
    "grossProfit": 5375000000,
    "grossProfitRatio": 0.5257752128,
    "researchAndDevelopmentExpenses": 654000000,
    "generalAndAdministrativeExpenses": 0,
    "sellingAndMarketingExpenses": 0,
    "sellingGeneralAndAdministrativeExpenses": 2723000000,
    "otherExpenses": 0,
    "operatingExpenses": 3377000000,
    "costAndExpenses": 8225000000,
    "interestIncome": 11000000,
    "interestExpense": 136000000,
    "depreciationAndAmortization": 874000000,
    "ebitda": 2358000000,
    "ebitdaratio": 0.2306563631,
    "operatingIncome": 1998000000,
    "operatingIncomeRatio": 0.1954416512,
    "totalOtherIncomeExpensesNet": -650000000,
    "incomeBeforeTax": 1348000000,
    "incomeBeforeTaxRatio": 0.1318595324,
    "incomeTaxExpense": 159000000,
    "netIncome": 1189000000,
    "netIncomeRatio": 0.116306368,
    "eps": 0.67,
    "epsdiluted": 0.66,
    "weightedAverageShsOut": 1772817349,
    "weightedAverageShsOutDil": 1793000000,
    "link": "https://www.sec.gov/Archives/edgar/data/1800/000110465921100055/0001104659-21-100055-index.htm",
    "finalLink": "https://www.sec.gov/Archives/edgar/data/1800/000110465921100055/abt-20210630x10q.htm"
  },
  {
    "date": "2021-03-31",
    "symbol": "ABT",
    "reportedCurrency": "USD",
    "cik": "0000001800",
    "fillingDate": "2021-05-05",
    "acceptedDate": "2021-05-05 16:01:22",
    "calendarYear": "2021",
    "period": "Q1",
    "revenue": 10456000000,
    "costOfRevenue": 4886000000,
    "grossProfit": 5570000000,
    "grossProfitRatio": 0.5327084927,
    "researchAndDevelopmentExpenses": 654000000,
    "generalAndAdministrativeExpenses": 0,
    "sellingAndMarketingExpenses": 0,
    "sellingGeneralAndAdministrativeExpenses": 2783000000,
    "otherExpenses": 0,
    "operatingExpenses": 3437000000,
    "costAndExpenses": 8323000000,
    "interestIncome": 11000000,
    "interestExpense": 66000000,
    "depreciationAndAmortization": 934000000,
    "ebitda": 3043000000,
    "ebitdaratio": 0.2910290742,
    "operatingIncome": 2133000000,
    "operatingIncomeRatio": 0.2039977047,
    "totalOtherIncomeExpensesNet": -90000000,
    "incomeBeforeTax": 2043000000,
    "incomeBeforeTaxRatio": 0.1953902066,
    "incomeTaxExpense": 250000000,
    "netIncome": 1793000000,
    "netIncomeRatio": 0.1714804897,
    "eps": 1.01,
    "epsdiluted": 1,
    "weightedAverageShsOut": 1776820148,
    "weightedAverageShsOutDil": 1792000000,
    "link": "https://www.sec.gov/Archives/edgar/data/1800/000110465921061693/0001104659-21-061693-index.htm",
    "finalLink": "https://www.sec.gov/Archives/edgar/data/1800/000110465921061693/abt-20210331x10q.htm"
  },
  {
    "date": "2020-12-31",
    "symbol": "ABT",
    "reportedCurrency": "USD",
    "cik": "0000001800",
    "fillingDate": "2021-02-19",
    "acceptedDate": "2021-02-19 16:10:04",
    "calendarYear": "2020",
    "period": "Q4",
    "revenue": 10701000000,
    "costOfRevenue": 5014000000,
    "grossProfit": 5687000000,
    "grossProfitRatio": 0.5314456593,
    "researchAndDevelopmentExpenses": 698000000,
    "generalAndAdministrativeExpenses": 2548000000,
    "sellingAndMarketingExpenses": 22000000,
    "sellingGeneralAndAdministrativeExpenses": 2575000000,
    "otherExpenses": 0,
    "operatingExpenses": 3273000000,
    "costAndExpenses": 8287000000,
    "interestIncome": 9000000,
    "interestExpense": 114000000,
    "depreciationAndAmortization": 866000000,
    "ebitda": 3368000000,
    "ebitdaratio": 0.3147369405,
    "operatingIncome": 2414000000,
    "operatingIncomeRatio": 0.2255863938,
    "totalOtherIncomeExpensesNet": -26000000,
    "incomeBeforeTax": 2388000000,
    "incomeBeforeTaxRatio": 0.2231567143,
    "incomeTaxExpense": 230000000,
    "netIncome": 2162000000,
    "netIncomeRatio": 0.2020371928,
    "eps": 1.22,
    "epsdiluted": 1.21,
    "weightedAverageShsOut": 1771230274,
    "weightedAverageShsOutDil": 1789000000,
    "link": "https://www.sec.gov/Archives/edgar/data/1800/000110465921025751/0001104659-21-025751-index.htm",
    "finalLink": "https://www.sec.gov/Archives/edgar/data/1800/000110465921025751/abt-20201231x10k.htm"
  },
  {
    "date": "2020-09-30",
    "symbol": "ABT",
    "reportedCurrency": "USD",
    "cik": "0000001800",
    "fillingDate": "2020-11-04",
    "acceptedDate": "2020-11-04 16:01:05",
    "calendarYear": "2020",
    "period": "Q3",
    "revenue": 8853000000,
    "costOfRevenue": 4521000000,
    "grossProfit": 4332000000,
    "grossProfitRatio": 0.4893256523,
    "researchAndDevelopmentExpenses": 580000000,
    "generalAndAdministrativeExpenses": 0,
    "sellingAndMarketingExpenses": 0,
    "sellingGeneralAndAdministrativeExpenses": 2296000000,
    "otherExpenses": 0,
    "operatingExpenses": 2876000000,
    "costAndExpenses": 7397000000,
    "interestIncome": 10000000,
    "interestExpense": 126000000,
    "depreciationAndAmortization": 808000000,
    "ebitda": 2355000000,
    "ebitdaratio": 0.2660115215,
    "operatingIncome": 1456000000,
    "operatingIncomeRatio": 0.1644640235,
    "totalOtherIncomeExpensesNet": -35000000,
    "incomeBeforeTax": 1421000000,
    "incomeBeforeTaxRatio": 0.1605105614,
    "incomeTaxExpense": 189000000,
    "netIncome": 1232000000,
    "netIncomeRatio": 0.139161866,
    "eps": 0.7,
    "epsdiluted": 0.69,
    "weightedAverageShsOut": 1772361581,
    "weightedAverageShsOutDil": 1788000000,
    "link": "https://www.sec.gov/Archives/edgar/data/1800/000110465920121336/0001104659-20-121336-index.htm",
    "finalLink": "https://www.sec.gov/Archives/edgar/data/1800/000110465920121336/abt-20200930x10q.htm"
  },
  {
    "date": "2020-06-30",
    "symbol": "ABT",
    "reportedCurrency": "USD",
    "cik": "0000001800",
    "fillingDate": "2020-07-29",
    "acceptedDate": "2020-07-29 17:16:23",
    "calendarYear": "2020",
    "period": "Q2",
    "revenue": 7328000000,
    "costOfRevenue": 3847000000,
    "grossProfit": 3481000000,
    "grossProfitRatio": 0.4750272926,
    "researchAndDevelopmentExpenses": 564000000,
    "generalAndAdministrativeExpenses": 0,
    "sellingAndMarketingExpenses": 0,
    "sellingGeneralAndAdministrativeExpenses": 2275000000,
    "otherExpenses": 0,
    "operatingExpenses": 2839000000,
    "costAndExpenses": 6686000000,
    "interestIncome": 9000000,
    "interestExpense": 161000000,
    "depreciationAndAmortization": 825000000,
    "ebitda": 1512000000,
    "ebitdaratio": 0.2063318777,
    "operatingIncome": 642000000,
    "operatingIncomeRatio": 0.0876091703,
    "totalOtherIncomeExpensesNet": -116000000,
    "incomeBeforeTax": 526000000,
    "incomeBeforeTaxRatio": 0.071779476,
    "incomeTaxExpense": -11000000,
    "netIncome": 537000000,
    "netIncomeRatio": 0.0732805677,
    "eps": 0.3,
    "epsdiluted": 0.3,
    "weightedAverageShsOut": 1770529999,
    "weightedAverageShsOutDil": 1785000000,
    "link": "https://www.sec.gov/Archives/edgar/data/1800/000110465920087850/0001104659-20-087850-index.htm",
    "finalLink": "https://www.sec.gov/Archives/edgar/data/1800/000110465920087850/abt-20200630x10q.htm"
  },
  {
    "date": "2020-03-31",
    "symbol": "ABT",
    "reportedCurrency": "USD",
    "cik": "0000001800",
    "fillingDate": "2020-04-29",
    "acceptedDate": "2020-04-29 16:16:47",
    "calendarYear": "2020",
    "period": "Q1",
    "revenue": 7726000000,
    "costOfRevenue": 3849000000,
    "grossProfit": 3877000000,
    "grossProfitRatio": 0.5018120632,
    "researchAndDevelopmentExpenses": 576000000,
    "generalAndAdministrativeExpenses": 2548000000,
    "sellingAndMarketingExpenses": 0,
    "sellingGeneralAndAdministrativeExpenses": 2548000000,
    "otherExpenses": -26000000,
    "operatingExpenses": 3098000000,
    "costAndExpenses": 6947000000,
    "interestIncome": 18000000,
    "interestExpense": 307000000,
    "depreciationAndAmortization": 828000000,
    "ebitda": 1768000000,
    "ebitdaratio": 0.2288376909,
    "operatingIncome": 779000000,
    "operatingIncomeRatio": 0.1008283717,
    "totalOtherIncomeExpensesNet": -146000000,
    "incomeBeforeTax": 633000000,
    "incomeBeforeTaxRatio": 0.0819311416,
    "incomeTaxExpense": 89000000,
    "netIncome": 564000000,
    "netIncomeRatio": 0.0730002589,
    "eps": 0.32,
    "epsdiluted": 0.32,
    "weightedAverageShsOut": 1768845326,
    "weightedAverageShsOutDil": 1781000000,
    "link": "https://www.sec.gov/Archives/edgar/data/1800/000110465920053384/0001104659-20-053384-index.htm",
    "finalLink": "https://www.sec.gov/Archives/edgar/data/1800/000110465920053384/abt-20200331x10q.htm"
  },
  {
    "date": "2019-12-31",
    "symbol": "ABT",
    "reportedCurrency": "USD",
    "cik": "0000001800",
    "fillingDate": "2020-02-21",
    "acceptedDate": "2020-02-21 16:28:23",
    "calendarYear": "2019",
    "period": "Q4",
    "revenue": 8314000000,
    "costOfRevenue": 3931000000,
    "grossProfit": 4383000000,
    "grossProfitRatio": 0.5271830647,
    "researchAndDevelopmentExpenses": 575000000,
    "generalAndAdministrativeExpenses": 2413000000,
    "sellingAndMarketingExpenses": 0,
    "sellingGeneralAndAdministrativeExpenses": 2403000000,
    "otherExpenses": 0,
    "operatingExpenses": 2978000000,
    "costAndExpenses": 6909000000,
    "interestIncome": 25000000,
    "interestExpense": 138000000,
    "depreciationAndAmortization": 756000000,
    "ebitda": 2134000000,
    "ebitdaratio": 0.2566754871,
    "operatingIncome": 1405000000,
    "operatingIncomeRatio": 0.1689920616,
    "totalOtherIncomeExpensesNet": -165000000,
    "incomeBeforeTax": 1240000000,
    "incomeBeforeTaxRatio": 0.1491460188,
    "incomeTaxExpense": 191000000,
    "netIncome": 1049000000,
    "netIncomeRatio": 0.1261727207,
    "eps": 0.6,
    "epsdiluted": 0.59,
    "weightedAverageShsOut": 1762503247,
    "weightedAverageShsOutDil": 1781000000,
    "link": "https://www.sec.gov/Archives/edgar/data/1800/000110465920023904/0001104659-20-023904-index.htm",
    "finalLink": "https://www.sec.gov/Archives/edgar/data/1800/000110465920023904/abt-20191231x10k59d41b.htm"
  },
  {
    "date": "2019-09-30",
    "symbol": "ABT",
    "reportedCurrency": "USD",
    "cik": "0000001800",
    "fillingDate": "2019-10-31",
    "acceptedDate": "2019-10-31 16:02:42",
    "calendarYear": "2019",
    "period": "Q3",
    "revenue": 8076000000,
    "costOfRevenue": 3866000000,
    "grossProfit": 4210000000,
    "grossProfitRatio": 0.5212976721,
    "researchAndDevelopmentExpenses": 594000000,
    "generalAndAdministrativeExpenses": 2440000000,
    "sellingAndMarketingExpenses": 0,
    "sellingGeneralAndAdministrativeExpenses": 2414000000,
    "otherExpenses": 0,
    "operatingExpenses": 3008000000,
    "costAndExpenses": 6874000000,
    "interestIncome": 24000000,
    "interestExpense": 202000000,
    "depreciationAndAmortization": 754000000,
    "ebitda": 2059000000,
    "ebitdaratio": 0.254952947,
    "operatingIncome": 1202000000,
    "operatingIncomeRatio": 0.1488360575,
    "totalOtherIncomeExpensesNet": -99000000,
    "incomeBeforeTax": 1103000000,
    "incomeBeforeTaxRatio": 0.1365775136,
    "incomeTaxExpense": 143000000,
    "netIncome": 960000000,
    "netIncomeRatio": 0.1188707281,
    "eps": 0.54,
    "epsdiluted": 0.54,
    "weightedAverageShsOut": 1768455705,
    "weightedAverageShsOutDil": 1784000000,
    "link": "https://www.sec.gov/Archives/edgar/data/1800/000110465919058323/0001104659-19-058323-index.htm",
    "finalLink": "https://www.sec.gov/Archives/edgar/data/1800/000110465919058323/abt-20190930x10q93748c.htm"
  },
  {
    "date": "2019-06-30",
    "symbol": "ABT",
    "reportedCurrency": "USD",
    "cik": "0000001800",
    "fillingDate": "2019-07-31",
    "acceptedDate": "2019-07-31 16:15:28",
    "calendarYear": "2019",
    "period": "Q2",
    "revenue": 7979000000,
    "costOfRevenue": 3779000000,
    "grossProfit": 4200000000,
    "grossProfitRatio": 0.5263817521,
    "researchAndDevelopmentExpenses": 577000000,
    "generalAndAdministrativeExpenses": 2434000000,
    "sellingAndMarketingExpenses": 0,
    "sellingGeneralAndAdministrativeExpenses": 2433000000,
    "otherExpenses": 0,
    "operatingExpenses": 3010000000,
    "costAndExpenses": 6789000000,
    "interestIncome": 22000000,
    "interestExpense": 264000000,
    "depreciationAndAmortization": 751000000,
    "ebitda": 2117000000,
    "ebitdaratio": 0.2653214689,
    "operatingIncome": 1190000000,
    "operatingIncomeRatio": 0.1491414964,
    "totalOtherIncomeExpensesNet": -88000000,
    "incomeBeforeTax": 1102000000,
    "incomeBeforeTaxRatio": 0.1381125454,
    "incomeTaxExpense": 96000000,
    "netIncome": 1006000000,
    "netIncomeRatio": 0.1260809625,
    "eps": 0.57,
    "epsdiluted": 0.56,
    "weightedAverageShsOut": 1767397615,
    "weightedAverageShsOutDil": 1781000000,
    "link": "https://www.sec.gov/Archives/edgar/data/1800/000141057819000606/0001410578-19-000606-index.htm",
    "finalLink": "https://www.sec.gov/Archives/edgar/data/1800/000141057819000606/abt-20190630x10q.htm"
  },
  {
    "date": "2019-03-31",
    "symbol": "ABT",
    "reportedCurrency": "USD",
    "cik": "0000001800",
    "fillingDate": "2019-05-01",
    "acceptedDate": "2019-05-01 16:09:25",
    "calendarYear": "2019",
    "period": "Q1",
    "revenue": 7535000000,
    "costOfRevenue": 3645000000,
    "grossProfit": 3890000000,
    "grossProfitRatio": 0.5162574652,
    "researchAndDevelopmentExpenses": 670000000,
    "generalAndAdministrativeExpenses": 2478000000,
    "sellingAndMarketingExpenses": 0,
    "sellingGeneralAndAdministrativeExpenses": 2461000000,
    "otherExpenses": 0,
    "operatingExpenses": 3131000000,
    "costAndExpenses": 6776000000,
    "interestIncome": 23000000,
    "interestExpense": 214000000,
    "depreciationAndAmortization": 753000000,
    "ebitda": 1599000000,
    "ebitdaratio": 0.2122096881,
    "operatingIncome": 759000000,
    "operatingIncomeRatio": 0.100729927,
    "totalOtherIncomeExpensesNet": -127000000,
    "incomeBeforeTax": 632000000,
    "incomeBeforeTaxRatio": 0.0838752488,
    "incomeTaxExpense": -40000000,
    "netIncome": 672000000,
    "netIncomeRatio": 0.0891838089,
    "eps": 0.38,
    "epsdiluted": 0.38,
    "weightedAverageShsOut": 1764181262,
    "weightedAverageShsOutDil": 1777000000,
    "link": "https://www.sec.gov/Archives/edgar/data/1800/000110465919026018/0001104659-19-026018-index.htm",
    "finalLink": "https://www.sec.gov/Archives/edgar/data/1800/000110465919026018/a19-7736_110q.htm"
  },
  {
    "date": "2018-12-31",
    "symbol": "ABT",
    "reportedCurrency": "USD",
    "cik": "0000001800",
    "fillingDate": "2019-02-22",
    "acceptedDate": "2019-02-22 16:13:21",
    "calendarYear": "2018",
    "period": "Q4",
    "revenue": 7765000000,
    "costOfRevenue": 3682000000,
    "grossProfit": 4083000000,
    "grossProfitRatio": 0.5258209916,
    "researchAndDevelopmentExpenses": 561000000,
    "generalAndAdministrativeExpenses": 2359000000,
    "sellingAndMarketingExpenses": 0,
    "sellingGeneralAndAdministrativeExpenses": 2346000000,
    "otherExpenses": 0,
    "operatingExpenses": 2907000000,
    "costAndExpenses": 6589000000,
    "interestIncome": 34000000,
    "interestExpense": 268000000,
    "depreciationAndAmortization": 763000000,
    "ebitda": 1978000000,
    "ebitdaratio": 0.2547327753,
    "operatingIncome": 1176000000,
    "operatingIncomeRatio": 0.1514488088,
    "totalOtherIncomeExpensesNet": -229000000,
    "incomeBeforeTax": 947000000,
    "incomeBeforeTaxRatio": 0.1219575016,
    "incomeTaxExpense": 292000000,
    "netIncome": 654000000,
    "netIncomeRatio": 0.0842240824,
    "eps": 0.37,
    "epsdiluted": 0.37,
    "weightedAverageShsOut": 1755619422,
    "weightedAverageShsOutDil": 1774000000,
    "link": "https://www.sec.gov/Archives/edgar/data/1800/000104746919000624/0001047469-19-000624-index.htm",
    "finalLink": "https://www.sec.gov/Archives/edgar/data/1800/000104746919000624/a2237733z10-k.htm"
  },
  {
    "date": "2018-09-30",
    "symbol": "ABT",
    "reportedCurrency": "USD",
    "cik": "0000001800",
    "fillingDate": "2018-10-31",
    "acceptedDate": "2018-10-31 16:02:08",
    "calendarYear": "2018",
    "period": "Q3",
    "revenue": 7656000000,
    "costOfRevenue": 3672000000,
    "grossProfit": 3984000000,
    "grossProfitRatio": 0.5203761755,
    "researchAndDevelopmentExpenses": 573000000,
    "generalAndAdministrativeExpenses": 2377000000,
    "sellingAndMarketingExpenses": 0,
    "sellingGeneralAndAdministrativeExpenses": 2361000000,
    "otherExpenses": 0,
    "operatingExpenses": 2934000000,
    "costAndExpenses": 6606000000,
    "interestIncome": 22000000,
    "interestExpense": 161000000,
    "depreciationAndAmortization": 813000000,
    "ebitda": 1692000000,
    "ebitdaratio": 0.2210031348,
    "operatingIncome": 1050000000,
    "operatingIncomeRatio": 0.1371473354,
    "totalOtherIncomeExpensesNet": -332000000,
    "incomeBeforeTax": 718000000,
    "incomeBeforeTaxRatio": 0.0937826541,
    "incomeTaxExpense": 166000000,
    "netIncome": 563000000,
    "netIncomeRatio": 0.0735370951,
    "eps": 0.32,
    "epsdiluted": 0.32,
    "weightedAverageShsOut": 1756333032,
    "weightedAverageShsOutDil": 1772000000,
    "link": "https://www.sec.gov/Archives/edgar/data/1800/000110465918065076/0001104659-18-065076-index.htm",
    "finalLink": "https://www.sec.gov/Archives/edgar/data/1800/000110465918065076/a18-19028_110q.htm"
  },
  {
    "date": "2018-06-30",
    "symbol": "ABT",
    "reportedCurrency": "USD",
    "cik": "0000001800",
    "fillingDate": "2018-08-01",
    "acceptedDate": "2018-08-01 16:02:04",
    "calendarYear": "2018",
    "period": "Q2",
    "revenue": 7767000000,
    "costOfRevenue": 3790000000,
    "grossProfit": 3977000000,
    "grossProfitRatio": 0.51203811,
    "researchAndDevelopmentExpenses": 573000000,
    "generalAndAdministrativeExpenses": 2466000000,
    "sellingAndMarketingExpenses": 0,
    "sellingGeneralAndAdministrativeExpenses": 2457000000,
    "otherExpenses": 0,
    "operatingExpenses": 3030000000,
    "costAndExpenses": 6820000000,
    "interestIncome": 21000000,
    "interestExpense": 179000000,
    "depreciationAndAmortization": 850000000,
    "ebitda": 1806000000,
    "ebitdaratio": 0.2325222093,
    "operatingIncome": 947000000,
    "operatingIncomeRatio": 0.1219260976,
    "totalOtherIncomeExpensesNet": -170000000,
    "incomeBeforeTax": 777000000,
    "incomeBeforeTaxRatio": 0.100038625,
    "incomeTaxExpense": 59000000,
    "netIncome": 733000000,
    "netIncomeRatio": 0.094373632,
    "eps": 0.42,
    "epsdiluted": 0.41,
    "weightedAverageShsOut": 1754319284,
    "weightedAverageShsOutDil": 1769000000,
    "link": "https://www.sec.gov/Archives/edgar/data/1800/000110465918048736/0001104659-18-048736-index.htm",
    "finalLink": "https://www.sec.gov/Archives/edgar/data/1800/000110465918048736/a18-14086_110q.htm"
  },
  {
    "date": "2018-03-31",
    "symbol": "ABT",
    "reportedCurrency": "USD",
    "cik": "0000001800",
    "fillingDate": "2018-05-02",
    "acceptedDate": "2018-05-02 16:17:34",
    "calendarYear": "2018",
    "period": "Q1",
    "revenue": 7390000000,
    "costOfRevenue": 3611000000,
    "grossProfit": 3779000000,
    "grossProfitRatio": 0.5113667118,
    "researchAndDevelopmentExpenses": 581000000,
    "generalAndAdministrativeExpenses": 2542000000,
    "sellingAndMarketingExpenses": 0,
    "sellingGeneralAndAdministrativeExpenses": 2527000000,
    "otherExpenses": 0,
    "operatingExpenses": 3108000000,
    "costAndExpenses": 6719000000,
    "interestIncome": 28000000,
    "interestExpense": 121000000,
    "depreciationAndAmortization": 852000000,
    "ebitda": 1404000000,
    "ebitdaratio": 0.1899864682,
    "operatingIncome": 671000000,
    "operatingIncomeRatio": 0.0907983762,
    "totalOtherIncomeExpensesNet": -240000000,
    "incomeBeforeTax": 431000000,
    "incomeBeforeTaxRatio": 0.0583220568,
    "incomeTaxExpense": 22000000,
    "netIncome": 418000000,
    "netIncomeRatio": 0.0565629229,
    "eps": 0.24,
    "epsdiluted": 0.24,
    "weightedAverageShsOut": 1753187766,
    "weightedAverageShsOutDil": 1765000000,
    "link": "https://www.sec.gov/Archives/edgar/data/1800/000110465918029831/0001104659-18-029831-index.htm",
    "finalLink": "https://www.sec.gov/Archives/edgar/data/1800/000110465918029831/a18-8658_110q.htm"
  },
  {
    "date": "2017-12-31",
    "symbol": "ABT",
    "reportedCurrency": "USD",
    "cik": "0000001800",
    "fillingDate": "2018-02-16",
    "acceptedDate": "2018-02-16 16:04:37",
    "calendarYear": "2017",
    "period": "Q4",
    "revenue": 7589000000,
    "costOfRevenue": 3808000000,
    "grossProfit": 3781000000,
    "grossProfitRatio": 0.4982211095,
    "researchAndDevelopmentExpenses": 618000000,
    "generalAndAdministrativeExpenses": 2462000000,
    "sellingAndMarketingExpenses": 0,
    "sellingGeneralAndAdministrativeExpenses": 2428000000,
    "otherExpenses": 0,
    "operatingExpenses": 3046000000,
    "costAndExpenses": 6854000000,
    "interestIncome": 35000000,
    "interestExpense": 209000000,
    "depreciationAndAmortization": 843000000,
    "ebitda": 1626000000,
    "ebitdaratio": 0.2142574779,
    "operatingIncome": 735000000,
    "operatingIncomeRatio": 0.096850705,
    "totalOtherIncomeExpensesNet": -161000000,
    "incomeBeforeTax": 574000000,
    "incomeBeforeTaxRatio": 0.0756357886,
    "incomeTaxExpense": 1438000000,
    "netIncome": -828000000,
    "netIncomeRatio": -0.109105284,
    "eps": -0.47,
    "epsdiluted": -0.47,
    "weightedAverageShsOut": 1743602469,
    "weightedAverageShsOutDil": 1746000000,
    "link": "https://www.sec.gov/Archives/edgar/data/1800/000104746918000856/0001047469-18-000856-index.htm",
    "finalLink": "https://www.sec.gov/Archives/edgar/data/1800/000104746918000856/a2234264z10-k.htm"
  },
  {
    "date": "2017-09-30",
    "symbol": "ABT",
    "reportedCurrency": "USD",
    "cik": "0000001800",
    "fillingDate": "2017-11-02",
    "acceptedDate": "2017-11-02 16:18:54",
    "calendarYear": "2017",
    "period": "Q3",
    "revenue": 6829000000,
    "costOfRevenue": 3351000000,
    "grossProfit": 3478000000,
    "grossProfitRatio": 0.5092985796,
    "researchAndDevelopmentExpenses": 493000000,
    "generalAndAdministrativeExpenses": 2099000000,
    "sellingAndMarketingExpenses": 0,
    "sellingGeneralAndAdministrativeExpenses": 2080000000,
    "otherExpenses": 0,
    "operatingExpenses": 2573000000,
    "costAndExpenses": 5924000000,
    "interestIncome": 36000000,
    "interestExpense": 217000000,
    "depreciationAndAmortization": 756000000,
    "ebitda": 1599000000,
    "ebitdaratio": 0.2341484844,
    "operatingIncome": 905000000,
    "operatingIncomeRatio": 0.1325230634,
    "totalOtherIncomeExpensesNet": -279000000,
    "incomeBeforeTax": 626000000,
    "incomeBeforeTaxRatio": 0.091667887,
    "incomeTaxExpense": 65000000,
    "netIncome": 603000000,
    "netIncomeRatio": 0.0882998975,
    "eps": 0.35,
    "epsdiluted": 0.34,
    "weightedAverageShsOut": 1740600687,
    "weightedAverageShsOutDil": 1754000000,
    "link": "https://www.sec.gov/Archives/edgar/data/1800/000110465917065654/0001104659-17-065654-index.htm",
    "finalLink": "https://www.sec.gov/Archives/edgar/data/1800/000110465917065654/a17-20634_110q.htm"
  },
  {
    "date": "2017-06-30",
    "symbol": "ABT",
    "reportedCurrency": "USD",
    "cik": "0000001800",
    "fillingDate": "2017-08-02",
    "acceptedDate": "2017-08-02 16:16:39",
    "calendarYear": "2017",
    "period": "Q2",
    "revenue": 6637000000,
    "costOfRevenue": 3579000000,
    "grossProfit": 3058000000,
    "grossProfitRatio": 0.460750339,
    "researchAndDevelopmentExpenses": 520000000,
    "generalAndAdministrativeExpenses": 2132000000,
    "sellingAndMarketingExpenses": 0,
    "sellingGeneralAndAdministrativeExpenses": 2150000000,
    "otherExpenses": 0,
    "operatingExpenses": 2670000000,
    "costAndExpenses": 6249000000,
    "interestIncome": 31000000,
    "interestExpense": 228000000,
    "depreciationAndAmortization": 648000000,
    "ebitda": 1171000000,
    "ebitdaratio": 0.1764351364,
    "operatingIncome": 388000000,
    "operatingIncomeRatio": 0.0584601477,
    "totalOtherIncomeExpensesNet": -93000000,
    "incomeBeforeTax": 295000000,
    "incomeBeforeTaxRatio": 0.0444477927,
    "incomeTaxExpense": 25000000,
    "netIncome": 283000000,
    "netIncomeRatio": 0.0426397469,
    "eps": 0.16,
    "epsdiluted": 0.16,
    "weightedAverageShsOut": 1737443264,
    "weightedAverageShsOutDil": 1749000000,
    "link": "https://www.sec.gov/Archives/edgar/data/1800/000110465917048855/0001104659-17-048855-index.htm",
    "finalLink": "https://www.sec.gov/Archives/edgar/data/1800/000110465917048855/a17-13353_110q.htm"
  },
  {
    "date": "2017-03-31",
    "symbol": "ABT",
    "reportedCurrency": "USD",
    "cik": "0000001800",
    "fillingDate": "2017-05-03",
    "acceptedDate": "2017-05-03 16:17:02",
    "calendarYear": "2017",
    "period": "Q1",
    "revenue": 6335000000,
    "costOfRevenue": 3561000000,
    "grossProfit": 2774000000,
    "grossProfitRatio": 0.4378847672,
    "researchAndDevelopmentExpenses": 541000000,
    "generalAndAdministrativeExpenses": 2424000000,
    "sellingAndMarketingExpenses": 0,
    "sellingGeneralAndAdministrativeExpenses": 2299000000,
    "otherExpenses": 0,
    "operatingExpenses": 2840000000,
    "costAndExpenses": 6401000000,
    "interestIncome": 22000000,
    "interestExpense": 200000000,
    "depreciationAndAmortization": 774000000,
    "ebitda": 1710000000,
    "ebitdaratio": 0.2699289661,
    "operatingIncome": -66000000,
    "operatingIncomeRatio": -0.010418311,
    "totalOtherIncomeExpensesNet": 802000000,
    "incomeBeforeTax": 736000000,
    "incomeBeforeTaxRatio": 0.1161799526,
    "incomeTaxExpense": 350000000,
    "netIncome": 419000000,
    "netIncomeRatio": 0.0661404893,
    "eps": 0.24,
    "epsdiluted": 0.24,
    "weightedAverageShsOut": 1735272054,
    "weightedAverageShsOutDil": 1735272054,
    "link": "https://www.sec.gov/Archives/edgar/data/1800/000110465917029430/0001104659-17-029430-index.htm",
    "finalLink": "https://www.sec.gov/Archives/edgar/data/1800/000110465917029430/a17-8899_110q.htm"
  },
  {
    "date": "2016-12-31",
    "symbol": "ABT",
    "reportedCurrency": "USD",
    "cik": "0000001800",
    "fillingDate": "2017-02-17",
    "acceptedDate": "2017-02-17 16:17:24",
    "calendarYear": "2016",
    "period": "Q4",
    "revenue": 5333000000,
    "costOfRevenue": 2416000000,
    "grossProfit": 2917000000,
    "grossProfitRatio": 0.5469716857,
    "researchAndDevelopmentExpenses": 338000000,
    "generalAndAdministrativeExpenses": 1609000000,
    "sellingAndMarketingExpenses": 0,
    "sellingGeneralAndAdministrativeExpenses": 1604000000,
    "otherExpenses": 0,
    "operatingExpenses": 1942000000,
    "costAndExpenses": 4358000000,
    "interestIncome": 24000000,
    "interestExpense": 0,
    "depreciationAndAmortization": 319000000,
    "ebitda": 1125000000,
    "ebitdaratio": 0.2109506844,
    "operatingIncome": 975000000,
    "operatingIncomeRatio": 0.1828239265,
    "totalOtherIncomeExpensesNet": -100000000,
    "incomeBeforeTax": 875000000,
    "incomeBeforeTaxRatio": 0.1640727545,
    "incomeTaxExpense": 110000000,
    "netIncome": 798000000,
    "netIncomeRatio": 0.1496343521,
    "eps": 0.54,
    "epsdiluted": 0.54,
    "weightedAverageShsOut": 1472869205,
    "weightedAverageShsOutDil": 1483000000,
    "link": "https://www.sec.gov/Archives/edgar/data/1800/000104746917000744/0001047469-17-000744-index.htm",
    "finalLink": "https://www.sec.gov/Archives/edgar/data/1800/000104746917000744/a2230875z10-k.htm"
  },
  {
    "date": "2016-09-30",
    "symbol": "ABT",
    "reportedCurrency": "USD",
    "cik": "0000001800",
    "fillingDate": "2016-11-03",
    "acceptedDate": "2016-11-03 16:26:45",
    "calendarYear": "2016",
    "period": "Q3",
    "revenue": 5302000000,
    "costOfRevenue": 2430000000,
    "grossProfit": 2872000000,
    "grossProfitRatio": 0.541682384,
    "researchAndDevelopmentExpenses": 336000000,
    "generalAndAdministrativeExpenses": 1628000000,
    "sellingAndMarketingExpenses": 0,
    "sellingGeneralAndAdministrativeExpenses": 1618000000,
    "otherExpenses": 0,
    "operatingExpenses": 1954000000,
    "costAndExpenses": 4384000000,
    "interestIncome": 22000000,
    "interestExpense": 67000000,
    "depreciationAndAmortization": 340000000,
    "ebitda": 228000000,
    "ebitdaratio": 0.0430026405,
    "operatingIncome": 918000000,
    "operatingIncomeRatio": 0.1731422105,
    "totalOtherIncomeExpensesNet": -1097000000,
    "incomeBeforeTax": -179000000,
    "incomeBeforeTaxRatio": -0.033760845,
    "incomeTaxExpense": 178000000,
    "netIncome": -329000000,
    "netIncomeRatio": -0.0620520558,
    "eps": -0.22,
    "epsdiluted": -0.22,
    "weightedAverageShsOut": 1472309523,
    "weightedAverageShsOutDil": 1476000000,
    "link": "https://www.sec.gov/Archives/edgar/data/1800/000110465916154583/0001104659-16-154583-index.htm",
    "finalLink": "https://www.sec.gov/Archives/edgar/data/1800/000110465916154583/a16-17215_110q.htm"
  },
  {
    "date": "2016-06-30",
    "symbol": "ABT",
    "reportedCurrency": "USD",
    "cik": "0000001800",
    "fillingDate": "2016-08-03",
    "acceptedDate": "2016-08-03 16:32:32",
    "calendarYear": "2016",
    "period": "Q2",
    "revenue": 5333000000,
    "costOfRevenue": 2287000000,
    "grossProfit": 3046000000,
    "grossProfitRatio": 0.5711606975,
    "researchAndDevelopmentExpenses": 348000000,
    "generalAndAdministrativeExpenses": 1737000000,
    "sellingAndMarketingExpenses": 0,
    "sellingGeneralAndAdministrativeExpenses": 1737000000,
    "otherExpenses": -8000000,
    "operatingExpenses": 2230000000,
    "costAndExpenses": 4517000000,
    "interestIncome": 20000000,
    "interestExpense": 103000000,
    "depreciationAndAmortization": 347000000,
    "ebitda": 1165000000,
    "ebitdaratio": 0.2184511532,
    "operatingIncome": 816000000,
    "operatingIncomeRatio": 0.1530095631,
    "totalOtherIncomeExpensesNet": -101000000,
    "incomeBeforeTax": 715000000,
    "incomeBeforeTaxRatio": 0.1340708794,
    "incomeTaxExpense": 116000000,
    "netIncome": 615000000,
    "netIncomeRatio": 0.1153197075,
    "eps": 0.42,
    "epsdiluted": 0.42,
    "weightedAverageShsOut": 1469995415,
    "weightedAverageShsOutDil": 1480000000,
    "link": "https://www.sec.gov/Archives/edgar/data/1800/000110465916136572/0001104659-16-136572-index.htm",
    "finalLink": "https://www.sec.gov/Archives/edgar/data/1800/000110465916136572/a16-11615_110q.htm"
  },
  {
    "date": "2016-03-31",
    "symbol": "ABT",
    "reportedCurrency": "USD",
    "cik": "0000001800",
    "fillingDate": "2016-05-04",
    "acceptedDate": "2016-05-04 16:32:12",
    "calendarYear": "2016",
    "period": "Q1",
    "revenue": 4885000000,
    "costOfRevenue": 2140000000,
    "grossProfit": 2745000000,
    "grossProfitRatio": 0.5619242579,
    "researchAndDevelopmentExpenses": 379000000,
    "generalAndAdministrativeExpenses": 1698000000,
    "sellingAndMarketingExpenses": 0,
    "sellingGeneralAndAdministrativeExpenses": 1698000000,
    "otherExpenses": -19000000,
    "operatingExpenses": 2221000000,
    "costAndExpenses": 4361000000,
    "interestIncome": 33000000,
    "interestExpense": 58000000,
    "depreciationAndAmortization": 347000000,
    "ebitda": 407000000,
    "ebitdaratio": 0.0833162743,
    "operatingIncome": 524000000,
    "operatingIncomeRatio": 0.1072671443,
    "totalOtherIncomeExpensesNet": -522000000,
    "incomeBeforeTax": 2000000,
    "incomeBeforeTaxRatio": 0.0004094166,
    "incomeTaxExpense": -54000000,
    "netIncome": 316000000,
    "netIncomeRatio": 0.0646878199,
    "eps": 0.22,
    "epsdiluted": 0.21,
    "weightedAverageShsOut": 1469152033,
    "weightedAverageShsOutDil": 1484000000,
    "link": "https://www.sec.gov/Archives/edgar/data/1800/000110465916117710/0001104659-16-117710-index.htm",
    "finalLink": "https://www.sec.gov/Archives/edgar/data/1800/000110465916117710/a16-6519_110q.htm"
  },
  {
    "date": "2015-12-31",
    "symbol": "ABT",
    "reportedCurrency": "USD",
    "cik": "0000001800",
    "fillingDate": "2016-02-19",
    "acceptedDate": "2016-02-19 15:48:41",
    "calendarYear": "2015",
    "period": "Q4",
    "revenue": 5188000000,
    "costOfRevenue": 2206000000,
    "grossProfit": 2982000000,
    "grossProfitRatio": 0.5747879722,
    "researchAndDevelopmentExpenses": 369000000,
    "generalAndAdministrativeExpenses": 1655000000,
    "sellingAndMarketingExpenses": 0,
    "sellingGeneralAndAdministrativeExpenses": 1655000000,
    "otherExpenses": 0,
    "operatingExpenses": 2167000000,
    "costAndExpenses": 4373000000,
    "interestIncome": 32000000,
    "interestExpense": 41000000,
    "depreciationAndAmortization": 366000000,
    "ebitda": 1237000000,
    "ebitdaratio": 0.2384348497,
    "operatingIncome": 815000000,
    "operatingIncomeRatio": 0.1570932922,
    "totalOtherIncomeExpensesNet": 15000000,
    "incomeBeforeTax": 830000000,
    "incomeBeforeTaxRatio": 0.1599845798,
    "incomeTaxExpense": 135000000,
    "netIncome": 767000000,
    "netIncomeRatio": 0.1478411719,
    "eps": 0.52,
    "epsdiluted": 0.51,
    "weightedAverageShsOut": 1472665052,
    "weightedAverageShsOutDil": 1498000000,
    "link": "https://www.sec.gov/Archives/edgar/data/1800/000104746916010246/0001047469-16-010246-index.htm",
    "finalLink": "https://www.sec.gov/Archives/edgar/data/1800/000104746916010246/a2227279z10-k.htm"
  },
  {
    "date": "2015-09-30",
    "symbol": "ABT",
    "reportedCurrency": "USD",
    "cik": "0000001800",
    "fillingDate": "2015-11-05",
    "acceptedDate": "2015-11-05 14:37:57",
    "calendarYear": "2015",
    "period": "Q3",
    "revenue": 5150000000,
    "costOfRevenue": 2242000000,
    "grossProfit": 2908000000,
    "grossProfitRatio": 0.5646601942,
    "researchAndDevelopmentExpenses": 378000000,
    "generalAndAdministrativeExpenses": 1666000000,
    "sellingAndMarketingExpenses": 0,
    "sellingGeneralAndAdministrativeExpenses": 1666000000,
    "otherExpenses": 3000000,
    "operatingExpenses": 2195000000,
    "costAndExpenses": 4437000000,
    "interestIncome": 25000000,
    "interestExpense": 41000000,
    "depreciationAndAmortization": 383000000,
    "ebitda": 1138000000,
    "ebitdaratio": 0.2209708738,
    "operatingIncome": 713000000,
    "operatingIncomeRatio": 0.1384466019,
    "totalOtherIncomeExpensesNet": 1000000,
    "incomeBeforeTax": 714000000,
    "incomeBeforeTaxRatio": 0.1386407767,
    "incomeTaxExpense": 118000000,
    "netIncome": 580000000,
    "netIncomeRatio": 0.1126213592,
    "eps": 0.39,
    "epsdiluted": 0.39,
    "weightedAverageShsOut": 1491719891,
    "weightedAverageShsOutDil": 1505000000,
    "link": "https://www.sec.gov/Archives/edgar/data/1800/000110465915076189/0001104659-15-076189-index.htm",
    "finalLink": "https://www.sec.gov/Archives/edgar/data/1800/000110465915076189/a15-17845_110q.htm"
  },
  {
    "date": "2015-06-30",
    "symbol": "ABT",
    "reportedCurrency": "USD",
    "cik": "0000001800",
    "fillingDate": "2015-08-04",
    "acceptedDate": "2015-08-04 16:28:00",
    "calendarYear": "2015",
    "period": "Q2",
    "revenue": 5170000000,
    "costOfRevenue": 2218000000,
    "grossProfit": 2952000000,
    "grossProfitRatio": 0.5709864603,
    "researchAndDevelopmentExpenses": 345000000,
    "generalAndAdministrativeExpenses": 1727000000,
    "sellingAndMarketingExpenses": 0,
    "sellingGeneralAndAdministrativeExpenses": 1727000000,
    "otherExpenses": 279000000,
    "operatingExpenses": 2223000000,
    "costAndExpenses": 4441000000,
    "interestIncome": 27000000,
    "interestExpense": 44000000,
    "depreciationAndAmortization": 352000000,
    "ebitda": 1382000000,
    "ebitdaratio": 0.267311412,
    "operatingIncome": 729000000,
    "operatingIncomeRatio": 0.1410058027,
    "totalOtherIncomeExpensesNet": 257000000,
    "incomeBeforeTax": 986000000,
    "incomeBeforeTaxRatio": 0.1907156673,
    "incomeTaxExpense": 200000000,
    "netIncome": 784000000,
    "netIncomeRatio": 0.1516441006,
    "eps": 0.53,
    "epsdiluted": 0.52,
    "weightedAverageShsOut": 1490441465,
    "weightedAverageShsOutDil": 1504000000,
    "link": "https://www.sec.gov/Archives/edgar/data/1800/000110465915055905/0001104659-15-055905-index.htm",
    "finalLink": "https://www.sec.gov/Archives/edgar/data/1800/000110465915055905/a15-11917_110q.htm"
  },
  {
    "date": "2015-03-31",
    "symbol": "ABT",
    "reportedCurrency": "USD",
    "cik": "0000001800",
    "fillingDate": "2015-05-06",
    "acceptedDate": "2015-05-06 16:56:54",
    "calendarYear": "2015",
    "period": "Q1",
    "revenue": 4897000000,
    "costOfRevenue": 2081000000,
    "grossProfit": 2816000000,
    "grossProfitRatio": 0.5750459465,
    "researchAndDevelopmentExpenses": 313000000,
    "generalAndAdministrativeExpenses": 1737000000,
    "sellingAndMarketingExpenses": 0,
    "sellingGeneralAndAdministrativeExpenses": 1737000000,
    "otherExpenses": 5000000,
    "operatingExpenses": 2206000000,
    "costAndExpenses": 4287000000,
    "interestIncome": 21000000,
    "interestExpense": 37000000,
    "depreciationAndAmortization": 371000000,
    "ebitda": 1061000000,
    "ebitdaratio": 0.2166632632,
    "operatingIncome": 610000000,
    "operatingIncomeRatio": 0.1245660609,
    "totalOtherIncomeExpensesNet": 43000000,
    "incomeBeforeTax": 653000000,
    "incomeBeforeTaxRatio": 0.1333469471,
    "incomeTaxExpense": 124000000,
    "netIncome": 2292000000,
    "netIncomeRatio": 0.4680416582,
    "eps": 1.54,
    "epsdiluted": 1.51,
    "weightedAverageShsOut": 1488757318,
    "weightedAverageShsOutDil": 1516000000,
    "link": "https://www.sec.gov/Archives/edgar/data/1800/000110465915034919/0001104659-15-034919-index.htm",
    "finalLink": "https://www.sec.gov/Archives/edgar/data/1800/000110465915034919/a15-7009_110q.htm"
  },
  {
    "date": "2014-12-31",
    "symbol": "ABT",
    "reportedCurrency": "USD",
    "cik": "0000001800",
    "fillingDate": "2015-02-27",
    "acceptedDate": "2015-02-27 12:57:49",
    "calendarYear": "2014",
    "period": "Q4",
    "revenue": 5356000000,
    "costOfRevenue": 2337000000,
    "grossProfit": 3019000000,
    "grossProfitRatio": 0.5636669156,
    "researchAndDevelopmentExpenses": 361000000,
    "generalAndAdministrativeExpenses": 1644000000,
    "sellingAndMarketingExpenses": 22000000,
    "sellingGeneralAndAdministrativeExpenses": 1666000000,
    "otherExpenses": 0,
    "operatingExpenses": 1693000000,
    "costAndExpenses": 4463000000,
    "interestIncome": 23000000,
    "interestExpense": 43000000,
    "depreciationAndAmortization": 356000000,
    "ebitda": 1240000000,
    "ebitdaratio": 0.2315160568,
    "operatingIncome": 829000000,
    "operatingIncomeRatio": 0.1547796863,
    "totalOtherIncomeExpensesNet": -27000000,
    "incomeBeforeTax": 804000000,
    "incomeBeforeTaxRatio": 0.1501120239,
    "incomeTaxExpense": 170000000,
    "netIncome": 904000000,
    "netIncomeRatio": 0.1687826736,
    "eps": 0.6,
    "epsdiluted": 0.59,
    "weightedAverageShsOut": 1508035434,
    "weightedAverageShsOutDil": 1522000000,
    "link": "https://www.sec.gov/Archives/edgar/data/1800/000104746915001377/0001047469-15-001377-index.htm",
    "finalLink": "https://www.sec.gov/Archives/edgar/data/1800/000104746915001377/a2222655z10-k.htm"
  },
  {
    "date": "2014-09-30",
    "symbol": "ABT",
    "reportedCurrency": "USD",
    "cik": "0000001800",
    "fillingDate": "2014-11-06",
    "acceptedDate": "2014-11-06 17:01:19",
    "calendarYear": "2014",
    "period": "Q3",
    "revenue": 5104000000,
    "costOfRevenue": 2331000000,
    "grossProfit": 2773000000,
    "grossProfitRatio": 0.543299373,
    "researchAndDevelopmentExpenses": 307000000,
    "generalAndAdministrativeExpenses": 1603000000,
    "sellingAndMarketingExpenses": 0,
    "sellingGeneralAndAdministrativeExpenses": 1603000000,
    "otherExpenses": 3000000,
    "operatingExpenses": 2042000000,
    "costAndExpenses": 4351000000,
    "interestIncome": 18000000,
    "interestExpense": 35000000,
    "depreciationAndAmortization": 355000000,
    "ebitda": 1105000000,
    "ebitdaratio": 0.2164968652,
    "operatingIncome": 731000000,
    "operatingIncomeRatio": 0.1432210031,
    "totalOtherIncomeExpensesNet": -13000000,
    "incomeBeforeTax": 718000000,
    "incomeBeforeTaxRatio": 0.1406739812,
    "incomeTaxExpense": 278000000,
    "netIncome": 538000000,
    "netIncomeRatio": 0.1054075235,
    "eps": 0.36,
    "epsdiluted": 0.35,
    "weightedAverageShsOut": 1505790586,
    "weightedAverageShsOutDil": 1520000000,
    "link": "https://www.sec.gov/Archives/edgar/data/1800/000110465914077769/0001104659-14-077769-index.htm",
    "finalLink": "https://www.sec.gov/Archives/edgar/data/1800/000110465914077769/a14-19718_110q.htm"
  },
  {
    "date": "2014-06-30",
    "symbol": "ABT",
    "reportedCurrency": "USD",
    "cik": "0000001800",
    "fillingDate": "2014-08-05",
    "acceptedDate": "2014-08-05 16:32:05",
    "calendarYear": "2014",
    "period": "Q2",
    "revenue": 5551000000,
    "costOfRevenue": 2506000000,
    "grossProfit": 3045000000,
    "grossProfitRatio": 0.5485498108,
    "researchAndDevelopmentExpenses": 335000000,
    "generalAndAdministrativeExpenses": 1788000000,
    "sellingAndMarketingExpenses": 0,
    "sellingGeneralAndAdministrativeExpenses": 1788000000,
    "otherExpenses": -3000000,
    "operatingExpenses": 2092000000,
    "costAndExpenses": 4380000000,
    "interestIncome": 19000000,
    "interestExpense": 36000000,
    "depreciationAndAmortization": 400000000,
    "ebitda": 1094000000,
    "ebitdaratio": 0.1970816069,
    "operatingIncome": 677000000,
    "operatingIncomeRatio": 0.1219600072,
    "totalOtherIncomeExpensesNet": -24000000,
    "incomeBeforeTax": 737000000,
    "incomeBeforeTaxRatio": 0.1327688705,
    "incomeTaxExpense": 277000000,
    "netIncome": 466000000,
    "netIncomeRatio": 0.083948838,
    "eps": 0.31,
    "epsdiluted": 0.31,
    "weightedAverageShsOut": 1503699033,
    "weightedAverageShsOutDil": 1517000000,
    "link": "https://www.sec.gov/Archives/edgar/data/1800/000110465914056950/0001104659-14-056950-index.htm",
    "finalLink": "https://www.sec.gov/Archives/edgar/data/1800/000110465914056950/a14-13985_110q.htm"
  },
  {
    "date": "2014-03-31",
    "symbol": "ABT",
    "reportedCurrency": "USD",
    "cik": "0000001800",
    "fillingDate": "2014-05-07",
    "acceptedDate": "2014-05-07 16:47:07",
    "calendarYear": "2014",
    "period": "Q1",
    "revenue": 5244000000,
    "costOfRevenue": 2470000000,
    "grossProfit": 2774000000,
    "grossProfitRatio": 0.5289855072,
    "researchAndDevelopmentExpenses": 387000000,
    "generalAndAdministrativeExpenses": 1762000000,
    "sellingAndMarketingExpenses": 0,
    "sellingGeneralAndAdministrativeExpenses": 1762000000,
    "otherExpenses": -3000000,
    "operatingExpenses": 2116000000,
    "costAndExpenses": 4390000000,
    "interestIncome": 16000000,
    "interestExpense": 36000000,
    "depreciationAndAmortization": 398000000,
    "ebitda": 775000000,
    "ebitdaratio": 0.1477879481,
    "operatingIncome": 365000000,
    "operatingIncomeRatio": 0.0696033562,
    "totalOtherIncomeExpensesNet": -28000000,
    "incomeBeforeTax": 423000000,
    "incomeBeforeTaxRatio": 0.0806636156,
    "incomeTaxExpense": 84000000,
    "netIncome": 375000000,
    "netIncomeRatio": 0.0715102975,
    "eps": 0.25,
    "epsdiluted": 0.24,
    "weightedAverageShsOut": 1501938538,
    "weightedAverageShsOutDil": 1548000000,
    "link": "https://www.sec.gov/Archives/edgar/data/1800/000110465914035832/0001104659-14-035832-index.htm",
    "finalLink": "https://www.sec.gov/Archives/edgar/data/1800/000110465914035832/a14-9371_110q.htm"
  },
  {
    "date": "2013-12-31",
    "symbol": "ABT",
    "reportedCurrency": "USD",
    "cik": "0000001800",
    "fillingDate": "2014-02-21",
    "acceptedDate": "2014-02-21 17:16:35",
    "calendarYear": "2013",
    "period": "Q4",
    "revenue": 5655000000,
    "costOfRevenue": 2613000000,
    "grossProfit": 3042000000,
    "grossProfitRatio": 0.5379310345,
    "researchAndDevelopmentExpenses": 386000000,
    "generalAndAdministrativeExpenses": 1701473000,
    "sellingAndMarketingExpenses": -473000,
    "sellingGeneralAndAdministrativeExpenses": 1701000000,
    "otherExpenses": 0,
    "operatingExpenses": 2285649000,
    "costAndExpenses": 4386000000,
    "interestIncome": 19005000,
    "interestExpense": 35918000,
    "depreciationAndAmortization": 425625000,
    "ebitda": 1198849000,
    "ebitdaratio": 0.2119980548,
    "operatingIncome": 757000000,
    "operatingIncomeRatio": 0.1338638373,
    "totalOtherIncomeExpensesNet": -19091000,
    "incomeBeforeTax": 737000000,
    "incomeBeforeTaxRatio": 0.1303271441,
    "incomeTaxExpense": 148000000,
    "netIncome": 589551000,
    "netIncomeRatio": 0.1042530504,
    "eps": 0.38,
    "epsdiluted": 0.38,
    "weightedAverageShsOut": 1548098286,
    "weightedAverageShsOutDil": 1567000000,
    "link": "https://www.sec.gov/Archives/edgar/data/1800/000104746914001176/0001047469-14-001176-index.htm",
    "finalLink": "https://www.sec.gov/Archives/edgar/data/1800/000104746914001176/a2218043z10-k.htm"
  },
  {
    "date": "2013-09-30",
    "symbol": "ABT",
    "reportedCurrency": "USD",
    "cik": "0000001800",
    "fillingDate": "2013-11-07",
    "acceptedDate": "2013-11-07 16:05:51",
    "calendarYear": "2013",
    "period": "Q3",
    "revenue": 5369000000,
    "costOfRevenue": 2450000000,
    "grossProfit": 2919000000,
    "grossProfitRatio": 0.5436766623,
    "researchAndDevelopmentExpenses": 357000000,
    "generalAndAdministrativeExpenses": 1734693000,
    "sellingAndMarketingExpenses": 307000,
    "sellingGeneralAndAdministrativeExpenses": 1735000000,
    "otherExpenses": 27000000,
    "operatingExpenses": 2097000000,
    "costAndExpenses": 4352000000,
    "interestIncome": 16044000,
    "interestExpense": 37000000,
    "depreciationAndAmortization": 436000000,
    "ebitda": 954000000,
    "ebitdaratio": 0.1776867201,
    "operatingIncome": 473000000,
    "operatingIncomeRatio": 0.0880983423,
    "totalOtherIncomeExpensesNet": -149000000,
    "incomeBeforeTax": 628000000,
    "incomeBeforeTaxRatio": 0.116967778,
    "incomeTaxExpense": -145000000,
    "netIncome": 966000000,
    "netIncomeRatio": 0.1799217731,
    "eps": 0.62,
    "epsdiluted": 0.62,
    "weightedAverageShsOut": 1546185646,
    "weightedAverageShsOutDil": 1567000000,
    "link": "https://www.sec.gov/Archives/edgar/data/1800/000110465913082270/0001104659-13-082270-index.htm",
    "finalLink": "https://www.sec.gov/Archives/edgar/data/1800/000110465913082270/a13-19626_110q.htm"
  },
  {
    "date": "2013-06-30",
    "symbol": "ABT",
    "reportedCurrency": "USD",
    "cik": "0000001800",
    "fillingDate": "2013-08-06",
    "acceptedDate": "2013-08-06 12:33:40",
    "calendarYear": "2013",
    "period": "Q2",
    "revenue": 5446000000,
    "costOfRevenue": 2545000000,
    "grossProfit": 2901000000,
    "grossProfitRatio": 0.5326845391,
    "researchAndDevelopmentExpenses": 363000000,
    "generalAndAdministrativeExpenses": 1714275000,
    "sellingAndMarketingExpenses": -275000,
    "sellingGeneralAndAdministrativeExpenses": 1714000000,
    "otherExpenses": 0,
    "operatingExpenses": 2274000000,
    "costAndExpenses": 4819000000,
    "interestIncome": 16901000,
    "interestExpense": 40000000,
    "depreciationAndAmortization": 436000000,
    "ebitda": 832000000,
    "ebitdaratio": 0.1527726772,
    "operatingIncome": 627000000,
    "operatingIncomeRatio": 0.1151303709,
    "totalOtherIncomeExpensesNet": -26000000,
    "incomeBeforeTax": 601000000,
    "incomeBeforeTaxRatio": 0.1103562248,
    "incomeTaxExpense": 125000000,
    "netIncome": 476000000,
    "netIncomeRatio": 0.087403599,
    "eps": 0.31,
    "epsdiluted": 0.3,
    "weightedAverageShsOut": 1554125355,
    "weightedAverageShsOutDil": 1577000000,
    "link": "https://www.sec.gov/Archives/edgar/data/1800/000110465913060300/0001104659-13-060300-index.htm",
    "finalLink": "https://www.sec.gov/Archives/edgar/data/1800/000110465913060300/a13-13745_110q.htm"
  },
  {
    "date": "2013-03-31",
    "symbol": "ABT",
    "reportedCurrency": "USD",
    "cik": "0000001800",
    "fillingDate": "2013-05-08",
    "acceptedDate": "2013-05-08 15:33:31",
    "calendarYear": "2013",
    "period": "Q1",
    "revenue": 5378000000,
    "costOfRevenue": 2432000000,
    "grossProfit": 2946000000,
    "grossProfitRatio": 0.5477872815,
    "researchAndDevelopmentExpenses": 346000000,
    "generalAndAdministrativeExpenses": 1785559000,
    "sellingAndMarketingExpenses": 441000,
    "sellingGeneralAndAdministrativeExpenses": 1786000000,
    "otherExpenses": 0,
    "operatingExpenses": 2331000000,
    "costAndExpenses": 4763000000,
    "interestIncome": 15050000,
    "interestExpense": 41000000,
    "depreciationAndAmortization": 421000000,
    "ebitda": 1016000000,
    "ebitdaratio": 0.1889178133,
    "operatingIncome": 615000000,
    "operatingIncomeRatio": 0.1143547787,
    "totalOtherIncomeExpensesNet": -61000000,
    "incomeBeforeTax": 554000000,
    "incomeBeforeTaxRatio": 0.1030122722,
    "incomeTaxExpense": 10000000,
    "netIncome": 544000000,
    "netIncomeRatio": 0.1011528449,
    "eps": 0.35,
    "epsdiluted": 0.34,
    "weightedAverageShsOut": 1558864658,
    "weightedAverageShsOutDil": 1586000000,
    "link": "https://www.sec.gov/Archives/edgar/data/1800/000110465913038811/0001104659-13-038811-index.htm",
    "finalLink": "https://www.sec.gov/Archives/edgar/data/1800/000110465913038811/a13-8423_110q.htm"
  },
  {
    "date": "2012-12-31",
    "symbol": "ABT",
    "reportedCurrency": "USD",
    "cik": "0000001800",
    "fillingDate": "2013-02-15",
    "acceptedDate": "2013-02-15 15:15:07",
    "calendarYear": "2012",
    "period": "Q4",
    "revenue": 10836936000,
    "costOfRevenue": 4059410000,
    "grossProfit": 6777526000,
    "grossProfitRatio": 0.6254098022,
    "researchAndDevelopmentExpenses": 1141431000,
    "generalAndAdministrativeExpenses": 3192772000,
    "sellingAndMarketingExpenses": 0,
    "sellingGeneralAndAdministrativeExpenses": 3192772000,
    "otherExpenses": 0,
    "operatingExpenses": 4334203000,
    "costAndExpenses": 8393613000,
    "interestIncome": 23072000,
    "interestExpense": 186312000,
    "depreciationAndAmortization": 588777000,
    "ebitda": 1648976000,
    "ebitdaratio": 0.152162567,
    "operatingIncome": 2415323000,
    "operatingIncomeRatio": 0.2228787731,
    "totalOtherIncomeExpensesNet": 363279000,
    "incomeBeforeTax": 873887000,
    "incomeBeforeTaxRatio": 0.0806396753,
    "incomeTaxExpense": -179494000,
    "netIncome": 1053381000,
    "netIncomeRatio": 0.0972028441,
    "eps": 0.68,
    "epsdiluted": 0.66,
    "weightedAverageShsOut": 1558864658,
    "weightedAverageShsOutDil": 1586000000,
    "link": "https://www.sec.gov/Archives/edgar/data/1800/000104746913001180/0001047469-13-001180-index.htm",
    "finalLink": "https://www.sec.gov/Archives/edgar/data/1800/000104746913001180/a2212523z10-k.htm"
  },
  {
    "date": "2012-09-30",
    "symbol": "ABT",
    "reportedCurrency": "USD",
    "cik": "0000001800",
    "fillingDate": "2012-11-07",
    "acceptedDate": "2012-11-07 14:04:37",
    "calendarYear": "2012",
    "period": "Q3",
    "revenue": 9773000000,
    "costOfRevenue": 3698000000,
    "grossProfit": 6075000000,
    "grossProfitRatio": 0.6216105597,
    "researchAndDevelopmentExpenses": 1164000000,
    "generalAndAdministrativeExpenses": 2921923000,
    "sellingAndMarketingExpenses": 77000,
    "sellingGeneralAndAdministrativeExpenses": 2922000000,
    "otherExpenses": 0,
    "operatingExpenses": 4086000000,
    "costAndExpenses": 7784000000,
    "interestIncome": 63865000,
    "interestExpense": 152034000,
    "depreciationAndAmortization": 759728000,
    "ebitda": 1143073000,
    "ebitdaratio": 0.1169623452,
    "operatingIncome": 310017000,
    "operatingIncomeRatio": 0.0317217845,
    "totalOtherIncomeExpensesNet": -78706000,
    "incomeBeforeTax": 1872000000,
    "incomeBeforeTaxRatio": 0.1915481428,
    "incomeTaxExpense": -71000000,
    "netIncome": 1942806000,
    "netIncomeRatio": 0.1987932058,
    "eps": 1.23,
    "epsdiluted": 1.22,
    "weightedAverageShsOut": 1580667737,
    "weightedAverageShsOutDil": 1594000000,
    "link": "https://www.sec.gov/Archives/edgar/data/1800/000110465912075249/0001104659-12-075249-index.htm",
    "finalLink": "https://www.sec.gov/Archives/edgar/data/1800/000110465912075249/a12-19893_110q.htm"
  },
  {
    "date": "2012-06-30",
    "symbol": "ABT",
    "reportedCurrency": "USD",
    "cik": "0000001800",
    "fillingDate": "2012-08-07",
    "acceptedDate": "2012-08-07 14:37:36",
    "calendarYear": "2012",
    "period": "Q2",
    "revenue": 9807000000,
    "costOfRevenue": 3637000000,
    "grossProfit": 6170000000,
    "grossProfitRatio": 0.6291424493,
    "researchAndDevelopmentExpenses": 1011000000,
    "generalAndAdministrativeExpenses": 2944492000,
    "sellingAndMarketingExpenses": 508000,
    "sellingGeneralAndAdministrativeExpenses": 2945000000,
    "otherExpenses": 0,
    "operatingExpenses": 3956000000,
    "costAndExpenses": 7702679000,
    "interestIncome": 20461000,
    "interestExpense": 83288000,
    "depreciationAndAmortization": 691435000,
    "ebitda": 1304227000,
    "ebitdaratio": 0.1329893953,
    "operatingIncome": 564190000,
    "operatingIncomeRatio": 0.0575293158,
    "totalOtherIncomeExpensesNet": 1438810000,
    "incomeBeforeTax": 2003000000,
    "incomeBeforeTaxRatio": 0.2042418681,
    "incomeTaxExpense": 278000000,
    "netIncome": 1724612000,
    "netIncomeRatio": 0.1758552055,
    "eps": 1.1,
    "epsdiluted": 1.09,
    "weightedAverageShsOut": 1569333729,
    "weightedAverageShsOutDil": 1589000000,
    "link": "https://www.sec.gov/Archives/edgar/data/1800/000110465912055154/0001104659-12-055154-index.htm",
    "finalLink": "https://www.sec.gov/Archives/edgar/data/1800/000110465912055154/a12-13675_110q.htm"
  },
  {
    "date": "2012-03-31",
    "symbol": "ABT",
    "reportedCurrency": "USD",
    "cik": "0000001800",
    "fillingDate": "2012-05-08",
    "acceptedDate": "2012-05-08 15:38:12",
    "calendarYear": "2012",
    "period": "Q1",
    "revenue": 9457000000,
    "costOfRevenue": 3725000000,
    "grossProfit": 5732000000,
    "grossProfitRatio": 0.6061118748,
    "researchAndDevelopmentExpenses": 1006000000,
    "generalAndAdministrativeExpenses": 3000308000,
    "sellingAndMarketingExpenses": -308000,
    "sellingGeneralAndAdministrativeExpenses": 3000000000,
    "otherExpenses": 0,
    "operatingExpenses": 4006000000,
    "costAndExpenses": 7880911000,
    "interestIncome": 17437000,
    "interestExpense": 82080000,
    "depreciationAndAmortization": 743267000,
    "ebitda": 1288723000,
    "ebitdaratio": 0.1362718621,
    "operatingIncome": 509185000,
    "operatingIncomeRatio": 0.0538421275,
    "totalOtherIncomeExpensesNet": 1003815000,
    "incomeBeforeTax": 1513000000,
    "incomeBeforeTaxRatio": 0.159987311,
    "incomeTaxExpense": 271000000,
    "netIncome": 1242124000,
    "netIncomeRatio": 0.131344401,
    "eps": 0.79,
    "epsdiluted": 0.78,
    "weightedAverageShsOut": 1573391467,
    "weightedAverageShsOutDil": 1590000000,
    "link": "https://www.sec.gov/Archives/edgar/data/1800/000110465912034444/0001104659-12-034444-index.htm",
    "finalLink": "https://www.sec.gov/Archives/edgar/data/1800/000110465912034444/a12-7133_110q.htm"
  },
  {
    "date": "2011-12-31",
    "symbol": "ABT",
    "reportedCurrency": "USD",
    "cik": "0000001800",
    "fillingDate": "2012-02-21",
    "acceptedDate": "2012-02-21 15:11:18",
    "calendarYear": "2011",
    "period": "Q4",
    "revenue": 10377453000,
    "costOfRevenue": 3837875000,
    "grossProfit": 6539578000,
    "grossProfitRatio": 0.6301717772,
    "researchAndDevelopmentExpenses": 1151607000,
    "generalAndAdministrativeExpenses": 2905503000,
    "sellingAndMarketingExpenses": 0,
    "sellingGeneralAndAdministrativeExpenses": 2905503000,
    "otherExpenses": 0,
    "operatingExpenses": 4457110000,
    "costAndExpenses": 8294985000,
    "interestIncome": 23796000,
    "interestExpense": 126086000,
    "depreciationAndAmortization": 648429000,
    "ebitda": 2728220000,
    "ebitdaratio": 0.2628988057,
    "operatingIncome": 2082468000,
    "operatingIncomeRatio": 0.2006723615,
    "totalOtherIncomeExpensesNet": -5746324815000,
    "incomeBeforeTax": 1953705000,
    "incomeBeforeTaxRatio": 0.1882644036,
    "incomeTaxExpense": 335037000,
    "netIncome": 1618668000,
    "netIncomeRatio": 0.155979314,
    "eps": 1.03,
    "epsdiluted": 1.02,
    "weightedAverageShsOut": 1573391467,
    "weightedAverageShsOutDil": 1590000000,
    "link": "https://www.sec.gov/Archives/edgar/data/1800/000104746912001216/0001047469-12-001216-index.htm",
    "finalLink": "https://www.sec.gov/Archives/edgar/data/1800/000104746912001216/a2207147z10-k.htm"
  },
  {
    "date": "2011-09-30",
    "symbol": "ABT",
    "reportedCurrency": "USD",
    "cik": "0000001800",
    "fillingDate": "2011-11-04",
    "acceptedDate": "2011-11-04 14:00:54",
    "calendarYear": "2011",
    "period": "Q3",
    "revenue": 9817000000,
    "costOfRevenue": 3973000000,
    "grossProfit": 5844000000,
    "grossProfitRatio": 0.595293878,
    "researchAndDevelopmentExpenses": 1010000000,
    "generalAndAdministrativeExpenses": 4238910000,
    "sellingAndMarketingExpenses": 90000,
    "sellingGeneralAndAdministrativeExpenses": 4239000000,
    "otherExpenses": 0,
    "operatingExpenses": 5249000000,
    "costAndExpenses": 9222000000,
    "interestIncome": 20816000,
    "interestExpense": 124339000,
    "depreciationAndAmortization": 838386000,
    "ebitda": 1464320000,
    "ebitdaratio": 0.1491616583,
    "operatingIncome": 595000000,
    "operatingIncomeRatio": 0.0606091474,
    "totalOtherIncomeExpensesNet": -93283000,
    "incomeBeforeTax": 501000000,
    "incomeBeforeTaxRatio": 0.0510339207,
    "incomeTaxExpense": 198000000,
    "netIncome": 303181000,
    "netIncomeRatio": 0.0308832637,
    "eps": 0.19,
    "epsdiluted": 0.19,
    "weightedAverageShsOut": 1557795578,
    "weightedAverageShsOutDil": 1568000000,
    "link": "https://www.sec.gov/Archives/edgar/data/1800/000110465911061064/0001104659-11-061064-index.htm",
    "finalLink": "https://www.sec.gov/Archives/edgar/data/1800/000110465911061064/a11-25611_110q.htm"
  },
  {
    "date": "2011-06-30",
    "symbol": "ABT",
    "reportedCurrency": "USD",
    "cik": "0000001800",
    "fillingDate": "2011-08-04",
    "acceptedDate": "2011-08-04 15:04:36",
    "calendarYear": "2011",
    "period": "Q2",
    "revenue": 9616000000,
    "costOfRevenue": 3870000000,
    "grossProfit": 5746000000,
    "grossProfitRatio": 0.5975457571,
    "researchAndDevelopmentExpenses": 1038000000,
    "generalAndAdministrativeExpenses": 2762086000,
    "sellingAndMarketingExpenses": -86000,
    "sellingGeneralAndAdministrativeExpenses": 2762000000,
    "otherExpenses": 0,
    "operatingExpenses": 3800000000,
    "costAndExpenses": 7842838000,
    "interestIncome": 18868000,
    "interestExpense": 134129000,
    "depreciationAndAmortization": 811412000,
    "ebitda": 2620097000,
    "ebitdaratio": 0.2724726498,
    "operatingIncome": 1773000000,
    "operatingIncomeRatio": 0.1843801997,
    "totalOtherIncomeExpensesNet": -98897000,
    "incomeBeforeTax": 1675000000,
    "incomeBeforeTaxRatio": 0.1741888519,
    "incomeTaxExpense": -268000000,
    "netIncome": 1942782000,
    "netIncomeRatio": 0.2020363977,
    "eps": 1.25,
    "epsdiluted": 1.24,
    "weightedAverageShsOut": 1556576533,
    "weightedAverageShsOutDil": 1566000000,
    "link": "https://www.sec.gov/Archives/edgar/data/1800/000110465911043664/0001104659-11-043664-index.htm",
    "finalLink": "https://www.sec.gov/Archives/edgar/data/1800/000110465911043664/a11-13772_110q.htm"
  },
  {
    "date": "2011-03-31",
    "symbol": "ABT",
    "reportedCurrency": "USD",
    "cik": "0000001800",
    "fillingDate": "2011-05-06",
    "acceptedDate": "2011-05-06 14:14:37",
    "calendarYear": "2011",
    "period": "Q1",
    "revenue": 9041000000,
    "costOfRevenue": 3859000000,
    "grossProfit": 5182000000,
    "grossProfitRatio": 0.5731666851,
    "researchAndDevelopmentExpenses": 930000000,
    "generalAndAdministrativeExpenses": 2850318000,
    "sellingAndMarketingExpenses": 682000,
    "sellingGeneralAndAdministrativeExpenses": 2851000000,
    "otherExpenses": 0,
    "operatingExpenses": 3781000000,
    "costAndExpenses": 7739701000,
    "interestIncome": 21716000,
    "interestExpense": 145587000,
    "depreciationAndAmortization": 745667000,
    "ebitda": 1960040000,
    "ebitdaratio": 0.2167946024,
    "operatingIncome": 1301000000,
    "operatingIncomeRatio": 0.1439000111,
    "totalOtherIncomeExpensesNet": -232363000,
    "incomeBeforeTax": 1069000000,
    "incomeBeforeTaxRatio": 0.1182391328,
    "incomeTaxExpense": 205000000,
    "netIncome": 863818000,
    "netIncomeRatio": 0.0955445194,
    "eps": 0.56,
    "epsdiluted": 0.55,
    "weightedAverageShsOut": 1554282988,
    "weightedAverageShsOutDil": 1559000000,
    "link": "https://www.sec.gov/Archives/edgar/data/1800/000110465911026773/0001104659-11-026773-index.htm",
    "finalLink": "https://www.sec.gov/Archives/edgar/data/1800/000110465911026773/a11-5994_110q.htm"
  },
  {
    "date": "2010-12-31",
    "symbol": "ABT",
    "reportedCurrency": "USD",
    "cik": "0000001800",
    "fillingDate": "2011-02-18",
    "acceptedDate": "2011-02-18 15:03:18",
    "calendarYear": "2010",
    "period": "Q4",
    "revenue": 9967848000,
    "costOfRevenue": 4045040000,
    "grossProfit": 5922808000,
    "grossProfitRatio": 0.5941912437,
    "researchAndDevelopmentExpenses": 1295632000,
    "generalAndAdministrativeExpenses": 2797229000,
    "sellingAndMarketingExpenses": 0,
    "sellingGeneralAndAdministrativeExpenses": 2797229000,
    "otherExpenses": 0,
    "operatingExpenses": 4092861000,
    "costAndExpenses": 8137901000,
    "interestIncome": 22160000,
    "interestExpense": 151344000,
    "depreciationAndAmortization": 709578000,
    "ebitda": 2628752000,
    "ebitdaratio": 0.2637231226,
    "operatingIncome": 1829947000,
    "operatingIncomeRatio": 0.1835849624,
    "totalOtherIncomeExpensesNet": -62117000,
    "incomeBeforeTax": 1767830000,
    "incomeBeforeTaxRatio": 0.1773532261,
    "incomeTaxExpense": 326983000,
    "netIncome": 1440847000,
    "netIncomeRatio": 0.1445494554,
    "eps": 0.93,
    "epsdiluted": 0.92,
    "weightedAverageShsOut": 1554282988,
    "weightedAverageShsOutDil": 1559000000,
    "link": "https://www.sec.gov/Archives/edgar/data/1800/000104746911001056/0001047469-11-001056-index.htm",
    "finalLink": "https://www.sec.gov/Archives/edgar/data/1800/000104746911001056/a2201962z10-k.htm"
  },
  {
    "date": "2010-09-30",
    "symbol": "ABT",
    "reportedCurrency": "USD",
    "cik": "0000001800",
    "fillingDate": "2010-11-05",
    "acceptedDate": "2010-11-05 13:50:38",
    "calendarYear": "2010",
    "period": "Q3",
    "revenue": 8675000000,
    "costOfRevenue": 3742000000,
    "grossProfit": 4933000000,
    "grossProfitRatio": 0.5686455331,
    "researchAndDevelopmentExpenses": 1079000000,
    "generalAndAdministrativeExpenses": 2673277000,
    "sellingAndMarketingExpenses": -277000,
    "sellingGeneralAndAdministrativeExpenses": 2673000000,
    "otherExpenses": 0,
    "operatingExpenses": 3752000000,
    "costAndExpenses": 7494000000,
    "interestIncome": 15590000,
    "interestExpense": 149102000,
    "depreciationAndAmortization": 677024000,
    "ebitda": 1890236000,
    "ebitdaratio": 0.2178946398,
    "operatingIncome": 1181000000,
    "operatingIncomeRatio": 0.1361383285,
    "totalOtherIncomeExpensesNet": -117075000,
    "incomeBeforeTax": 1064000000,
    "incomeBeforeTaxRatio": 0.1226512968,
    "incomeTaxExpense": 173000000,
    "netIncome": 890660000,
    "netIncomeRatio": 0.1026697406,
    "eps": 0.58,
    "epsdiluted": 0.57,
    "weightedAverageShsOut": 1545815965,
    "weightedAverageShsOutDil": 1554000000,
    "link": "https://www.sec.gov/Archives/edgar/data/1800/000110465910056473/0001104659-10-056473-index.htm",
    "finalLink": "https://www.sec.gov/Archives/edgar/data/1800/000110465910056473/a10-16055_110q.htm"
  },
  {
    "date": "2010-06-30",
    "symbol": "ABT",
    "reportedCurrency": "USD",
    "cik": "0000001800",
    "fillingDate": "2010-08-05",
    "acceptedDate": "2010-08-05 13:33:16",
    "calendarYear": "2010",
    "period": "Q2",
    "revenue": 8826000000,
    "costOfRevenue": 3544000000,
    "grossProfit": 5282000000,
    "grossProfitRatio": 0.5984590981,
    "researchAndDevelopmentExpenses": 858000000,
    "generalAndAdministrativeExpenses": 2743418000,
    "sellingAndMarketingExpenses": -418000,
    "sellingGeneralAndAdministrativeExpenses": 2743000000,
    "otherExpenses": 0,
    "operatingExpenses": 3676116000,
    "costAndExpenses": 7145000000,
    "interestIncome": 38172000,
    "interestExpense": 134488000,
    "depreciationAndAmortization": 675202000,
    "ebitda": 2368377000,
    "ebitdaratio": 0.2683409245,
    "operatingIncome": 1606000000,
    "operatingIncomeRatio": 0.1819623839,
    "totalOtherIncomeExpensesNet": -47279000,
    "incomeBeforeTax": 1559000000,
    "incomeBeforeTaxRatio": 0.1766372082,
    "incomeTaxExpense": 267000000,
    "netIncome": 1291650000,
    "netIncomeRatio": 0.1463460231,
    "eps": 0.83,
    "epsdiluted": 0.83,
    "weightedAverageShsOut": 1547815000,
    "weightedAverageShsOutDil": 1552000000,
    "link": "https://www.sec.gov/Archives/edgar/data/1800/000110465910042282/0001104659-10-042282-index.htm",
    "finalLink": "https://www.sec.gov/Archives/edgar/data/1800/000110465910042282/a10-10691_110q.htm"
  },
  {
    "date": "2010-03-31",
    "symbol": "ABT",
    "reportedCurrency": "USD",
    "cik": "0000001800",
    "fillingDate": "2010-05-04",
    "acceptedDate": "2010-06-09 11:09:34",
    "calendarYear": "2010",
    "period": "Q1",
    "revenue": 7698000000,
    "costOfRevenue": 3335000000,
    "grossProfit": 4363000000,
    "grossProfitRatio": 0.5667705898,
    "researchAndDevelopmentExpenses": 730000000,
    "generalAndAdministrativeExpenses": 2162400000,
    "sellingAndMarketingExpenses": -400000,
    "sellingGeneralAndAdministrativeExpenses": 2162000000,
    "otherExpenses": 0,
    "operatingExpenses": 2892000000,
    "costAndExpenses": 6227000000,
    "interestIncome": 29531000,
    "interestExpense": 118201000,
    "depreciationAndAmortization": 562501000,
    "ebitda": 2002909000,
    "ebitdaratio": 0.2601856326,
    "operatingIncome": 1471000000,
    "operatingIncomeRatio": 0.1910885944,
    "totalOtherIncomeExpensesNet": -148276000,
    "incomeBeforeTax": 1322000000,
    "incomeBeforeTaxRatio": 0.1717329176,
    "incomeTaxExpense": 319000000,
    "netIncome": 1003015000,
    "netIncomeRatio": 0.1302955313,
    "eps": 0.65,
    "epsdiluted": 0.64,
    "weightedAverageShsOut": 1543565059,
    "weightedAverageShsOutDil": 1561000000,
    "link": "https://www.sec.gov/Archives/edgar/data/1800/000110465910033097/0001104659-10-033097-index.htm",
    "finalLink": "https://www.sec.gov/Archives/edgar/data/1800/000110465910033097/a10-11731_110q.htm"
  },
  {
    "date": "2009-12-31",
    "symbol": "ABT",
    "reportedCurrency": "USD",
    "cik": "0000001800",
    "fillingDate": "2010-02-19",
    "acceptedDate": "2010-02-19 16:05:52",
    "calendarYear": "2009",
    "period": "Q4",
    "revenue": 8790127000,
    "costOfRevenue": 3784223000,
    "grossProfit": 5005904000,
    "grossProfitRatio": 0.5694916581,
    "researchAndDevelopmentExpenses": 747048000,
    "generalAndAdministrativeExpenses": 2225047000,
    "sellingAndMarketingExpenses": 0,
    "sellingGeneralAndAdministrativeExpenses": 2225047000,
    "otherExpenses": 0,
    "operatingExpenses": 3142095000,
    "costAndExpenses": 6756391000,
    "interestIncome": 29445000,
    "interestExpense": 123885000,
    "depreciationAndAmortization": 547353000,
    "ebitda": 2494120000,
    "ebitdaratio": 0.2837410654,
    "operatingIncome": 1863809000,
    "operatingIncomeRatio": 0.2120343654,
    "totalOtherIncomeExpensesNet": -6229546186000,
    "incomeBeforeTax": 1822882000,
    "incomeBeforeTaxRatio": 0.2073783462,
    "incomeTaxExpense": 284153000,
    "netIncome": 1538729000,
    "netIncomeRatio": 0.1750519646,
    "eps": 1,
    "epsdiluted": 0.99,
    "weightedAverageShsOut": 1543565059,
    "weightedAverageShsOutDil": 1561000000,
    "link": "https://www.sec.gov/Archives/edgar/data/1800/000104746910001018/0001047469-10-001018-index.htm",
    "finalLink": "https://www.sec.gov/Archives/edgar/data/1800/000104746910001018/a2196380z10-k.htm"
  },
  {
    "date": "2009-09-30",
    "symbol": "ABT",
    "reportedCurrency": "USD",
    "cik": "0000001800",
    "fillingDate": "2009-11-06",
    "acceptedDate": "2009-11-06 10:45:41",
    "calendarYear": "2009",
    "period": "Q3",
    "revenue": 7761000000,
    "costOfRevenue": 3360000000,
    "grossProfit": 4401000000,
    "grossProfitRatio": 0.5670660997,
    "researchAndDevelopmentExpenses": 676000000,
    "generalAndAdministrativeExpenses": 2085660000,
    "sellingAndMarketingExpenses": -660000,
    "sellingGeneralAndAdministrativeExpenses": 2085000000,
    "otherExpenses": 0,
    "operatingExpenses": 2761000000,
    "costAndExpenses": 6121000000,
    "interestIncome": 38413000,
    "interestExpense": 134612000,
    "depreciationAndAmortization": 540714000,
    "ebitda": 2546701000,
    "ebitdaratio": 0.3281408324,
    "operatingIncome": 1640000000,
    "operatingIncomeRatio": 0.2113129751,
    "totalOtherIncomeExpensesNet": 231622000,
    "incomeBeforeTax": 1871000000,
    "incomeBeforeTaxRatio": 0.2410771808,
    "incomeTaxExpense": 391000000,
    "netIncome": 1480367000,
    "netIncomeRatio": 0.1907443628,
    "eps": 0.95,
    "epsdiluted": 0.95,
    "weightedAverageShsOut": 1552000000,
    "weightedAverageShsOutDil": 1552000000,
    "link": "https://www.sec.gov/Archives/edgar/data/1800/000110465909063192/0001104659-09-063192-index.htm",
    "finalLink": "https://www.sec.gov/Archives/edgar/data/1800/000110465909063192/a09-28494_110q.htm"
  },
  {
    "date": "2009-06-30",
    "symbol": "ABT",
    "reportedCurrency": "USD",
    "cik": "0000001800",
    "fillingDate": "2009-08-07",
    "acceptedDate": "2009-08-07 09:27:16",
    "calendarYear": "2009",
    "period": "Q2",
    "revenue": 7495000000,
    "costOfRevenue": 3129000000,
    "grossProfit": 4366000000,
    "grossProfitRatio": 0.5825216811,
    "researchAndDevelopmentExpenses": 670000000,
    "generalAndAdministrativeExpenses": 2024252000,
    "sellingAndMarketingExpenses": 748000,
    "sellingGeneralAndAdministrativeExpenses": 2025000000,
    "otherExpenses": 0,
    "operatingExpenses": 2695000000,
    "costAndExpenses": 5824000000,
    "interestIncome": 33877000,
    "interestExpense": 136969000,
    "depreciationAndAmortization": 537398000,
    "ebitda": 2241405000,
    "ebitdaratio": 0.2990533689,
    "operatingIncome": 1671000000,
    "operatingIncomeRatio": 0.2229486324,
    "totalOtherIncomeExpensesNet": -104382000,
    "incomeBeforeTax": 1567000000,
    "incomeBeforeTaxRatio": 0.2090727151,
    "incomeTaxExpense": 279000000,
    "netIncome": 1288105000,
    "netIncomeRatio": 0.1718619079,
    "eps": 0.83,
    "epsdiluted": 0.83,
    "weightedAverageShsOut": 1551000000,
    "weightedAverageShsOutDil": 1551000000,
    "link": "https://www.sec.gov/Archives/edgar/data/1800/000110465909048013/0001104659-09-048013-index.htm",
    "finalLink": "https://www.sec.gov/Archives/edgar/data/1800/000110465909048013/a09-13597_110q.htm"
  },
  {
    "date": "2009-03-31",
    "symbol": "ABT",
    "reportedCurrency": "USD",
    "cik": "0000001800",
    "fillingDate": "2009-05-05",
    "acceptedDate": "2009-05-05 16:56:23",
    "calendarYear": "2009",
    "period": "Q1",
    "revenue": 6718368000,
    "costOfRevenue": 2935921000,
    "grossProfit": 3782447000,
    "grossProfitRatio": 0.5630008657,
    "researchAndDevelopmentExpenses": 650743000,
    "generalAndAdministrativeExpenses": 2070945000,
    "sellingAndMarketingExpenses": 0,
    "sellingGeneralAndAdministrativeExpenses": 2070945000,
    "otherExpenses": 0,
    "operatingExpenses": 2721688000,
    "costAndExpenses": 5657609000,
    "interestIncome": 36044000,
    "interestExpense": 124190000,
    "depreciationAndAmortization": 464045000,
    "ebitda": 2520714000,
    "ebitdaratio": 0.3751973694,
    "operatingIncome": 1060759000,
    "operatingIncomeRatio": 0.1578893862,
    "totalOtherIncomeExpensesNet": 871720000,
    "incomeBeforeTax": 1932479000,
    "incomeBeforeTaxRatio": 0.2876411355,
    "incomeTaxExpense": 493842000,
    "netIncome": 1438637000,
    "netIncomeRatio": 0.2141348911,
    "eps": 0.93,
    "epsdiluted": 0.92,
    "weightedAverageShsOut": 1545767000,
    "weightedAverageShsOutDil": 1556385000,
    "link": "https://www.sec.gov/Archives/edgar/data/1800/000110465909029592/0001104659-09-029592-index.htm",
    "finalLink": "https://www.sec.gov/Archives/edgar/data/1800/000110465909029592/a09-10266_110q.htm"
  },
  {
    "date": "2008-12-31",
    "symbol": "ABT",
    "reportedCurrency": "USD",
    "cik": "0000001800",
    "fillingDate": "2009-02-20",
    "acceptedDate": "2009-02-20 16:44:22",
    "calendarYear": "2008",
    "period": "Q4",
    "revenue": 7950268000,
    "costOfRevenue": 3178381000,
    "grossProfit": 4771887000,
    "grossProfitRatio": 0.6002171248,
    "researchAndDevelopmentExpenses": 731631000,
    "generalAndAdministrativeExpenses": 2297360000,
    "sellingAndMarketingExpenses": 0,
    "sellingGeneralAndAdministrativeExpenses": 2297360000,
    "otherExpenses": 0,
    "operatingExpenses": 3028991000,
    "costAndExpenses": 6207372000,
    "interestIncome": 0,
    "interestExpense": 528474000,
    "depreciationAndAmortization": 422555000,
    "ebitda": 2759116000,
    "ebitdaratio": 0.3470469172,
    "operatingIncome": 1742896000,
    "operatingIncomeRatio": 0.219224811,
    "totalOtherIncomeExpensesNet": -56690000,
    "incomeBeforeTax": 1686206000,
    "incomeBeforeTaxRatio": 0.2120942338,
    "incomeTaxExpense": 296483000,
    "netIncome": 1536226000,
    "netIncomeRatio": 0.1932294609,
    "eps": 0.99,
    "epsdiluted": 0.99,
    "weightedAverageShsOut": 1545767000,
    "weightedAverageShsOutDil": 1556385000,
    "link": "https://www.sec.gov/Archives/edgar/data/1800/000104746909001642/0001047469-09-001642-index.htm",
    "finalLink": "https://www.sec.gov/Archives/edgar/data/1800/000104746909001642/a2188623z10-k.htm"
  },
  {
    "date": "2008-09-30",
    "symbol": "ABT",
    "reportedCurrency": "USD",
    "cik": "0000001800",
    "fillingDate": "2008-11-03",
    "acceptedDate": "2008-11-03 16:20:06",
    "calendarYear": "2008",
    "period": "Q3",
    "revenue": 7497660000,
    "costOfRevenue": 3352869000,
    "grossProfit": 4144791000,
    "grossProfitRatio": 0.5528112771,
    "researchAndDevelopmentExpenses": 680360000,
    "generalAndAdministrativeExpenses": 2067914000,
    "sellingAndMarketingExpenses": 0,
    "sellingGeneralAndAdministrativeExpenses": 2067914000,
    "otherExpenses": 0,
    "operatingExpenses": 2748274000,
    "costAndExpenses": 6101143000,
    "interestIncome": 0,
    "interestExpense": 125014000,
    "depreciationAndAmortization": 498560000,
    "ebitda": 1895077000,
    "ebitdaratio": 0.2527557931,
    "operatingIncome": 1396517000,
    "operatingIncomeRatio": 0.1862603799,
    "totalOtherIncomeExpensesNet": -23481000,
    "incomeBeforeTax": 1373036000,
    "incomeBeforeTaxRatio": 0.1831286028,
    "incomeTaxExpense": 288424000,
    "netIncome": 1084612000,
    "netIncomeRatio": 0.1446600673,
    "eps": 0.7,
    "epsdiluted": 0.69,
    "weightedAverageShsOut": 1545639000,
    "weightedAverageShsOutDil": 1563730000,
    "link": "https://www.sec.gov/Archives/edgar/data/1800/000110465908067615/0001104659-08-067615-index.htm",
    "finalLink": "https://www.sec.gov/Archives/edgar/data/1800/000110465908067615/a08-26469_110q.htm"
  },
  {
    "date": "2008-06-30",
    "symbol": "ABT",
    "reportedCurrency": "USD",
    "cik": "0000001800",
    "fillingDate": "2008-07-25",
    "acceptedDate": "2008-07-25 16:38:35",
    "calendarYear": "2008",
    "period": "Q2",
    "revenue": 7314021000,
    "costOfRevenue": 3119700000,
    "grossProfit": 4194321000,
    "grossProfitRatio": 0.5734630787,
    "researchAndDevelopmentExpenses": 656863000,
    "generalAndAdministrativeExpenses": 2052317000,
    "sellingAndMarketingExpenses": 0,
    "sellingGeneralAndAdministrativeExpenses": 2052317000,
    "otherExpenses": 0,
    "operatingExpenses": 2787736000,
    "costAndExpenses": 5828880000,
    "interestIncome": 54448000,
    "interestExpense": 137769000,
    "depreciationAndAmortization": 465860000,
    "ebitda": 2239947000,
    "ebitdaratio": 0.3062538377,
    "operatingIncome": 1406585000,
    "operatingIncomeRatio": 0.1923135031,
    "totalOtherIncomeExpensesNet": 229733000,
    "incomeBeforeTax": 1636318000,
    "incomeBeforeTaxRatio": 0.2237234484,
    "incomeTaxExpense": 314304000,
    "netIncome": 1322014000,
    "netIncomeRatio": 0.1807506432,
    "eps": 0.86,
    "epsdiluted": 0.85,
    "weightedAverageShsOut": 1539786000,
    "weightedAverageShsOutDil": 1553395000,
    "link": "https://www.sec.gov/Archives/edgar/data/1800/000110465908047788/0001104659-08-047788-index.htm",
    "finalLink": "https://www.sec.gov/Archives/edgar/data/1800/000110465908047788/a08-18601_110q.htm"
  },
  {
    "date": "2008-03-31",
    "symbol": "ABT",
    "reportedCurrency": "USD",
    "cik": "0000001800",
    "fillingDate": "2008-05-02",
    "acceptedDate": "2008-05-02 17:10:00",
    "calendarYear": "2008",
    "period": "Q1",
    "revenue": 6765603000,
    "costOfRevenue": 2961072000,
    "grossProfit": 3804531000,
    "grossProfitRatio": 0.5623343551,
    "researchAndDevelopmentExpenses": 619957000,
    "generalAndAdministrativeExpenses": 2018033000,
    "sellingAndMarketingExpenses": 0,
    "sellingGeneralAndAdministrativeExpenses": 2018033000,
    "otherExpenses": 0,
    "operatingExpenses": 2637990000,
    "costAndExpenses": 5599062000,
    "interestIncome": 49356000,
    "interestExpense": 142534000,
    "depreciationAndAmortization": 451854000,
    "ebitda": 1755114000,
    "ebitdaratio": 0.2594172315,
    "operatingIncome": 1147841000,
    "operatingIncomeRatio": 0.1696583438,
    "totalOtherIncomeExpensesNet": 12885000,
    "incomeBeforeTax": 1160726000,
    "incomeBeforeTaxRatio": 0.1715628304,
    "incomeTaxExpense": 222859000,
    "netIncome": 937867000,
    "netIncomeRatio": 0.1386228249,
    "eps": 0.61,
    "epsdiluted": 0.6,
    "weightedAverageShsOut": 1544022000,
    "weightedAverageShsOutDil": 1560567000,
    "link": "https://www.sec.gov/Archives/edgar/data/1800/000110465908029545/0001104659-08-029545-index.htm",
    "finalLink": "https://www.sec.gov/Archives/edgar/data/1800/000110465908029545/a08-11202_110q.htm"
  },
  {
    "date": "2007-12-31",
    "symbol": "ABT",
    "reportedCurrency": "USD",
    "cik": "0000001800",
    "fillingDate": "2008-02-19",
    "acceptedDate": "2008-02-19 17:08:18",
    "calendarYear": "2007",
    "period": "Q4",
    "revenue": 7221351000,
    "costOfRevenue": 3161680000,
    "grossProfit": 4059671000,
    "grossProfitRatio": 0.562176108,
    "researchAndDevelopmentExpenses": 662401000,
    "generalAndAdministrativeExpenses": 1879269000,
    "sellingAndMarketingExpenses": 0,
    "sellingGeneralAndAdministrativeExpenses": 1879269000,
    "otherExpenses": 0,
    "operatingExpenses": 2541670000,
    "costAndExpenses": 5703350000,
    "interestIncome": 0,
    "interestExpense": 593142000,
    "depreciationAndAmortization": 483192000,
    "ebitda": 2001193000,
    "ebitdaratio": 0.2771216909,
    "operatingIncome": 1518001000,
    "operatingIncomeRatio": 0.2102101117,
    "totalOtherIncomeExpensesNet": 34599000,
    "incomeBeforeTax": 1482925000,
    "incomeBeforeTaxRatio": 0.2053528488,
    "incomeTaxExpense": 279898000,
    "netIncome": 1203027000,
    "netIncomeRatio": 0.1665930655,
    "eps": 0.78,
    "epsdiluted": 0.77,
    "weightedAverageShsOut": 1544022000,
    "weightedAverageShsOutDil": 1560567000,
    "link": "https://www.sec.gov/Archives/edgar/data/1800/000104746908001480/0001047469-08-001480-index.htm",
    "finalLink": "https://www.sec.gov/Archives/edgar/data/1800/000104746908001480/a2182445z10-k.htm"
  },
  {
    "date": "2007-09-30",
    "symbol": "ABT",
    "reportedCurrency": "USD",
    "cik": "0000001800",
    "fillingDate": "2007-11-02",
    "acceptedDate": "2007-11-02 16:28:15",
    "calendarYear": "2007",
    "period": "Q3",
    "revenue": 6376706000,
    "costOfRevenue": 2864030000,
    "grossProfit": 3512676000,
    "grossProfitRatio": 0.5508605854,
    "researchAndDevelopmentExpenses": 640718000,
    "generalAndAdministrativeExpenses": 1945404000,
    "sellingAndMarketingExpenses": 0,
    "sellingGeneralAndAdministrativeExpenses": 1945404000,
    "otherExpenses": 0,
    "operatingExpenses": 2586122000,
    "costAndExpenses": 5450152000,
    "interestIncome": 0,
    "interestExpense": 146657000,
    "depreciationAndAmortization": 503769000,
    "ebitda": 1430323000,
    "ebitdaratio": 0.2243043665,
    "operatingIncome": 926554000,
    "operatingIncomeRatio": 0.1453029197,
    "totalOtherIncomeExpensesNet": -33135000,
    "incomeBeforeTax": 893419000,
    "incomeBeforeTaxRatio": 0.1401066632,
    "incomeTaxExpense": 176414000,
    "netIncome": 717005000,
    "netIncomeRatio": 0.1124412824,
    "eps": 0.46,
    "epsdiluted": 0.46,
    "weightedAverageShsOut": 1543544000,
    "weightedAverageShsOutDil": 1557758000,
    "link": "https://www.sec.gov/Archives/edgar/data/1800/000110465907079323/0001104659-07-079323-index.htm",
    "finalLink": "https://www.sec.gov/Archives/edgar/data/1800/000110465907079323/a07-25417_110q.htm"
  },
  {
    "date": "2007-06-30",
    "symbol": "ABT",
    "reportedCurrency": "USD",
    "cik": "0000001800",
    "fillingDate": "2007-08-03",
    "acceptedDate": "2007-08-03 16:34:57",
    "calendarYear": "2007",
    "period": "Q2",
    "revenue": 6370620000,
    "costOfRevenue": 2804326000,
    "grossProfit": 3566294000,
    "grossProfitRatio": 0.5598032845,
    "researchAndDevelopmentExpenses": 583474000,
    "generalAndAdministrativeExpenses": 1796456000,
    "sellingAndMarketingExpenses": 0,
    "sellingGeneralAndAdministrativeExpenses": 1796456000,
    "otherExpenses": 0,
    "operatingExpenses": 2379930000,
    "costAndExpenses": 5184256000,
    "interestIncome": 0,
    "interestExpense": 153349000,
    "depreciationAndAmortization": 435501000,
    "ebitda": 1621865000,
    "ebitdaratio": 0.254585111,
    "operatingIncome": 1186364000,
    "operatingIncomeRatio": 0.1862242607,
    "totalOtherIncomeExpensesNet": 66274000,
    "incomeBeforeTax": 1252638000,
    "incomeBeforeTaxRatio": 0.1966273298,
    "incomeTaxExpense": 263894000,
    "netIncome": 988744000,
    "netIncomeRatio": 0.1552037321,
    "eps": 0.64,
    "epsdiluted": 0.63,
    "weightedAverageShsOut": 1541717000,
    "weightedAverageShsOutDil": 1560667000,
    "link": "https://www.sec.gov/Archives/edgar/data/1800/000110465907058777/0001104659-07-058777-index.htm",
    "finalLink": "https://www.sec.gov/Archives/edgar/data/1800/000110465907058777/a07-18715_110q.htm"
  },
  {
    "date": "2007-03-31",
    "symbol": "ABT",
    "reportedCurrency": "USD",
    "cik": "0000001800",
    "fillingDate": "2007-05-07",
    "acceptedDate": "2007-05-07 16:31:58",
    "calendarYear": "2007",
    "period": "Q1",
    "revenue": 5290284000,
    "costOfRevenue": 2176695000,
    "grossProfit": 3113589000,
    "grossProfitRatio": 0.5885485543,
    "researchAndDevelopmentExpenses": 578374000,
    "generalAndAdministrativeExpenses": 1657030000,
    "sellingAndMarketingExpenses": 0,
    "sellingGeneralAndAdministrativeExpenses": 1657030000,
    "otherExpenses": 0,
    "operatingExpenses": 2405925000,
    "costAndExpenses": 4997935000,
    "interestIncome": 0,
    "interestExpense": 147385000,
    "depreciationAndAmortization": 432424000,
    "ebitda": 1380049000,
    "ebitdaratio": 0.2608648231,
    "operatingIncome": 947625000,
    "operatingIncomeRatio": 0.1791255441,
    "totalOtherIncomeExpensesNet": -37520000,
    "incomeBeforeTax": 770991000,
    "incomeBeforeTaxRatio": 0.1457371665,
    "incomeTaxExpense": 129542000,
    "netIncome": 697537000,
    "netIncomeRatio": 0.1318524677,
    "eps": 0.45,
    "epsdiluted": 0.45,
    "weightedAverageShsOut": 1540315000,
    "weightedAverageShsOutDil": 1558234000,
    "link": "https://www.sec.gov/Archives/edgar/data/1800/000110465907036512/0001104659-07-036512-index.htm",
    "finalLink": "https://www.sec.gov/Archives/edgar/data/1800/000110465907036512/a07-10641_110q.htm"
  },
  {
    "date": "2006-12-31",
    "symbol": "ABT",
    "reportedCurrency": "USD",
    "cik": "0000001800",
    "fillingDate": "2007-02-23",
    "acceptedDate": "2007-02-23 16:39:34",
    "calendarYear": "2006",
    "period": "Q4",
    "revenue": 6217969000,
    "costOfRevenue": 2865612000,
    "grossProfit": 3352357000,
    "grossProfitRatio": 0.5391401919,
    "researchAndDevelopmentExpenses": 596167000,
    "generalAndAdministrativeExpenses": 1703112000,
    "sellingAndMarketingExpenses": 0,
    "sellingGeneralAndAdministrativeExpenses": 1703112000,
    "otherExpenses": 0,
    "operatingExpenses": 3606279000,
    "costAndExpenses": 6471891000,
    "interestIncome": 0,
    "interestExpense": 292347000,
    "depreciationAndAmortization": 411106000,
    "ebitda": 1464184000,
    "ebitdaratio": 0.2354762463,
    "operatingIncome": -253922000,
    "operatingIncomeRatio": -0.040836807,
    "totalOtherIncomeExpensesNet": 11822000,
    "incomeBeforeTax": -242100000,
    "incomeBeforeTaxRatio": -0.0389355431,
    "incomeTaxExpense": 234114000,
    "netIncome": -476214000,
    "netIncomeRatio": -0.076586744,
    "eps": -0.31,
    "epsdiluted": -0.31,
    "weightedAverageShsOut": 1540315000,
    "weightedAverageShsOutDil": 1558234000,
    "link": "https://www.sec.gov/Archives/edgar/data/1800/000110465907013496/0001104659-07-013496-index.htm",
    "finalLink": "https://www.sec.gov/Archives/edgar/data/1800/000110465907013496/a07-1583_110k.htm"
  },
  {
    "date": "2006-09-30",
    "symbol": "ABT",
    "reportedCurrency": "USD",
    "cik": "0000001800",
    "fillingDate": "2006-11-07",
    "acceptedDate": "2006-11-07 16:29:18",
    "calendarYear": "2006",
    "period": "Q3",
    "revenue": 5573770000,
    "costOfRevenue": 2391218000,
    "grossProfit": 3182552000,
    "grossProfitRatio": 0.570987321,
    "researchAndDevelopmentExpenses": 617625000,
    "generalAndAdministrativeExpenses": 1661761000,
    "sellingAndMarketingExpenses": 0,
    "sellingGeneralAndAdministrativeExpenses": 1661761000,
    "otherExpenses": 0,
    "operatingExpenses": 2493386000,
    "costAndExpenses": 4884604000,
    "interestIncome": 0,
    "interestExpense": 86884000000,
    "depreciationAndAmortization": 381441000,
    "ebitda": 1284607000,
    "ebitdaratio": 0.2304736292,
    "operatingIncome": 689166000,
    "operatingIncomeRatio": 0.1236444991,
    "totalOtherIncomeExpensesNet": 37151000,
    "incomeBeforeTax": 726317000,
    "incomeBeforeTaxRatio": 0.1303098262,
    "incomeTaxExpense": 10475000,
    "netIncome": 715842000,
    "netIncomeRatio": 0.1284304878,
    "eps": 0.47,
    "epsdiluted": 0.46,
    "weightedAverageShsOut": 1529367000,
    "weightedAverageShsOutDil": 1541988000,
    "link": "https://www.sec.gov/Archives/edgar/data/1800/000110465906072216/0001104659-06-072216-index.htm",
    "finalLink": "https://www.sec.gov/Archives/edgar/data/1800/000110465906072216/a06-21483_110q.htm"
  },
  {
    "date": "2006-06-30",
    "symbol": "ABT",
    "reportedCurrency": "USD",
    "cik": "0000001800",
    "fillingDate": "2006-08-08",
    "acceptedDate": "2006-08-08 08:24:29",
    "calendarYear": "2006",
    "period": "Q2",
    "revenue": 5501124000,
    "costOfRevenue": 2388613000,
    "grossProfit": 3112511000,
    "grossProfitRatio": 0.5657954629,
    "researchAndDevelopmentExpenses": 1049337000,
    "generalAndAdministrativeExpenses": 1520397000,
    "sellingAndMarketingExpenses": 0,
    "sellingGeneralAndAdministrativeExpenses": 1520397000,
    "otherExpenses": 0,
    "operatingExpenses": 2569734000,
    "costAndExpenses": 4958347000,
    "interestIncome": 0,
    "interestExpense": 81683000000,
    "depreciationAndAmortization": 393611000,
    "ebitda": 936388000,
    "ebitdaratio": 0.1702175774,
    "operatingIncome": 542777000,
    "operatingIncomeRatio": 0.0986665634,
    "totalOtherIncomeExpensesNet": 114359000,
    "incomeBeforeTax": 657136000,
    "incomeBeforeTaxRatio": 0.1194548605,
    "incomeTaxExpense": 44892000,
    "netIncome": 612244000,
    "netIncomeRatio": 0.1112943464,
    "eps": 0.4,
    "epsdiluted": 0.4,
    "weightedAverageShsOut": 1524589000,
    "weightedAverageShsOutDil": 1531637000,
    "link": "https://www.sec.gov/Archives/edgar/data/1800/000110465906052230/0001104659-06-052230-index.htm",
    "finalLink": "https://www.sec.gov/Archives/edgar/data/1800/000110465906052230/a06-14795_110q.htm"
  },
  {
    "date": "2006-03-31",
    "symbol": "ABT",
    "reportedCurrency": "USD",
    "cik": "0000001800",
    "fillingDate": "2006-05-04",
    "acceptedDate": "2006-05-04 15:52:08",
    "calendarYear": "2006",
    "period": "Q1",
    "revenue": 5183459000,
    "costOfRevenue": 2169704000,
    "grossProfit": 3013755000,
    "grossProfitRatio": 0.5814177367,
    "researchAndDevelopmentExpenses": 485142000,
    "generalAndAdministrativeExpenses": 1464415000,
    "sellingAndMarketingExpenses": 0,
    "sellingGeneralAndAdministrativeExpenses": 1464415000,
    "otherExpenses": 0,
    "operatingExpenses": 1949557000,
    "costAndExpenses": 4119261000,
    "interestIncome": 0,
    "interestExpense": 34519000,
    "depreciationAndAmortization": 372592000,
    "ebitda": 1415353000,
    "ebitdaratio": 0.2730518366,
    "operatingIncome": 1064198000,
    "operatingIncomeRatio": 0.2053065337,
    "totalOtherIncomeExpensesNet": 70819000,
    "incomeBeforeTax": 1135017000,
    "incomeBeforeTaxRatio": 0.2189690321,
    "incomeTaxExpense": 270134000,
    "netIncome": 864883000,
    "netIncomeRatio": 0.1668544113,
    "eps": 0.57,
    "epsdiluted": 0.56,
    "weightedAverageShsOut": 1529862000,
    "weightedAverageShsOutDil": 1537695000,
    "link": "https://www.sec.gov/Archives/edgar/data/1800/000110465906031160/0001104659-06-031160-index.htm",
    "finalLink": "https://www.sec.gov/Archives/edgar/data/1800/000110465906031160/a06-9013_110q.htm"
  },
  {
    "date": "2005-12-31",
    "symbol": "ABT",
    "reportedCurrency": "USD",
    "cik": "0000001800",
    "fillingDate": "2006-02-22",
    "acceptedDate": "2006-02-22 10:36:20",
    "calendarYear": "2005",
    "period": "Q4",
    "revenue": 6047334000,
    "costOfRevenue": 2809557000,
    "grossProfit": 3237777000,
    "grossProfitRatio": 0.5354056846,
    "researchAndDevelopmentExpenses": 490392000,
    "generalAndAdministrativeExpenses": 1446583000,
    "sellingAndMarketingExpenses": 0,
    "sellingGeneralAndAdministrativeExpenses": 1446583000,
    "otherExpenses": 0,
    "operatingExpenses": 1936975000,
    "costAndExpenses": 4746532000,
    "interestIncome": 0,
    "interestExpense": 153662000,
    "depreciationAndAmortization": 337715000,
    "ebitda": 1638517000,
    "ebitdaratio": 0.2709486527,
    "operatingIncome": 1300802000,
    "operatingIncomeRatio": 0.2151033827,
    "totalOtherIncomeExpensesNet": 99122000,
    "incomeBeforeTax": 1399924000,
    "incomeBeforeTaxRatio": 0.2314944073,
    "incomeTaxExpense": 423508000,
    "netIncome": 976416000,
    "netIncomeRatio": 0.1614622245,
    "eps": 0.64,
    "epsdiluted": 0.63,
    "weightedAverageShsOut": 1529862000,
    "weightedAverageShsOutDil": 1537695000,
    "link": "https://www.sec.gov/Archives/edgar/data/1800/000104746906002258/0001047469-06-002258-index.htm",
    "finalLink": "https://www.sec.gov/Archives/edgar/data/1800/000104746906002258/a2167223z10-k.htm"
  },
  {
    "date": "2005-09-30",
    "symbol": "ABT",
    "reportedCurrency": "USD",
    "cik": "0000001800",
    "fillingDate": "2005-11-02",
    "acceptedDate": "2005-11-02 14:40:58",
    "calendarYear": "2005",
    "period": "Q3",
    "revenue": 5383995000,
    "costOfRevenue": 2677188000,
    "grossProfit": 2706807000,
    "grossProfitRatio": 0.5027506526,
    "researchAndDevelopmentExpenses": 448869000,
    "generalAndAdministrativeExpenses": 1410127000,
    "sellingAndMarketingExpenses": 0,
    "sellingGeneralAndAdministrativeExpenses": 1410127000,
    "otherExpenses": 0,
    "operatingExpenses": 1858996000,
    "costAndExpenses": 4536184000,
    "interestIncome": 0,
    "interestExpense": 40360000,
    "depreciationAndAmortization": 343367000,
    "ebitda": 1191178000,
    "ebitdaratio": 0.2212442619,
    "operatingIncome": 830680000,
    "operatingIncomeRatio": 0.1542869189,
    "totalOtherIncomeExpensesNet": 64990000,
    "incomeBeforeTax": 895670000,
    "incomeBeforeTaxRatio": 0.1663578811,
    "incomeTaxExpense": 214961000,
    "netIncome": 680709000,
    "netIncomeRatio": 0.1264319525,
    "eps": 0.44,
    "epsdiluted": 0.44,
    "weightedAverageShsOut": 1552397000,
    "weightedAverageShsOutDil": 1563526000,
    "link": "https://www.sec.gov/Archives/edgar/data/1800/000110465905051849/0001104659-05-051849-index.htm",
    "finalLink": "https://www.sec.gov/Archives/edgar/data/1800/000110465905051849/a05-18480_110q.htm"
  },
  {
    "date": "2005-06-30",
    "symbol": "ABT",
    "reportedCurrency": "USD",
    "cik": "0000001800",
    "fillingDate": "2005-08-03",
    "acceptedDate": "2005-08-03 13:29:07",
    "calendarYear": "2005",
    "period": "Q2",
    "revenue": 5523800000,
    "costOfRevenue": 2631835000,
    "grossProfit": 2891965000,
    "grossProfitRatio": 0.5235462906,
    "researchAndDevelopmentExpenses": 445258000,
    "generalAndAdministrativeExpenses": 1351792000,
    "sellingAndMarketingExpenses": 0,
    "sellingGeneralAndAdministrativeExpenses": 1351792000,
    "otherExpenses": 0,
    "operatingExpenses": 1797050000,
    "costAndExpenses": 4428885000,
    "interestIncome": 0,
    "interestExpense": 43244000,
    "depreciationAndAmortization": 332977000,
    "ebitda": 1427892000,
    "ebitdaratio": 0.2584981353,
    "operatingIncome": 1094915000,
    "operatingIncomeRatio": 0.1982177124,
    "totalOtherIncomeExpensesNet": 51555000,
    "incomeBeforeTax": 1146470000,
    "incomeBeforeTaxRatio": 0.2075509613,
    "incomeTaxExpense": 269418000,
    "netIncome": 877052000,
    "netIncomeRatio": 0.1587769289,
    "eps": 0.56,
    "epsdiluted": 0.56,
    "weightedAverageShsOut": 1552823000,
    "weightedAverageShsOutDil": 1568906000,
    "link": "https://www.sec.gov/Archives/edgar/data/1800/000110465905035965/0001104659-05-035965-index.htm",
    "finalLink": "https://www.sec.gov/Archives/edgar/data/1800/000110465905035965/a05-13789_110q.htm"
  },
  {
    "date": "2005-03-31",
    "symbol": "ABT",
    "reportedCurrency": "USD",
    "cik": "0000001800",
    "fillingDate": "2005-05-06",
    "acceptedDate": "2005-05-06 13:54:03",
    "calendarYear": "2005",
    "period": "Q1",
    "revenue": 5382679000,
    "costOfRevenue": 2522531000,
    "grossProfit": 2860148000,
    "grossProfitRatio": 0.531361428,
    "researchAndDevelopmentExpenses": 436656000,
    "generalAndAdministrativeExpenses": 1287621000,
    "sellingAndMarketingExpenses": 0,
    "sellingGeneralAndAdministrativeExpenses": 1287621000,
    "otherExpenses": 0,
    "operatingExpenses": 1724277000,
    "costAndExpenses": 4246808000,
    "interestIncome": 0,
    "interestExpense": 42270000,
    "depreciationAndAmortization": 344880000,
    "ebitda": 1480751000,
    "ebitdaratio": 0.2750955426,
    "operatingIncome": 1135871000,
    "operatingIncomeRatio": 0.2110233584,
    "totalOtherIncomeExpensesNet": 41985000,
    "incomeBeforeTax": 1177856000,
    "incomeBeforeTaxRatio": 0.2188233777,
    "incomeTaxExpense": 339968000,
    "netIncome": 837888000,
    "netIncomeRatio": 0.1556637503,
    "eps": 0.54,
    "epsdiluted": 0.53,
    "weightedAverageShsOut": 1556232000,
    "weightedAverageShsOutDil": 1569505000,
    "link": "https://www.sec.gov/Archives/edgar/data/1800/000104746905013749/0001047469-05-013749-index.htm",
    "finalLink": "https://www.sec.gov/Archives/edgar/data/1800/000104746905013749/a2156943z10-q.htm"
  },
  {
    "date": "2004-12-31",
    "symbol": "ABT",
    "reportedCurrency": "USD",
    "cik": "0000001800",
    "fillingDate": "2005-03-02",
    "acceptedDate": "2005-03-02 12:47:10",
    "calendarYear": "2004",
    "period": "Q4",
    "revenue": 5654443000,
    "costOfRevenue": 2627094000,
    "grossProfit": 3027349000,
    "grossProfitRatio": 0.5353929644,
    "researchAndDevelopmentExpenses": 463967000,
    "generalAndAdministrativeExpenses": 1387196000,
    "sellingAndMarketingExpenses": 0,
    "sellingGeneralAndAdministrativeExpenses": 1387196000,
    "otherExpenses": 0,
    "operatingExpenses": 1898163000,
    "costAndExpenses": 4525257000,
    "interestIncome": 0,
    "interestExpense": 149087000,
    "depreciationAndAmortization": 333360000,
    "ebitda": 1509546000,
    "ebitdaratio": 0.2669663484,
    "operatingIncome": 1129186000,
    "operatingIncomeRatio": 0.1996988917,
    "totalOtherIncomeExpensesNet": 26458000,
    "incomeBeforeTax": 1155644000,
    "incomeBeforeTaxRatio": 0.204378044,
    "incomeTaxExpense": 181039000,
    "netIncome": 974605000,
    "netIncomeRatio": 0.1723609204,
    "eps": 0.63,
    "epsdiluted": 0.62,
    "weightedAverageShsOut": 1556232000,
    "weightedAverageShsOutDil": 1569505000,
    "link": "https://www.sec.gov/Archives/edgar/data/1800/000104746905005185/0001047469-05-005185-index.htm",
    "finalLink": "https://www.sec.gov/Archives/edgar/data/1800/000104746905005185/a2149332z10-k.htm"
  },
  {
    "date": "2004-09-30",
    "symbol": "ABT",
    "reportedCurrency": "USD",
    "cik": "0000001800",
    "fillingDate": "2004-11-04",
    "acceptedDate": "2004-11-04 16:55:56",
    "calendarYear": "2004",
    "period": "Q3",
    "revenue": 4681669000,
    "costOfRevenue": 2114919000,
    "grossProfit": 2566750000,
    "grossProfitRatio": 0.5482553337,
    "researchAndDevelopmentExpenses": 391698000,
    "generalAndAdministrativeExpenses": 1144416000,
    "sellingAndMarketingExpenses": 0,
    "sellingGeneralAndAdministrativeExpenses": 1144416000,
    "otherExpenses": 0,
    "operatingExpenses": 1536114000,
    "costAndExpenses": 3651033000,
    "interestIncome": 0,
    "interestExpense": 36706000,
    "depreciationAndAmortization": 312803000,
    "ebitda": 1343439000,
    "ebitdaratio": 0.2869572796,
    "operatingIncome": 1022536000,
    "operatingIncomeRatio": 0.2184127071,
    "totalOtherIncomeExpensesNet": 43522000,
    "incomeBeforeTax": 1066058000,
    "incomeBeforeTaxRatio": 0.2277089645,
    "incomeTaxExpense": 261979000,
    "netIncome": 804079000,
    "netIncomeRatio": 0.1717505018,
    "eps": 0.52,
    "epsdiluted": 0.51,
    "weightedAverageShsOut": 1559980000,
    "weightedAverageShsOutDil": 1569003000,
    "link": "https://www.sec.gov/Archives/edgar/data/1800/000110465904033633/0001104659-04-033633-index.htm",
    "finalLink": "https://www.sec.gov/Archives/edgar/data/1800/000110465904033633/a04-11738_110q.htm"
  },
  {
    "date": "2004-06-30",
    "symbol": "ABT",
    "reportedCurrency": "USD",
    "cik": "0000001800",
    "fillingDate": "2004-08-06",
    "acceptedDate": "2004-08-06 12:12:06",
    "calendarYear": "2004",
    "period": "Q2",
    "revenue": 4703049000,
    "costOfRevenue": 2068722000,
    "grossProfit": 2634327000,
    "grossProfitRatio": 0.5601317358,
    "researchAndDevelopmentExpenses": 436510000,
    "generalAndAdministrativeExpenses": 1237353000,
    "sellingAndMarketingExpenses": 0,
    "sellingGeneralAndAdministrativeExpenses": 1237353000,
    "otherExpenses": 0,
    "operatingExpenses": 1837869000,
    "costAndExpenses": 3906591000,
    "interestIncome": 0,
    "interestExpense": 34896000,
    "depreciationAndAmortization": 353242000,
    "ebitda": 1313706000,
    "ebitdaratio": 0.2793307065,
    "operatingIncome": 796458000,
    "operatingIncomeRatio": 0.1693492881,
    "totalOtherIncomeExpensesNet": 79214000,
    "incomeBeforeTax": 875672000,
    "incomeBeforeTaxRatio": 0.1861924041,
    "incomeTaxExpense": 240794000,
    "netIncome": 634258000,
    "netIncomeRatio": 0.1348610231,
    "eps": 0.41,
    "epsdiluted": 0.4,
    "weightedAverageShsOut": 1560479000,
    "weightedAverageShsOutDil": 1570486000,
    "link": "https://www.sec.gov/Archives/edgar/data/1800/000110465904022896/0001104659-04-022896-index.htm",
    "finalLink": "https://www.sec.gov/Archives/edgar/data/1800/000110465904022896/a04-8499_110q.htm"
  },
  {
    "date": "2004-03-31",
    "symbol": "ABT",
    "reportedCurrency": "USD",
    "cik": "0000001800",
    "fillingDate": "2004-04-29",
    "acceptedDate": "2004-04-29 12:01:45",
    "calendarYear": "2004",
    "period": "Q1",
    "revenue": 5216053000,
    "costOfRevenue": 2480281000,
    "grossProfit": 2735772000,
    "grossProfitRatio": 0.5244908363,
    "researchAndDevelopmentExpenses": 429024000,
    "generalAndAdministrativeExpenses": 1214682000,
    "sellingAndMarketingExpenses": 0,
    "sellingGeneralAndAdministrativeExpenses": 1214682000,
    "otherExpenses": 0,
    "operatingExpenses": 1643706000,
    "costAndExpenses": 3690715000,
    "interestIncome": 0,
    "interestExpense": 35345000,
    "depreciationAndAmortization": 289295000,
    "ebitda": 1299335000,
    "ebitdaratio": 0.2491031054,
    "operatingIncome": 950140000,
    "operatingIncomeRatio": 0.1821568914,
    "totalOtherIncomeExpensesNet": 77218000,
    "incomeBeforeTax": 1109384000,
    "incomeBeforeTaxRatio": 0.2126864892,
    "incomeTaxExpense": 286475000,
    "netIncome": 822909000,
    "netIncomeRatio": 0.157764693,
    "eps": 0.53,
    "epsdiluted": 0.52,
    "weightedAverageShsOut": 1562450000,
    "weightedAverageShsOutDil": 1572119000,
    "link": "https://www.sec.gov/Archives/edgar/data/1800/000110465904011794/0001104659-04-011794-index.htm",
    "finalLink": "https://www.sec.gov/Archives/edgar/data/1800/000110465904011794/a04-4788_110q.htm"
  },
  {
    "date": "2003-12-31",
    "symbol": "ABT",
    "reportedCurrency": "USD",
    "cik": "0000001800",
    "fillingDate": "2004-02-25",
    "acceptedDate": "2004-02-24 18:50:37",
    "calendarYear": "2003",
    "period": "Q4",
    "revenue": 5530582000,
    "costOfRevenue": 2658013000,
    "grossProfit": 2872569000,
    "grossProfitRatio": 0.5193972352,
    "researchAndDevelopmentExpenses": 485693000,
    "generalAndAdministrativeExpenses": 1281014000,
    "sellingAndMarketingExpenses": 0,
    "sellingGeneralAndAdministrativeExpenses": 1281014000,
    "otherExpenses": 0,
    "operatingExpenses": 1766707000,
    "costAndExpenses": 4424720000,
    "interestIncome": 0,
    "interestExpense": 146123000,
    "depreciationAndAmortization": 371156000,
    "ebitda": 1477018000,
    "ebitdaratio": 0.2670637557,
    "operatingIncome": 1105862000,
    "operatingIncomeRatio": 0.1999540012,
    "totalOtherIncomeExpensesNet": 136758000,
    "incomeBeforeTax": 1242620000,
    "incomeBeforeTaxRatio": 0.2246815977,
    "incomeTaxExpense": 298228000,
    "netIncome": 944392000,
    "netIncomeRatio": 0.1707581589,
    "eps": 0.6,
    "epsdiluted": 0.6,
    "weightedAverageShsOut": 1562450000,
    "weightedAverageShsOutDil": 1572119000,
    "link": "https://www.sec.gov/Archives/edgar/data/1800/000104746904005498/0001047469-04-005498-index.htm",
    "finalLink": "https://www.sec.gov/Archives/edgar/data/1800/000104746904005498/a2127912z10-k.htm"
  },
  {
    "date": "2003-09-30",
    "symbol": "ABT",
    "reportedCurrency": "USD",
    "cik": "0000001800",
    "fillingDate": "2003-11-10",
    "acceptedDate": "2003-11-10 12:45:11",
    "calendarYear": "2003",
    "period": "Q3",
    "revenue": 4845881000,
    "costOfRevenue": 2346807000,
    "grossProfit": 2499074000,
    "grossProfitRatio": 0.5157109719,
    "researchAndDevelopmentExpenses": 438999000,
    "generalAndAdministrativeExpenses": 1087796000,
    "sellingAndMarketingExpenses": 0,
    "sellingGeneralAndAdministrativeExpenses": 1087796000,
    "otherExpenses": 0,
    "operatingExpenses": 1526795000,
    "costAndExpenses": 3934842000,
    "interestIncome": 0,
    "interestExpense": 36224000,
    "depreciationAndAmortization": 237657000,
    "ebitda": 1119672000,
    "ebitdaratio": 0.2310564374,
    "operatingIncome": 820775000,
    "operatingIncomeRatio": 0.169375806,
    "totalOtherIncomeExpensesNet": 109602000,
    "incomeBeforeTax": 1020641000,
    "incomeBeforeTaxRatio": 0.2106203186,
    "incomeTaxExpense": 259424000,
    "netIncome": 761217000,
    "netIncomeRatio": 0.157085368,
    "eps": 0.49,
    "epsdiluted": 0.48,
    "weightedAverageShsOut": 1562898000,
    "weightedAverageShsOutDil": 1572105000,
    "link": "https://www.sec.gov/Archives/edgar/data/1800/000104746903036636/0001047469-03-036636-index.htm",
    "finalLink": "https://www.sec.gov/Archives/edgar/data/1800/000104746903036636/a2120840z10-q.htm"
  },
  {
    "date": "2003-06-30",
    "symbol": "ABT",
    "reportedCurrency": "USD",
    "cik": "0000001800",
    "fillingDate": "2003-08-12",
    "acceptedDate": "2003-08-12 16:17:07",
    "calendarYear": "2003",
    "period": "Q2",
    "revenue": 4723635000,
    "costOfRevenue": 2270855000,
    "grossProfit": 2452780000,
    "grossProfitRatio": 0.5192568859,
    "researchAndDevelopmentExpenses": 402753000,
    "generalAndAdministrativeExpenses": 1685886000,
    "sellingAndMarketingExpenses": 0,
    "sellingGeneralAndAdministrativeExpenses": 1685886000,
    "otherExpenses": 0,
    "operatingExpenses": 2088639000,
    "costAndExpenses": 4398494000,
    "interestIncome": 0,
    "interestExpense": 38384000,
    "depreciationAndAmortization": 250586000,
    "ebitda": 518005000,
    "ebitdaratio": 0.1096623681,
    "operatingIncome": 228419000,
    "operatingIncomeRatio": 0.0483566152,
    "totalOtherIncomeExpensesNet": 92092000,
    "incomeBeforeTax": 417233000,
    "incomeBeforeTaxRatio": 0.0883287976,
    "incomeTaxExpense": 170590000,
    "netIncome": 246643000,
    "netIncomeRatio": 0.052214661,
    "eps": 0.16,
    "epsdiluted": 0.16,
    "weightedAverageShsOut": 1561681000,
    "weightedAverageShsOutDil": 1572310000,
    "link": "https://www.sec.gov/Archives/edgar/data/1800/000104746903027213/0001047469-03-027213-index.htm",
    "finalLink": "https://www.sec.gov/Archives/edgar/data/1800/000104746903027213/a2114315z10-q.htm"
  },
  {
    "date": "2003-03-31",
    "symbol": "ABT",
    "reportedCurrency": "USD",
    "cik": "0000001800",
    "fillingDate": "2003-05-15",
    "acceptedDate": "2003-05-15 11:55:24",
    "calendarYear": "2003",
    "period": "Q1",
    "revenue": 4580463000,
    "costOfRevenue": 2197741000,
    "grossProfit": 2382722000,
    "grossProfitRatio": 0.520192391,
    "researchAndDevelopmentExpenses": 406027000,
    "generalAndAdministrativeExpenses": 996205000,
    "sellingAndMarketingExpenses": 0,
    "sellingGeneralAndAdministrativeExpenses": 996205000,
    "otherExpenses": 0,
    "operatingExpenses": 1402232000,
    "costAndExpenses": 3599973000,
    "interestIncome": 0,
    "interestExpense": 37290000,
    "depreciationAndAmortization": 312655000,
    "ebitda": 1293145000,
    "ebitdaratio": 0.2823175299,
    "operatingIncome": 980490000,
    "operatingIncomeRatio": 0.2140591464,
    "totalOtherIncomeExpensesNet": 73433000,
    "incomeBeforeTax": 1053923000,
    "incomeBeforeTaxRatio": 0.2300909319,
    "incomeTaxExpense": 252942000,
    "netIncome": 800981000,
    "netIncomeRatio": 0.1748690034,
    "eps": 0.51,
    "epsdiluted": 0.51,
    "weightedAverageShsOut": 1562492000,
    "weightedAverageShsOutDil": 1568097000,
    "link": "https://www.sec.gov/Archives/edgar/data/1800/000104746903018718/0001047469-03-018718-index.htm",
    "finalLink": "https://www.sec.gov/Archives/edgar/data/1800/000104746903018718/a2109726z10-q.htm"
  },
  {
    "date": "2002-12-31",
    "symbol": "ABT",
    "reportedCurrency": "USD",
    "cik": "0000001800",
    "fillingDate": "2003-02-19",
    "acceptedDate": "2003-02-19 17:23:33",
    "calendarYear": "2002",
    "period": "Q4",
    "revenue": 4839249000,
    "costOfRevenue": 2376093000,
    "grossProfit": 2463156000,
    "grossProfitRatio": 0.5089955074,
    "researchAndDevelopmentExpenses": 432494000,
    "generalAndAdministrativeExpenses": 1141864000,
    "sellingAndMarketingExpenses": 0,
    "sellingGeneralAndAdministrativeExpenses": 1141864000,
    "otherExpenses": 0,
    "operatingExpenses": 1574358000,
    "costAndExpenses": 3950451000,
    "interestIncome": 0,
    "interestExpense": 205220000,
    "depreciationAndAmortization": 285836000,
    "ebitda": 1174634000,
    "ebitdaratio": 0.2427306386,
    "operatingIncome": 888798000,
    "operatingIncomeRatio": 0.1836644488,
    "totalOtherIncomeExpensesNet": -85049000,
    "incomeBeforeTax": 803749000,
    "incomeBeforeTaxRatio": 0.1660896143,
    "incomeTaxExpense": 176642000,
    "netIncome": 627107000,
    "netIncomeRatio": 0.1295876695,
    "eps": 0.4,
    "epsdiluted": 0.4,
    "weightedAverageShsOut": 1562492000,
    "weightedAverageShsOutDil": 1568097000,
    "link": "https://www.sec.gov/Archives/edgar/data/1800/000104746903006107/0001047469-03-006107-index.htm",
    "finalLink": "https://www.sec.gov/Archives/edgar/data/1800/000104746903006107/a2102588z10-k.htm"
  },
  {
    "date": "2002-09-30",
    "symbol": "ABT",
    "reportedCurrency": "USD",
    "cik": "0000001800",
    "fillingDate": "2002-11-05",
    "acceptedDate": "2002-11-05 16:41:02",
    "calendarYear": "2002",
    "period": "Q3",
    "revenue": 4341236000,
    "costOfRevenue": 2067494000,
    "grossProfit": 2273742000,
    "grossProfitRatio": 0.5237545252,
    "researchAndDevelopmentExpenses": 393125000,
    "generalAndAdministrativeExpenses": 967218000,
    "sellingAndMarketingExpenses": 0,
    "sellingGeneralAndAdministrativeExpenses": 967218000,
    "otherExpenses": 0,
    "operatingExpenses": 1360343000,
    "costAndExpenses": 3427837000,
    "interestIncome": 0,
    "interestExpense": 52757000000,
    "depreciationAndAmortization": 291461000,
    "ebitda": 1204860000,
    "ebitdaratio": 0.2775384706,
    "operatingIncome": 913399000,
    "operatingIncomeRatio": 0.2104006785,
    "totalOtherIncomeExpensesNet": 40311000,
    "incomeBeforeTax": 953710000,
    "incomeBeforeTaxRatio": 0.2196862829,
    "incomeTaxExpense": 233659000,
    "netIncome": 720051000,
    "netIncomeRatio": 0.1658631321,
    "eps": 0.46,
    "epsdiluted": 0.46,
    "weightedAverageShsOut": 1562332000,
    "weightedAverageShsOutDil": 1568951000,
    "link": "https://www.sec.gov/Archives/edgar/data/1800/000091205702040993/0000912057-02-040993-index.htm",
    "finalLink": "https://www.sec.gov/Archives/edgar/data/1800/000091205702040993/a2092008z10-q.htm"
  },
  {
    "date": "2002-06-30",
    "symbol": "ABT",
    "reportedCurrency": "USD",
    "cik": "0000001800",
    "fillingDate": "2002-08-13",
    "acceptedDate": "2002-08-13 16:38:17",
    "calendarYear": "2002",
    "period": "Q2",
    "revenue": 4314889000,
    "costOfRevenue": 2166590000,
    "grossProfit": 2148299000,
    "grossProfitRatio": 0.4978804785,
    "researchAndDevelopmentExpenses": 379492000,
    "generalAndAdministrativeExpenses": 978008000,
    "sellingAndMarketingExpenses": 0,
    "sellingGeneralAndAdministrativeExpenses": 978008000,
    "otherExpenses": 0,
    "operatingExpenses": 1465200000,
    "costAndExpenses": 3631790000,
    "interestIncome": 0,
    "interestExpense": 52221000,
    "depreciationAndAmortization": 276927000,
    "ebitda": 1067726000,
    "ebitdaratio": 0.2474515567,
    "operatingIncome": 683099000,
    "operatingIncomeRatio": 0.1583120678,
    "totalOtherIncomeExpensesNet": 101358000,
    "incomeBeforeTax": 784457000,
    "incomeBeforeTaxRatio": 0.1818023592,
    "incomeTaxExpense": 192192000,
    "netIncome": 592265000,
    "netIncomeRatio": 0.1372607731,
    "eps": 0.38,
    "epsdiluted": 0.38,
    "weightedAverageShsOut": 1561580000,
    "weightedAverageShsOutDil": 1573960000,
    "link": "https://www.sec.gov/Archives/edgar/data/1800/000091205702031585/0000912057-02-031585-index.htm",
    "finalLink": "https://www.sec.gov/Archives/edgar/data/1800/000091205702031585/a2085012z10-q.htm"
  },
  {
    "date": "2002-03-31",
    "symbol": "ABT",
    "reportedCurrency": "USD",
    "cik": "0000001800",
    "fillingDate": "2002-05-02",
    "acceptedDate": "2002-05-02 16:10:36",
    "calendarYear": "2002",
    "period": "Q1",
    "revenue": 4189289000,
    "costOfRevenue": 1896077000,
    "grossProfit": 2293212000,
    "grossProfitRatio": 0.5473988546,
    "researchAndDevelopmentExpenses": 356681000,
    "generalAndAdministrativeExpenses": 891686000,
    "sellingAndMarketingExpenses": 0,
    "sellingGeneralAndAdministrativeExpenses": 891686000,
    "otherExpenses": 0,
    "operatingExpenses": 1248367000,
    "costAndExpenses": 3144444000,
    "interestIncome": 0,
    "interestExpense": 52886000000,
    "depreciationAndAmortization": 323121000,
    "ebitda": 1367966000,
    "ebitdaratio": 0.3265389425,
    "operatingIncome": 1044845000,
    "operatingIncomeRatio": 0.2494086705,
    "totalOtherIncomeExpensesNet": 86652000,
    "incomeBeforeTax": 1131497000,
    "incomeBeforeTaxRatio": 0.2700928487,
    "incomeTaxExpense": 277217000,
    "netIncome": 854280000,
    "netIncomeRatio": 0.2039200447,
    "eps": 0.55,
    "epsdiluted": 0.54,
    "weightedAverageShsOut": 1557723000,
    "weightedAverageShsOutDil": 1579398000,
    "link": "https://www.sec.gov/Archives/edgar/data/1800/000091205702018154/0000912057-02-018154-index.htm",
    "finalLink": "https://www.sec.gov/Archives/edgar/data/1800/000091205702018154/a2075593z10-q.htm"
  },
  {
    "date": "2001-12-31",
    "symbol": "ABT",
    "reportedCurrency": "USD",
    "cik": "0000001800",
    "fillingDate": "2002-02-21",
    "acceptedDate": "2002-02-21 00:00:00",
    "calendarYear": "2001",
    "period": "Q4",
    "revenue": 4445062000,
    "costOfRevenue": 2081101000,
    "grossProfit": 2363961000,
    "grossProfitRatio": 0.531817329,
    "researchAndDevelopmentExpenses": 461365000,
    "generalAndAdministrativeExpenses": 1044579000,
    "sellingAndMarketingExpenses": 0,
    "sellingGeneralAndAdministrativeExpenses": 1044579000,
    "otherExpenses": 0,
    "operatingExpenses": 1505944000,
    "costAndExpenses": 3587045000,
    "interestIncome": 0,
    "interestExpense": 234759000000,
    "depreciationAndAmortization": 318892000,
    "ebitda": 1176909000,
    "ebitdaratio": 0.2647677355,
    "operatingIncome": 714617000,
    "operatingIncomeRatio": 0.1607664865,
    "totalOtherIncomeExpensesNet": 80147000,
    "incomeBeforeTax": 794764000,
    "incomeBeforeTaxRatio": 0.1787970561,
    "incomeTaxExpense": 181209000,
    "netIncome": 613555000,
    "netIncomeRatio": 0.1380306956,
    "eps": 0.39,
    "epsdiluted": 0.39,
    "weightedAverageShsOut": 1557723000,
    "weightedAverageShsOutDil": 1579398000,
    "link": "https://www.sec.gov/Archives/edgar/data/1800/000091205702007043/0000912057-02-007043-index.htm",
    "finalLink": "https://www.sec.gov/Archives/edgar/data/1800/000091205702007043/a2066561z10-k405.htm"
  },
  {
    "date": "2001-09-30",
    "symbol": "ABT",
    "reportedCurrency": "USD",
    "cik": "0000001800",
    "fillingDate": "2001-11-01",
    "acceptedDate": "2001-11-01 00:00:00",
    "calendarYear": "2001",
    "period": "Q3",
    "revenue": 4181185000,
    "costOfRevenue": 2040899000,
    "grossProfit": 2140286000,
    "grossProfitRatio": 0.5118850278,
    "researchAndDevelopmentExpenses": 400566000,
    "generalAndAdministrativeExpenses": 995086000,
    "sellingAndMarketingExpenses": 0,
    "sellingGeneralAndAdministrativeExpenses": 995086000,
    "otherExpenses": 0,
    "operatingExpenses": 1395652000,
    "costAndExpenses": 3436551000,
    "interestIncome": 0,
    "interestExpense": 74973000,
    "depreciationAndAmortization": 307873000,
    "ebitda": 1052507000,
    "ebitdaratio": 0.2517245709,
    "operatingIncome": 744634000,
    "operatingIncomeRatio": 0.1780916176,
    "totalOtherIncomeExpensesNet": 69519000,
    "incomeBeforeTax": 814153000,
    "incomeBeforeTaxRatio": 0.1947182438,
    "incomeTaxExpense": 182753000,
    "netIncome": 631400000,
    "netIncomeRatio": 0.1510098214,
    "eps": 0.41,
    "epsdiluted": 0.4,
    "weightedAverageShsOut": 1551677000,
    "weightedAverageShsOutDil": 1572054000,
    "link": "https://www.sec.gov/Archives/edgar/data/1800/000091205701537337/0000912057-01-537337-index.htm",
    "finalLink": "https://www.sec.gov/Archives/edgar/data/1800/000091205701537337/a2060250z10-q.htm"
  },
  {
    "date": "2001-06-30",
    "symbol": "ABT",
    "reportedCurrency": "USD",
    "cik": "0000001800",
    "fillingDate": "2001-08-14",
    "acceptedDate": "2001-08-14 00:00:00",
    "calendarYear": "2001",
    "period": "Q2",
    "revenue": 4099119000,
    "costOfRevenue": 1983064000,
    "grossProfit": 2116055000,
    "grossProfitRatio": 0.5162219004,
    "researchAndDevelopmentExpenses": 397341000,
    "generalAndAdministrativeExpenses": 948202000,
    "sellingAndMarketingExpenses": 0,
    "sellingGeneralAndAdministrativeExpenses": 948202000,
    "otherExpenses": 0,
    "operatingExpenses": 1517543000,
    "costAndExpenses": 3500607000,
    "interestIncome": 0,
    "interestExpense": 68471000000,
    "depreciationAndAmortization": 311185000,
    "ebitda": 1081697000,
    "ebitdaratio": 0.2638852397,
    "operatingIncome": 598512000,
    "operatingIncomeRatio": 0.1460099109,
    "totalOtherIncomeExpensesNet": 64403000,
    "incomeBeforeTax": 662915000,
    "incomeBeforeTaxRatio": 0.1617213357,
    "incomeTaxExpense": 133867000,
    "netIncome": 529048000,
    "netIncomeRatio": 0.1290638305,
    "eps": 0.34,
    "epsdiluted": 0.34,
    "weightedAverageShsOut": 1549547000,
    "weightedAverageShsOutDil": 1569141000,
    "link": "https://www.sec.gov/Archives/edgar/data/1800/000091205701528480/0000912057-01-528480-index.htm",
    "finalLink": "https://www.sec.gov/Archives/edgar/data/1800/000091205701528480/a2054244z10-q.htm"
  },
  {
    "date": "2001-03-31",
    "symbol": "ABT",
    "reportedCurrency": "USD",
    "cik": "0000001800",
    "fillingDate": "2001-05-15",
    "acceptedDate": "2001-05-15 00:00:00",
    "calendarYear": "2001",
    "period": "Q1",
    "revenue": 3559880000,
    "costOfRevenue": 1643318000,
    "grossProfit": 1916562000,
    "grossProfitRatio": 0.5383782599,
    "researchAndDevelopmentExpenses": 318280000,
    "generalAndAdministrativeExpenses": 747013000,
    "sellingAndMarketingExpenses": 0,
    "sellingGeneralAndAdministrativeExpenses": 747013000,
    "otherExpenses": 0,
    "operatingExpenses": 2080293000,
    "costAndExpenses": 3723611000,
    "interestIncome": 0,
    "interestExpense": 26721000,
    "depreciationAndAmortization": 230068000,
    "ebitda": 1081337000,
    "ebitdaratio": 0.3037565873,
    "operatingIncome": -163731000,
    "operatingIncomeRatio": -0.0459934043,
    "totalOtherIncomeExpensesNet": -224953000,
    "incomeBeforeTax": -388684000,
    "incomeBeforeTaxRatio": -0.1091845793,
    "incomeTaxExpense": -165071000,
    "netIncome": -223613000,
    "netIncomeRatio": -0.0628147578,
    "eps": -0.14,
    "epsdiluted": -0.14,
    "weightedAverageShsOut": 1547072000,
    "weightedAverageShsOutDil": 1547072000,
    "link": "https://www.sec.gov/Archives/edgar/data/1800/000091205701516066/0000912057-01-516066-index.htm",
    "finalLink": "https://www.sec.gov/Archives/edgar/data/1800/000091205701516066/a2048820z10-q.htm"
  },
  {
    "date": "2000-12-31",
    "symbol": "ABT",
    "reportedCurrency": "USD",
    "cik": "0000001800",
    "fillingDate": "2001-02-15",
    "acceptedDate": "2001-02-15 00:00:00",
    "calendarYear": "2000",
    "period": "Q4",
    "revenue": 3704690000,
    "costOfRevenue": 1696440000,
    "grossProfit": 2008250000,
    "grossProfitRatio": 0.5420831433,
    "researchAndDevelopmentExpenses": 349682000,
    "generalAndAdministrativeExpenses": 735646000,
    "sellingAndMarketingExpenses": 0,
    "sellingGeneralAndAdministrativeExpenses": 735646000,
    "otherExpenses": 0,
    "operatingExpenses": 1085328000,
    "costAndExpenses": 2781768000,
    "interestIncome": 0,
    "interestExpense": 23221000,
    "depreciationAndAmortization": 198775000,
    "ebitda": 1121697000,
    "ebitdaratio": 0.3027775603,
    "operatingIncome": 922922000,
    "operatingIncomeRatio": 0.2491225987,
    "totalOtherIncomeExpensesNet": 109131000,
    "incomeBeforeTax": 1032053000,
    "incomeBeforeTaxRatio": 0.2785801241,
    "incomeTaxExpense": 278654000,
    "netIncome": 753399000,
    "netIncomeRatio": 0.2033635743,
    "eps": 0.49,
    "epsdiluted": 0.49,
    "weightedAverageShsOut": 1546398000,
    "weightedAverageShsOutDil": 1547072000,
    "link": "https://www.sec.gov/Archives/edgar/data/1800/000091205701006039/0000912057-01-006039-index.htm",
    "finalLink": "https://www.sec.gov/Archives/edgar/data/1800/000091205701006039/a2035109z10-k.htm"
  },
  {
    "date": "2000-09-30",
    "symbol": "ABT",
    "reportedCurrency": "USD",
    "cik": "0000001800",
    "fillingDate": "2000-11-13",
    "acceptedDate": "2000-11-13 00:00:00",
    "calendarYear": "2000",
    "period": "Q3",
    "revenue": 3317895000,
    "costOfRevenue": 1515505000,
    "grossProfit": 1802390000,
    "grossProfitRatio": 0.5432329836,
    "researchAndDevelopmentExpenses": 318383000,
    "generalAndAdministrativeExpenses": 699285000,
    "sellingAndMarketingExpenses": 0,
    "sellingGeneralAndAdministrativeExpenses": 699285000,
    "otherExpenses": 0,
    "operatingExpenses": 1017668000,
    "costAndExpenses": 2533173000,
    "interestIncome": 0,
    "interestExpense": 879000,
    "depreciationAndAmortization": 0,
    "ebitda": 977605000,
    "ebitdaratio": 0.2946461537,
    "operatingIncome": 784722000,
    "operatingIncomeRatio": 0.2365120054,
    "totalOtherIncomeExpensesNet": 111743000,
    "incomeBeforeTax": 896465000,
    "incomeBeforeTaxRatio": 0.2701908891,
    "incomeTaxExpense": 242046000,
    "netIncome": 654419000,
    "netIncomeRatio": 0.1972392134,
    "eps": 0.42,
    "epsdiluted": 0.42,
    "weightedAverageShsOut": 1548221000,
    "weightedAverageShsOutDil": 1566748000,
    "link": "https://www.sec.gov/Archives/edgar/data/1800/000091205700049202/0000912057-00-049202-index.htm",
    "finalLink": "https://www.sec.gov/Archives/edgar/data/1800/000091205700049202/a2028326z10-q.htm"
  },
  {
    "date": "2000-06-30",
    "symbol": "ABT",
    "reportedCurrency": "USD",
    "cik": "0000001800",
    "fillingDate": "2000-08-03",
    "acceptedDate": "2000-08-03 00:00:00",
    "calendarYear": "2000",
    "period": "Q2",
    "revenue": 3370153000,
    "costOfRevenue": 1530254000,
    "grossProfit": 1839899000,
    "grossProfitRatio": 0.545939309,
    "researchAndDevelopmentExpenses": 361592000,
    "generalAndAdministrativeExpenses": 728943000,
    "sellingAndMarketingExpenses": 0,
    "sellingGeneralAndAdministrativeExpenses": 728943000,
    "otherExpenses": -92203000,
    "operatingExpenses": 998332000,
    "costAndExpenses": 2528586000,
    "interestIncome": 0,
    "interestExpense": 0,
    "depreciationAndAmortization": 263212000,
    "ebitda": 1104779000,
    "ebitdaratio": 0.3278127135,
    "operatingIncome": 841567000,
    "operatingIncomeRatio": 0.2497118083,
    "totalOtherIncomeExpensesNet": 97066000,
    "incomeBeforeTax": 938633000,
    "incomeBeforeTaxRatio": 0.2785134681,
    "incomeTaxExpense": 253431000,
    "netIncome": 685202000,
    "netIncomeRatio": 0.203314805,
    "eps": 0.44,
    "epsdiluted": 0.44,
    "weightedAverageShsOut": 1549864000,
    "weightedAverageShsOutDil": 1566373000,
    "link": "https://www.sec.gov/Archives/edgar/data/1800/000091205700034504/0000912057-00-034504-index.htm",
    "finalLink": "https://www.sec.gov/Archives/edgar/data/1800/000091205700034504/a10-q.txt"
  },
  {
    "date": "2000-03-31",
    "symbol": "ABT",
    "reportedCurrency": "USD",
    "cik": "0000001800",
    "fillingDate": "2000-05-15",
    "acceptedDate": "2000-05-15 00:00:00",
    "calendarYear": "2000",
    "period": "Q1",
    "revenue": 3353178000,
    "costOfRevenue": 1496447000,
    "grossProfit": 1856731000,
    "grossProfitRatio": 0.5537227669,
    "researchAndDevelopmentExpenses": 321367000,
    "generalAndAdministrativeExpenses": 730304000,
    "sellingAndMarketingExpenses": 0,
    "sellingGeneralAndAdministrativeExpenses": 730304000,
    "otherExpenses": -46304000,
    "operatingExpenses": 1005367000,
    "costAndExpenses": 2501814000,
    "interestIncome": 0,
    "interestExpense": 0,
    "depreciationAndAmortization": 172561000,
    "ebitda": 1023925000,
    "ebitdaratio": 0.3053595723,
    "operatingIncome": 851364000,
    "operatingIncomeRatio": 0.2538976458,
    "totalOtherIncomeExpensesNet": 97892000,
    "incomeBeforeTax": 949256000,
    "incomeBeforeTaxRatio": 0.2830914434,
    "incomeTaxExpense": 256299000,
    "netIncome": 692957000,
    "netIncomeRatio": 0.2066567895,
    "eps": 0.45,
    "epsdiluted": 0.44,
    "weightedAverageShsOut": 1548066000,
    "weightedAverageShsOutDil": 1559555000,
    "link": "https://www.sec.gov/Archives/edgar/data/1800/000091205700024277/0000912057-00-024277-index.html",
    "finalLink": "https://www.sec.gov/Archives/edgar/data/1800/000091205700024277/"
  },
  {
    "date": "1999-12-31",
    "symbol": "ABT",
    "reportedCurrency": "USD",
    "cik": "0000001800",
    "fillingDate": "2000-03-14",
    "acceptedDate": "2000-03-14 00:00:00",
    "calendarYear": "1999",
    "period": "Q4",
    "revenue": 3514766000,
    "costOfRevenue": 1532767000,
    "grossProfit": 1981999000,
    "grossProfitRatio": 0.5639063881,
    "researchAndDevelopmentExpenses": 335602000,
    "generalAndAdministrativeExpenses": 805473000,
    "sellingAndMarketingExpenses": 0,
    "sellingGeneralAndAdministrativeExpenses": 805473000,
    "otherExpenses": 0,
    "operatingExpenses": 1141075000,
    "costAndExpenses": 2673842000,
    "interestIncome": 0,
    "interestExpense": 0,
    "depreciationAndAmortization": 196113000,
    "ebitda": 1037037000,
    "ebitdaratio": 0.2950515056,
    "operatingIncome": 840924000,
    "operatingIncomeRatio": 0.2392546189,
    "totalOtherIncomeExpensesNet": 90192000,
    "incomeBeforeTax": 931116000,
    "incomeBeforeTaxRatio": 0.2649155022,
    "incomeTaxExpense": 260713000,
    "netIncome": 670403000,
    "netIncomeRatio": 0.1907390136,
    "eps": 0.43,
    "epsdiluted": 0.43,
    "weightedAverageShsOut": 1548066000,
    "weightedAverageShsOutDil": 1559555000,
    "link": "https://www.sec.gov/Archives/edgar/data/1800/000091205700011377/0000912057-00-011377-index.html",
    "finalLink": "https://www.sec.gov/Archives/edgar/data/1800/000091205700011377/"
  },
  {
    "date": "1999-09-30",
    "symbol": "ABT",
    "reportedCurrency": "USD",
    "cik": "0000001800",
    "fillingDate": "1999-11-08",
    "acceptedDate": "1999-11-08 00:00:00",
    "calendarYear": "1999",
    "period": "Q3",
    "revenue": 3120662000,
    "costOfRevenue": 1584643000,
    "grossProfit": 1536019000,
    "grossProfitRatio": 0.4922093453,
    "researchAndDevelopmentExpenses": 276240000,
    "generalAndAdministrativeExpenses": 683631000,
    "sellingAndMarketingExpenses": 0,
    "sellingGeneralAndAdministrativeExpenses": 683631000,
    "otherExpenses": 0,
    "operatingExpenses": 959871000,
    "costAndExpenses": 2544514000,
    "interestIncome": 0,
    "interestExpense": 0,
    "depreciationAndAmortization": 215753000,
    "ebitda": 795001000,
    "ebitdaratio": 0.2547539593,
    "operatingIncome": 576148000,
    "operatingIncomeRatio": 0.1846236472,
    "totalOtherIncomeExpensesNet": 73962000,
    "incomeBeforeTax": 647398000,
    "incomeBeforeTaxRatio": 0.2074553412,
    "incomeTaxExpense": 181271000,
    "netIncome": 468079000,
    "netIncomeRatio": 0.149993495,
    "eps": 0.3,
    "epsdiluted": 0.3,
    "weightedAverageShsOut": 1536637000,
    "weightedAverageShsOutDil": 1556463000,
    "link": "https://www.sec.gov/Archives/edgar/data/1800/000091205799003812/0000912057-99-003812-index.html",
    "finalLink": "https://www.sec.gov/Archives/edgar/data/1800/000091205799003812/"
  },
  {
    "date": "1999-06-30",
    "symbol": "ABT",
    "reportedCurrency": "USD",
    "cik": "0000001800",
    "fillingDate": "1999-08-13",
    "acceptedDate": "1999-08-13 00:00:00",
    "calendarYear": "1999",
    "period": "Q2",
    "revenue": 3243166000,
    "costOfRevenue": 1410942000,
    "grossProfit": 1832224000,
    "grossProfitRatio": 0.5649491885,
    "researchAndDevelopmentExpenses": 314944000,
    "generalAndAdministrativeExpenses": 687727000,
    "sellingAndMarketingExpenses": 0,
    "sellingGeneralAndAdministrativeExpenses": 687727000,
    "otherExpenses": 0,
    "operatingExpenses": 1002671000,
    "costAndExpenses": 2413613000,
    "interestIncome": 0,
    "interestExpense": 0,
    "depreciationAndAmortization": 204541000,
    "ebitda": 1037701000,
    "ebitdaratio": 0.3199654288,
    "operatingIncome": 829553000,
    "operatingIncomeRatio": 0.2557849336,
    "totalOtherIncomeExpensesNet": 66247000,
    "incomeBeforeTax": 892584000,
    "incomeBeforeTaxRatio": 0.2752199548,
    "incomeTaxExpense": 249924000,
    "netIncome": 645000000,
    "netIncomeRatio": 0.1988797367,
    "eps": 0.42,
    "epsdiluted": 0.41,
    "weightedAverageShsOut": 1535397000,
    "weightedAverageShsOutDil": 1558701000,
    "link": "https://www.sec.gov/Archives/edgar/data/1800/000104746999032006/0001047469-99-032006-index.html",
    "finalLink": "https://www.sec.gov/Archives/edgar/data/1800/000104746999032006/"
  },
  {
    "date": "1999-03-31",
    "symbol": "ABT",
    "reportedCurrency": "USD",
    "cik": "0000001800",
    "fillingDate": "1999-05-14",
    "acceptedDate": "1999-05-14 00:00:00",
    "calendarYear": "1999",
    "period": "Q1",
    "revenue": 3299031000,
    "costOfRevenue": 1448831000,
    "grossProfit": 1850200000,
    "grossProfitRatio": 0.5608313471,
    "researchAndDevelopmentExpenses": 267177000,
    "generalAndAdministrativeExpenses": 680273000,
    "sellingAndMarketingExpenses": 0,
    "sellingGeneralAndAdministrativeExpenses": 680273000,
    "otherExpenses": 0,
    "operatingExpenses": 947450000,
    "costAndExpenses": 2396281000,
    "interestIncome": 0,
    "interestExpense": 0,
    "depreciationAndAmortization": 211599000,
    "ebitda": 1117538000,
    "ebitdaratio": 0.3387473473,
    "operatingIncome": 902750000,
    "operatingIncomeRatio": 0.273640957,
    "totalOtherIncomeExpensesNet": 26004000,
    "incomeBeforeTax": 925790000,
    "incomeBeforeTaxRatio": 0.2806248259,
    "incomeTaxExpense": 259221000,
    "netIncome": 668703000,
    "netIncomeRatio": 0.2026967919,
    "eps": 0.44,
    "epsdiluted": 0.43,
    "weightedAverageShsOut": 1532325000,
    "weightedAverageShsOutDil": 1557431000,
    "link": "https://www.sec.gov/Archives/edgar/data/1800/000104746999020432/0001047469-99-020432-index.html",
    "finalLink": "https://www.sec.gov/Archives/edgar/data/1800/"
  },
  {
    "date": "1998-12-31",
    "symbol": "ABT",
    "reportedCurrency": "USD",
    "cik": "0000001800",
    "fillingDate": "1999-03-09",
    "acceptedDate": "1999-03-09 00:00:00",
    "calendarYear": "1998",
    "period": "Q4",
    "revenue": 3330412000,
    "costOfRevenue": 1441688000,
    "grossProfit": 1888724000,
    "grossProfitRatio": 0.5671142189,
    "researchAndDevelopmentExpenses": 342507000,
    "generalAndAdministrativeExpenses": 714349000,
    "sellingAndMarketingExpenses": 0,
    "sellingGeneralAndAdministrativeExpenses": 714349000,
    "otherExpenses": 0,
    "operatingExpenses": 1056856000,
    "costAndExpenses": 2498544000,
    "interestIncome": 0,
    "interestExpense": 0,
    "depreciationAndAmortization": 193211000,
    "ebitda": 1025079000,
    "ebitdaratio": 0.3077934502,
    "operatingIncome": 831868000,
    "operatingIncomeRatio": 0.2497793066,
    "totalOtherIncomeExpensesNet": 38065000,
    "incomeBeforeTax": 869933000,
    "incomeBeforeTaxRatio": 0.2612088234,
    "incomeTaxExpense": 243582000,
    "netIncome": 626351000,
    "netIncomeRatio": 0.1880701247,
    "eps": 0.41,
    "epsdiluted": 0.41,
    "weightedAverageShsOut": 1517598000,
    "weightedAverageShsOutDil": 1541226000,
    "link": "https://www.sec.gov/Archives/edgar/data/1800/000104746999008952/0001047469-99-008952-index.html",
    "finalLink": "https://www.sec.gov/Archives/edgar/data/1800/"
  },
  {
    "date": "1998-09-30",
    "symbol": "ABT",
    "reportedCurrency": "USD",
    "cik": "0000001800",
    "fillingDate": "1998-11-12",
    "acceptedDate": "1998-11-12 00:00:00",
    "calendarYear": "1998",
    "period": "Q3",
    "revenue": 3035767000,
    "costOfRevenue": 1375010000,
    "grossProfit": 1660757000,
    "grossProfitRatio": 0.5470633945,
    "researchAndDevelopmentExpenses": 292078000,
    "generalAndAdministrativeExpenses": 665202000,
    "sellingAndMarketingExpenses": 0,
    "sellingGeneralAndAdministrativeExpenses": 665202000,
    "otherExpenses": 0,
    "operatingExpenses": 957280000,
    "costAndExpenses": 2332290000,
    "interestIncome": 0,
    "interestExpense": 0,
    "depreciationAndAmortization": 197731000,
    "ebitda": 901200000,
    "ebitdaratio": 0.2968607275,
    "operatingIncome": 703477000,
    "operatingIncomeRatio": 0.2317295761,
    "totalOtherIncomeExpensesNet": 35000000,
    "incomeBeforeTax": 738502000,
    "incomeBeforeTaxRatio": 0.2432670228,
    "incomeTaxExpense": 206780000,
    "netIncome": 531700000,
    "netIncomeRatio": 0.1751451939,
    "eps": 0.35,
    "epsdiluted": 0.34,
    "weightedAverageShsOut": 1520914000,
    "weightedAverageShsOutDil": 1544680000,
    "link": "https://www.sec.gov/Archives/edgar/data/1800/000104746998040228/0001047469-98-040228-index.html",
    "finalLink": "https://www.sec.gov/Archives/edgar/data/1800/"
  },
  {
    "date": "1998-06-30",
    "symbol": "ABT",
    "reportedCurrency": "USD",
    "cik": "0000001800",
    "fillingDate": "1998-08-14",
    "acceptedDate": "1998-08-14 00:00:00",
    "calendarYear": "1998",
    "period": "Q2",
    "revenue": 3066753000,
    "costOfRevenue": 1297770000,
    "grossProfit": 1768983000,
    "grossProfitRatio": 0.5768260437,
    "researchAndDevelopmentExpenses": 307132000,
    "generalAndAdministrativeExpenses": 682162000,
    "sellingAndMarketingExpenses": 0,
    "sellingGeneralAndAdministrativeExpenses": 682162000,
    "otherExpenses": 0,
    "operatingExpenses": 989294000,
    "costAndExpenses": 2287064000,
    "interestIncome": 0,
    "interestExpense": 0,
    "depreciationAndAmortization": 202716000,
    "ebitda": 982390000,
    "ebitdaratio": 0.3203355471,
    "operatingIncome": 779689000,
    "operatingIncomeRatio": 0.2542392557,
    "totalOtherIncomeExpensesNet": 33596000,
    "incomeBeforeTax": 813285000,
    "incomeBeforeTaxRatio": 0.2651941646,
    "incomeTaxExpense": 227720000,
    "netIncome": 585565000,
    "netIncomeRatio": 0.1909397333,
    "eps": 0.38,
    "epsdiluted": 0.38,
    "weightedAverageShsOut": 1524789000,
    "weightedAverageShsOutDil": 1546099000,
    "link": "https://www.sec.gov/Archives/edgar/data/1800/000104746998031438/0001047469-98-031438-index.html",
    "finalLink": "https://www.sec.gov/Archives/edgar/data/1800/"
  },
  {
    "date": "1998-03-31",
    "symbol": "ABT",
    "reportedCurrency": "USD",
    "cik": "0000001800",
    "fillingDate": "1998-05-14",
    "acceptedDate": "1998-05-14 00:00:00",
    "calendarYear": "1998",
    "period": "Q1",
    "revenue": 3044913000,
    "costOfRevenue": 1279973000,
    "grossProfit": 1764940000,
    "grossProfitRatio": 0.5796356086,
    "researchAndDevelopmentExpenses": 279876000,
    "generalAndAdministrativeExpenses": 682175000,
    "sellingAndMarketingExpenses": 0,
    "sellingGeneralAndAdministrativeExpenses": 682175000,
    "otherExpenses": 0,
    "operatingExpenses": 962051000,
    "costAndExpenses": 2242024000,
    "interestIncome": 0,
    "interestExpense": 0,
    "depreciationAndAmortization": 190585000,
    "ebitda": 993400000,
    "ebitdaratio": 0.3262490587,
    "operatingIncome": 802889000,
    "operatingIncomeRatio": 0.2636820822,
    "totalOtherIncomeExpensesNet": 16011000,
    "incomeBeforeTax": 818879000,
    "incomeBeforeTaxRatio": 0.2689334638,
    "incomeTaxExpense": 229286000,
    "netIncome": 589600000,
    "netIncomeRatio": 0.1936344322,
    "eps": 0.39,
    "epsdiluted": 0.38,
    "weightedAverageShsOut": 1511794872,
    "weightedAverageShsOutDil": 1551578947,
    "link": "https://www.sec.gov/Archives/edgar/data/1800/000104746998020300/0001047469-98-020300-index.html",
    "finalLink": "https://www.sec.gov/Archives/edgar/data/1800/"
  },
  {
    "date": "1997-12-31",
    "symbol": "ABT",
    "reportedCurrency": "USD",
    "cik": "0000001800",
    "fillingDate": "1998-03-09",
    "acceptedDate": "1998-03-09 00:00:00",
    "calendarYear": "1997",
    "period": "Q4",
    "revenue": 3118056000,
    "costOfRevenue": 1259462000,
    "grossProfit": 1858594000,
    "grossProfitRatio": 0.5960746055,
    "researchAndDevelopmentExpenses": 375384000,
    "generalAndAdministrativeExpenses": 702292000,
    "sellingAndMarketingExpenses": 0,
    "sellingGeneralAndAdministrativeExpenses": 702292000,
    "otherExpenses": 0,
    "operatingExpenses": 1077676000,
    "costAndExpenses": 2337138000,
    "interestIncome": 0,
    "interestExpense": 0,
    "depreciationAndAmortization": 180710000,
    "ebitda": 961628000,
    "ebitdaratio": 0.3084062634,
    "operatingIncome": 780918000,
    "operatingIncomeRatio": 0.2504502806,
    "totalOtherIncomeExpensesNet": 17192000,
    "incomeBeforeTax": 798110000,
    "incomeBeforeTaxRatio": 0.2559639724,
    "incomeTaxExpense": 231452000,
    "netIncome": 566658000,
    "netIncomeRatio": 0.1817343883,
    "eps": 0.37,
    "epsdiluted": 0.37,
    "weightedAverageShsOut": 1528008000,
    "weightedAverageShsOutDil": 1528008000,
    "link": "https://www.sec.gov/Archives/edgar/data/1800/000104746998009108/0001047469-98-009108-index.html",
    "finalLink": "https://www.sec.gov/Archives/edgar/data/1800/"
  },
  {
    "date": "1997-09-30",
    "symbol": "ABT",
    "reportedCurrency": "USD",
    "cik": "0000001800",
    "fillingDate": "1997-11-13",
    "acceptedDate": "1997-11-13 00:00:00",
    "calendarYear": "1997",
    "period": "Q3",
    "revenue": 2865184000,
    "costOfRevenue": 1241842000,
    "grossProfit": 1623342000,
    "grossProfitRatio": 0.566575131,
    "researchAndDevelopmentExpenses": 326797000,
    "generalAndAdministrativeExpenses": 675062000,
    "sellingAndMarketingExpenses": 0,
    "sellingGeneralAndAdministrativeExpenses": 675062000,
    "otherExpenses": 0,
    "operatingExpenses": 1001859000,
    "costAndExpenses": 2243701000,
    "interestIncome": 0,
    "interestExpense": 0,
    "depreciationAndAmortization": 198608000,
    "ebitda": 820100000,
    "ebitdaratio": 0.2862294359,
    "operatingIncome": 621483000,
    "operatingIncomeRatio": 0.2169085825,
    "totalOtherIncomeExpensesNet": 31900000,
    "incomeBeforeTax": 653460000,
    "incomeBeforeTaxRatio": 0.2280691223,
    "incomeTaxExpense": 182011000,
    "netIncome": 471400000,
    "netIncomeRatio": 0.1645269553,
    "eps": 0.31,
    "epsdiluted": 0.3,
    "weightedAverageShsOut": 1520645161,
    "weightedAverageShsOutDil": 1571333333,
    "link": "https://www.sec.gov/Archives/edgar/data/1800/000104746997004240/0001047469-97-004240-index.html",
    "finalLink": "https://www.sec.gov/Archives/edgar/data/1800/"
  },
  {
    "date": "1997-06-30",
    "symbol": "ABT",
    "reportedCurrency": "USD",
    "cik": "0000001800",
    "fillingDate": "1997-08-12",
    "acceptedDate": "1997-08-12 00:00:00",
    "calendarYear": "1997",
    "period": "Q2",
    "revenue": 2900408000,
    "costOfRevenue": 1217043000,
    "grossProfit": 1683365000,
    "grossProfitRatio": 0.5803890349,
    "researchAndDevelopmentExpenses": 320148000,
    "generalAndAdministrativeExpenses": 651005000,
    "sellingAndMarketingExpenses": 0,
    "sellingGeneralAndAdministrativeExpenses": 651005000,
    "otherExpenses": 0,
    "operatingExpenses": 971153000,
    "costAndExpenses": 2188196000,
    "interestIncome": 0,
    "interestExpense": 0,
    "depreciationAndAmortization": 172360000,
    "ebitda": 884572000,
    "ebitdaratio": 0.3049819198,
    "operatingIncome": 712212000,
    "operatingIncomeRatio": 0.2455557977,
    "totalOtherIncomeExpensesNet": 27546000,
    "incomeBeforeTax": 739758000,
    "incomeBeforeTaxRatio": 0.2550530822,
    "incomeTaxExpense": 218229000,
    "netIncome": 521529000,
    "netIncomeRatio": 0.1798122885,
    "eps": 0.34,
    "epsdiluted": 0.34,
    "weightedAverageShsOut": 1546210000,
    "weightedAverageShsOutDil": 1546210000,
    "link": "https://www.sec.gov/Archives/edgar/data/1800/000091205797027344/0000912057-97-027344-index.html",
    "finalLink": "https://www.sec.gov/Archives/edgar/data/1800/"
  },
  {
    "date": "1997-03-31",
    "symbol": "ABT",
    "reportedCurrency": "USD",
    "cik": "0000001800",
    "fillingDate": "1997-05-13",
    "acceptedDate": "1997-05-13 00:00:00",
    "calendarYear": "1997",
    "period": "Q1",
    "revenue": 2999814000,
    "costOfRevenue": 1327331000,
    "grossProfit": 1672483000,
    "grossProfitRatio": 0.5575289001,
    "researchAndDevelopmentExpenses": 280074000,
    "generalAndAdministrativeExpenses": 656596000,
    "sellingAndMarketingExpenses": 0,
    "sellingGeneralAndAdministrativeExpenses": 656596000,
    "otherExpenses": 0,
    "operatingExpenses": 936670000,
    "costAndExpenses": 2264001000,
    "interestIncome": 0,
    "interestExpense": 0,
    "depreciationAndAmortization": 176076000,
    "ebitda": 911889000,
    "ebitdaratio": 0.3039818469,
    "operatingIncome": 735813000,
    "operatingIncomeRatio": 0.2452862077,
    "totalOtherIncomeExpensesNet": 22805000,
    "incomeBeforeTax": 758618000,
    "incomeBeforeTaxRatio": 0.2528883457,
    "incomeTaxExpense": 223792000,
    "netIncome": 534826000,
    "netIncomeRatio": 0.1782863871,
    "eps": 0.34,
    "epsdiluted": 0.34,
    "weightedAverageShsOut": 1571672000,
    "weightedAverageShsOutDil": 1571672000,
    "link": "https://www.sec.gov/Archives/edgar/data/1800/000091205797017133/0000912057-97-017133-index.html",
    "finalLink": "https://www.sec.gov/Archives/edgar/data/1800/"
  },
  {
    "date": "1996-12-31",
    "symbol": "ABT",
    "reportedCurrency": "USD",
    "cik": "0000001800",
    "fillingDate": "1997-03-11",
    "acceptedDate": "1997-03-11 00:00:00",
    "calendarYear": "1996",
    "period": "Q4",
    "revenue": 2995849000,
    "costOfRevenue": 1254587000,
    "grossProfit": 1741262000,
    "grossProfitRatio": 0.5812248882,
    "researchAndDevelopmentExpenses": 352409000,
    "generalAndAdministrativeExpenses": 673079000,
    "sellingAndMarketingExpenses": 0,
    "sellingGeneralAndAdministrativeExpenses": 673079000,
    "otherExpenses": 0,
    "operatingExpenses": 1025488000,
    "costAndExpenses": 2280075000,
    "interestIncome": 0,
    "interestExpense": 0,
    "depreciationAndAmortization": 178026000,
    "ebitda": 893800000,
    "ebitdaratio": 0.2983461449,
    "operatingIncome": 715774000,
    "operatingIncomeRatio": 0.2389219216,
    "totalOtherIncomeExpensesNet": 8501000,
    "incomeBeforeTax": 724275000,
    "incomeBeforeTaxRatio": 0.2417595146,
    "incomeTaxExpense": 213661000,
    "netIncome": 510614000,
    "netIncomeRatio": 0.1704404995,
    "eps": 0.32,
    "epsdiluted": 0.32,
    "weightedAverageShsOut": 1523997603,
    "weightedAverageShsOutDil": 1571672000,
    "link": "https://www.sec.gov/Archives/edgar/data/1800/000091205797008391/0000912057-97-008391-index.html",
    "finalLink": "https://www.sec.gov/Archives/edgar/data/1800/"
  },
  {
    "date": "1996-09-30",
    "symbol": "ABT",
    "reportedCurrency": "USD",
    "cik": "0000001800",
    "fillingDate": "1996-11-13",
    "acceptedDate": "1996-11-13 00:00:00",
    "calendarYear": "1996",
    "period": "Q3",
    "revenue": 2646194000,
    "costOfRevenue": 1177247000,
    "grossProfit": 1468947000,
    "grossProfitRatio": 0.5551168962,
    "researchAndDevelopmentExpenses": 278970000,
    "generalAndAdministrativeExpenses": 615269000,
    "sellingAndMarketingExpenses": 0,
    "sellingGeneralAndAdministrativeExpenses": 615269000,
    "otherExpenses": 0,
    "operatingExpenses": 894239000,
    "costAndExpenses": 2071486000,
    "interestIncome": 0,
    "interestExpense": 0,
    "depreciationAndAmortization": 188797000,
    "ebitda": 763467000,
    "ebitdaratio": 0.2885151278,
    "operatingIncome": 574708000,
    "operatingIncomeRatio": 0.2171828672,
    "totalOtherIncomeExpensesNet": 22295000,
    "incomeBeforeTax": 597003000,
    "incomeBeforeTaxRatio": 0.2256081754,
    "incomeTaxExpense": 176116000,
    "netIncome": 420887000,
    "netIncomeRatio": 0.1590537202,
    "eps": 0.27,
    "epsdiluted": 0.27,
    "weightedAverageShsOut": 1565830000,
    "weightedAverageShsOutDil": 1565830000,
    "link": "https://www.sec.gov/Archives/edgar/data/1800/000091205796025968/0000912057-96-025968-index.html",
    "finalLink": "https://www.sec.gov/Archives/edgar/data/1800/"
  },
  {
    "date": "1996-06-30",
    "symbol": "ABT",
    "reportedCurrency": "USD",
    "cik": "0000001800",
    "fillingDate": "1996-08-13",
    "acceptedDate": "1996-08-13 00:00:00",
    "calendarYear": "1996",
    "period": "Q2",
    "revenue": 2699240000,
    "costOfRevenue": 1143947000,
    "grossProfit": 1555293000,
    "grossProfitRatio": 0.5761966331,
    "researchAndDevelopmentExpenses": 304846000,
    "generalAndAdministrativeExpenses": 598866000,
    "sellingAndMarketingExpenses": 0,
    "sellingGeneralAndAdministrativeExpenses": 598866000,
    "otherExpenses": 0,
    "operatingExpenses": 903712000,
    "costAndExpenses": 2047659000,
    "interestIncome": 0,
    "interestExpense": 0,
    "depreciationAndAmortization": 155954000,
    "ebitda": 807600000,
    "ebitdaratio": 0.2991953291,
    "operatingIncome": 651581000,
    "operatingIncomeRatio": 0.2413942443,
    "totalOtherIncomeExpensesNet": 15619000,
    "incomeBeforeTax": 667267000,
    "incomeBeforeTaxRatio": 0.2472055097,
    "incomeTaxExpense": 196844000,
    "netIncome": 470400000,
    "netIncomeRatio": 0.1742712764,
    "eps": 0.3,
    "epsdiluted": 0.3,
    "weightedAverageShsOut": 1568000000,
    "weightedAverageShsOutDil": 1568000000,
    "link": "https://www.sec.gov/Archives/edgar/data/1800/000091205796017491/0000912057-96-017491-index.html",
    "finalLink": "https://www.sec.gov/Archives/edgar/data/1800/"
  },
  {
    "date": "1996-03-31",
    "symbol": "ABT",
    "reportedCurrency": "USD",
    "cik": "0000001800",
    "fillingDate": "1996-05-15",
    "acceptedDate": "1996-05-15 00:00:00",
    "calendarYear": "1996",
    "period": "Q1",
    "revenue": 2672177000,
    "costOfRevenue": 1156217000,
    "grossProfit": 1515960000,
    "grossProfitRatio": 0.5673127192,
    "researchAndDevelopmentExpenses": 268616000,
    "generalAndAdministrativeExpenses": 572346000,
    "sellingAndMarketingExpenses": 0,
    "sellingGeneralAndAdministrativeExpenses": 572346000,
    "otherExpenses": 0,
    "operatingExpenses": 840962000,
    "costAndExpenses": 1997179000,
    "interestIncome": 0,
    "interestExpense": 0,
    "depreciationAndAmortization": 163308000,
    "ebitda": 838300000,
    "ebitdaratio": 0.3137142487,
    "operatingIncome": 674998000,
    "operatingIncomeRatio": 0.252602279,
    "totalOtherIncomeExpensesNet": 6002000,
    "incomeBeforeTax": 681005000,
    "incomeBeforeTaxRatio": 0.2548502588,
    "incomeTaxExpense": 200896000,
    "netIncome": 480100000,
    "netIncomeRatio": 0.1796662422,
    "eps": 0.31,
    "epsdiluted": 0.31,
    "weightedAverageShsOut": 1548709677,
    "weightedAverageShsOutDil": 1548709677,
    "link": "https://www.sec.gov/Archives/edgar/data/1800/000091205796009641/0000912057-96-009641-index.html",
    "finalLink": "https://www.sec.gov/Archives/edgar/data/1800/"
  },
  {
    "date": "1995-12-31",
    "symbol": "ABT",
    "reportedCurrency": "USD",
    "cik": "0000001800",
    "fillingDate": "1996-03-11",
    "acceptedDate": "1996-03-11 00:00:00",
    "calendarYear": "1995",
    "period": "Q4",
    "revenue": 2596734000,
    "costOfRevenue": 1080618000,
    "grossProfit": 1516116000,
    "grossProfitRatio": 0.5838549501,
    "researchAndDevelopmentExpenses": 282381000,
    "generalAndAdministrativeExpenses": 577877000,
    "sellingAndMarketingExpenses": 0,
    "sellingGeneralAndAdministrativeExpenses": 577877000,
    "otherExpenses": 0,
    "operatingExpenses": 860258000,
    "costAndExpenses": 1940876000,
    "interestIncome": 0,
    "interestExpense": 0,
    "depreciationAndAmortization": 166929000,
    "ebitda": 822787000,
    "ebitdaratio": 0.3168545565,
    "operatingIncome": 655858000,
    "operatingIncomeRatio": 0.2525703441,
    "totalOtherIncomeExpensesNet": 4234000,
    "incomeBeforeTax": 660092000,
    "incomeBeforeTaxRatio": 0.2542008538,
    "incomeTaxExpense": 194727000,
    "netIncome": 465365000,
    "netIncomeRatio": 0.1792116559,
    "eps": 0.3,
    "epsdiluted": 0.3,
    "weightedAverageShsOut": 1571672000,
    "weightedAverageShsOutDil": 1571672000,
    "link": "https://www.sec.gov/Archives/edgar/data/1800/000091205796004299/0000912057-96-004299-index.html",
    "finalLink": "https://www.sec.gov/Archives/edgar/data/1800/"
  },
  {
    "date": "1995-09-30",
    "symbol": "ABT",
    "reportedCurrency": "USD",
    "cik": "0000001800",
    "fillingDate": "1995-11-14",
    "acceptedDate": "1995-11-14 00:00:00",
    "calendarYear": "1995",
    "period": "Q3",
    "revenue": 2390753000,
    "costOfRevenue": 1070253000,
    "grossProfit": 1320500000,
    "grossProfitRatio": 0.5523364396,
    "researchAndDevelopmentExpenses": 255829000,
    "generalAndAdministrativeExpenses": 521754000,
    "sellingAndMarketingExpenses": 0,
    "sellingGeneralAndAdministrativeExpenses": 521754000,
    "otherExpenses": 0,
    "operatingExpenses": 777583000,
    "costAndExpenses": 1847836000,
    "interestIncome": 0,
    "interestExpense": 0,
    "depreciationAndAmortization": 139208000,
    "ebitda": 682125000,
    "ebitdaratio": 0.2853180567,
    "operatingIncome": 542917000,
    "operatingIncomeRatio": 0.227090377,
    "totalOtherIncomeExpensesNet": -1001000,
    "incomeBeforeTax": 541916000,
    "incomeBeforeTaxRatio": 0.2266716804,
    "incomeTaxExpense": 159865000,
    "netIncome": 382051000,
    "netIncomeRatio": 0.1598036267,
    "eps": 0.24,
    "epsdiluted": 0.24,
    "weightedAverageShsOut": 1594642000,
    "weightedAverageShsOutDil": 1594642000,
    "link": "https://www.sec.gov/Archives/edgar/data/1800/000091205795009918/0000912057-95-009918-index.html",
    "finalLink": "https://www.sec.gov/Archives/edgar/data/1800/"
  }
]