[
  {
    "date": "2024-12-31",
    "symbol": "ABT",
    "reportedCurrency": "USD",
    "cik": "0000001800",
    "fillingDate": "2025-02-21",
    "acceptedDate": "2025-02-21 16:07:20",
    "calendarYear": "2024",
    "period": "FY",
    "revenue": 41950000000,
    "costOfRevenue": 20625000000,
    "grossProfit": 21325000000,
    "grossProfitRatio": 0.5083432658,
    "researchAndDevelopmentExpenses": 2823000000,
    "generalAndAdministrativeExpenses": 0,
    "sellingAndMarketingExpenses": 0,
    "sellingGeneralAndAdministrativeExpenses": 11651000000,
    "otherExpenses": 0,
    "operatingExpenses": 14474000000,
    "costAndExpenses": 35099000000,
    "interestIncome": 344000000,
    "interestExpense": 603000000,
    "depreciationAndAmortization": 3218000000,
    "ebitda": 10834000000,
    "ebitdaratio": 0.2582598331,
    "operatingIncome": 6825000000,
    "operatingIncomeRatio": 0.162693683,
    "totalOtherIncomeExpensesNet": 188000000,
    "incomeBeforeTax": 7013000000,
    "incomeBeforeTaxRatio": 0.1671752086,
    "incomeTaxExpense": -6389000000,
    "netIncome": 13402000000,
    "netIncomeRatio": 0.3194755662,
    "eps": 7.67,
    "epsdiluted": 7.64,
    "weightedAverageShsOut": 1731698000,
    "weightedAverageShsOutDil": 1748000000,
    "link": "https://www.sec.gov/Archives/edgar/data/1800/000162828025007110/0001628280-25-007110-index.htm",
    "finalLink": "https://www.sec.gov/Archives/edgar/data/1800/000162828025007110/abt-20241231.htm"
  },
  {
    "date": "2023-12-31",
    "symbol": "ABT",
    "reportedCurrency": "USD",
    "cik": "0000001800",
    "fillingDate": "2024-02-16",
    "acceptedDate": "2024-02-16 16:15:58",
    "calendarYear": "2023",
    "period": "FY",
    "revenue": 40109000000,
    "costOfRevenue": 20072000000,
    "grossProfit": 20037000000,
    "grossProfitRatio": 0.4995636889,
    "researchAndDevelopmentExpenses": 2719000000,
    "generalAndAdministrativeExpenses": 0,
    "sellingAndMarketingExpenses": 0,
    "sellingGeneralAndAdministrativeExpenses": 10883000000,
    "otherExpenses": 0,
    "operatingExpenses": 13602000000,
    "costAndExpenses": 33674000000,
    "interestIncome": 385000000,
    "interestExpense": 698000000,
    "depreciationAndAmortization": 3243000000,
    "ebitda": 10605000000,
    "ebitdaratio": 0.2644044977,
    "operatingIncome": 6435000000,
    "operatingIncomeRatio": 0.160437807,
    "totalOtherIncomeExpensesNet": 229000000,
    "incomeBeforeTax": 6664000000,
    "incomeBeforeTaxRatio": 0.1661472487,
    "incomeTaxExpense": 941000000,
    "netIncome": 5723000000,
    "netIncomeRatio": 0.1426861802,
    "eps": 3.3,
    "epsdiluted": 3.27,
    "weightedAverageShsOut": 1734076358,
    "weightedAverageShsOutDil": 1749000000,
    "link": "https://www.sec.gov/Archives/edgar/data/1800/000162828024005348/0001628280-24-005348-index.htm",
    "finalLink": "https://www.sec.gov/Archives/edgar/data/1800/000162828024005348/abt-20231231.htm"
  },
  {
    "date": "2022-12-31",
    "symbol": "ABT",
    "reportedCurrency": "USD",
    "cik": "0000001800",
    "fillingDate": "2023-02-17",
    "acceptedDate": "2023-02-17 16:09:44",
    "calendarYear": "2022",
    "period": "FY",
    "revenue": 43653000000,
    "costOfRevenue": 21330000000,
    "grossProfit": 22323000000,
    "grossProfitRatio": 0.5113737887,
    "researchAndDevelopmentExpenses": 2852000000,
    "generalAndAdministrativeExpenses": 0,
    "sellingAndMarketingExpenses": 0,
    "sellingGeneralAndAdministrativeExpenses": 11109000000,
    "otherExpenses": 0,
    "operatingExpenses": 13961000000,
    "costAndExpenses": 35291000000,
    "interestIncome": 183000000,
    "interestExpense": 315000000,
    "depreciationAndAmortization": 3267000000,
    "ebitda": 11888000000,
    "ebitdaratio": 0.2723295077,
    "operatingIncome": 8362000000,
    "operatingIncomeRatio": 0.1915561359,
    "totalOtherIncomeExpensesNet": -56000000,
    "incomeBeforeTax": 8306000000,
    "incomeBeforeTaxRatio": 0.1902732916,
    "incomeTaxExpense": 1373000000,
    "netIncome": 6933000000,
    "netIncomeRatio": 0.1588206996,
    "eps": 3.94,
    "epsdiluted": 3.91,
    "weightedAverageShsOut": 1753000000,
    "weightedAverageShsOutDil": 1764000000,
    "link": "https://www.sec.gov/Archives/edgar/data/1800/000162828023004026/0001628280-23-004026-index.htm",
    "finalLink": "https://www.sec.gov/Archives/edgar/data/1800/000162828023004026/abt-20221231.htm"
  },
  {
    "date": "2021-12-31",
    "symbol": "ABT",
    "reportedCurrency": "USD",
    "cik": "0000001800",
    "fillingDate": "2022-02-18",
    "acceptedDate": "2022-02-18 16:02:57",
    "calendarYear": "2021",
    "period": "FY",
    "revenue": 43075000000,
    "costOfRevenue": 19861000000,
    "grossProfit": 23214000000,
    "grossProfitRatio": 0.5389204875,
    "researchAndDevelopmentExpenses": 2738000000,
    "generalAndAdministrativeExpenses": 0,
    "sellingAndMarketingExpenses": 0,
    "sellingGeneralAndAdministrativeExpenses": 11276000000,
    "otherExpenses": 0,
    "operatingExpenses": 14014000000,
    "costAndExpenses": 33875000000,
    "interestIncome": 43000000,
    "interestExpense": 410000000,
    "depreciationAndAmortization": 3538000000,
    "ebitda": 12159000000,
    "ebitdaratio": 0.2822751016,
    "operatingIncome": 9200000000,
    "operatingIncomeRatio": 0.2135809634,
    "totalOtherIncomeExpensesNet": -989000000,
    "incomeBeforeTax": 8211000000,
    "incomeBeforeTaxRatio": 0.1906210099,
    "incomeTaxExpense": 1140000000,
    "netIncome": 7071000000,
    "netIncomeRatio": 0.1641555427,
    "eps": 3.97,
    "epsdiluted": 3.94,
    "weightedAverageShsOut": 1775000000,
    "weightedAverageShsOutDil": 1789000000,
    "link": "https://www.sec.gov/Archives/edgar/data/1800/000110465922025141/0001104659-22-025141-index.htm",
    "finalLink": "https://www.sec.gov/Archives/edgar/data/1800/000110465922025141/abt-20211231x10k.htm"
  },
  {
    "date": "2020-12-31",
    "symbol": "ABT",
    "reportedCurrency": "USD",
    "cik": "0000001800",
    "fillingDate": "2021-02-19",
    "acceptedDate": "2021-02-19 16:10:04",
    "calendarYear": "2020",
    "period": "FY",
    "revenue": 34608000000,
    "costOfRevenue": 17231000000,
    "grossProfit": 17377000000,
    "grossProfitRatio": 0.5021093389,
    "researchAndDevelopmentExpenses": 2418000000,
    "generalAndAdministrativeExpenses": 0,
    "sellingAndMarketingExpenses": 0,
    "sellingGeneralAndAdministrativeExpenses": 9668000000,
    "otherExpenses": 0,
    "operatingExpenses": 12086000000,
    "costAndExpenses": 29317000000,
    "interestIncome": 46000000,
    "interestExpense": 708000000,
    "depreciationAndAmortization": 3327000000,
    "ebitda": 9003000000,
    "ebitdaratio": 0.2601421637,
    "operatingIncome": 5291000000,
    "operatingIncomeRatio": 0.1528837263,
    "totalOtherIncomeExpensesNet": -323000000,
    "incomeBeforeTax": 4968000000,
    "incomeBeforeTaxRatio": 0.1435506241,
    "incomeTaxExpense": 497000000,
    "netIncome": 4495000000,
    "netIncomeRatio": 0.129883264,
    "eps": 2.52,
    "epsdiluted": 2.5,
    "weightedAverageShsOut": 1773000000,
    "weightedAverageShsOutDil": 1786000000,
    "link": "https://www.sec.gov/Archives/edgar/data/1800/000110465921025751/0001104659-21-025751-index.htm",
    "finalLink": "https://www.sec.gov/Archives/edgar/data/1800/000110465921025751/abt-20201231x10k.htm"
  },
  {
    "date": "2019-12-31",
    "symbol": "ABT",
    "reportedCurrency": "USD",
    "cik": "0000001800",
    "fillingDate": "2020-02-21",
    "acceptedDate": "2020-02-21 16:28:23",
    "calendarYear": "2019",
    "period": "FY",
    "revenue": 31904000000,
    "costOfRevenue": 15211000000,
    "grossProfit": 16693000000,
    "grossProfitRatio": 0.5232259278,
    "researchAndDevelopmentExpenses": 2408000000,
    "generalAndAdministrativeExpenses": 0,
    "sellingAndMarketingExpenses": 0,
    "sellingGeneralAndAdministrativeExpenses": 9694000000,
    "otherExpenses": 0,
    "operatingExpenses": 12102000000,
    "costAndExpenses": 27313000000,
    "interestIncome": 94000000,
    "interestExpense": 818000000,
    "depreciationAndAmortization": 3014000000,
    "ebitda": 7909000000,
    "ebitdaratio": 0.2478999498,
    "operatingIncome": 4591000000,
    "operatingIncomeRatio": 0.1439004514,
    "totalOtherIncomeExpensesNet": -514000000,
    "incomeBeforeTax": 4077000000,
    "incomeBeforeTaxRatio": 0.1277896189,
    "incomeTaxExpense": 390000000,
    "netIncome": 3687000000,
    "netIncomeRatio": 0.1155654463,
    "eps": 2.07,
    "epsdiluted": 2.06,
    "weightedAverageShsOut": 1768000000,
    "weightedAverageShsOutDil": 1781000000,
    "link": "https://www.sec.gov/Archives/edgar/data/1800/000110465920023904/0001104659-20-023904-index.htm",
    "finalLink": "https://www.sec.gov/Archives/edgar/data/1800/000110465920023904/abt-20191231x10k59d41b.htm"
  },
  {
    "date": "2018-12-31",
    "symbol": "ABT",
    "reportedCurrency": "USD",
    "cik": "0000001800",
    "fillingDate": "2019-02-22",
    "acceptedDate": "2019-02-22 16:13:21",
    "calendarYear": "2018",
    "period": "FY",
    "revenue": 30578000000,
    "costOfRevenue": 14755000000,
    "grossProfit": 15823000000,
    "grossProfitRatio": 0.5174635359,
    "researchAndDevelopmentExpenses": 2288000000,
    "generalAndAdministrativeExpenses": 9744000000,
    "sellingAndMarketingExpenses": 0,
    "sellingGeneralAndAdministrativeExpenses": 9691000000,
    "otherExpenses": 0,
    "operatingExpenses": 11979000000,
    "costAndExpenses": 26734000000,
    "interestIncome": 105000000,
    "interestExpense": 729000000,
    "depreciationAndAmortization": 3278000000,
    "ebitda": 6880000000,
    "ebitdaratio": 0.2249983648,
    "operatingIncome": 3844000000,
    "operatingIncomeRatio": 0.1257112957,
    "totalOtherIncomeExpensesNet": -971000000,
    "incomeBeforeTax": 2873000000,
    "incomeBeforeTaxRatio": 0.0939564393,
    "incomeTaxExpense": 539000000,
    "netIncome": 2368000000,
    "netIncomeRatio": 0.0774412977,
    "eps": 1.35,
    "epsdiluted": 1.34,
    "weightedAverageShsOut": 1755619422,
    "weightedAverageShsOutDil": 1770000000,
    "link": "https://www.sec.gov/Archives/edgar/data/1800/000104746919000624/0001047469-19-000624-index.htm",
    "finalLink": "https://www.sec.gov/Archives/edgar/data/1800/000104746919000624/a2237733z10-k.htm"
  },
  {
    "date": "2017-12-31",
    "symbol": "ABT",
    "reportedCurrency": "USD",
    "cik": "0000001800",
    "fillingDate": "2018-02-16",
    "acceptedDate": "2018-02-16 16:04:37",
    "calendarYear": "2017",
    "period": "FY",
    "revenue": 27390000000,
    "costOfRevenue": 14324000000,
    "grossProfit": 13066000000,
    "grossProfitRatio": 0.4770354144,
    "researchAndDevelopmentExpenses": 2130000000,
    "generalAndAdministrativeExpenses": 9117000000,
    "sellingAndMarketingExpenses": 0,
    "sellingGeneralAndAdministrativeExpenses": 8964000000,
    "otherExpenses": 0,
    "operatingExpenses": 11094000000,
    "costAndExpenses": 25418000000,
    "interestIncome": 124000000,
    "interestExpense": 880000000,
    "depreciationAndAmortization": 3021000000,
    "ebitda": 6132000000,
    "ebitdaratio": 0.2238773275,
    "operatingIncome": 1972000000,
    "operatingIncomeRatio": 0.0719970792,
    "totalOtherIncomeExpensesNet": 259000000,
    "incomeBeforeTax": 2231000000,
    "incomeBeforeTaxRatio": 0.0814530851,
    "incomeTaxExpense": 1878000000,
    "netIncome": 477000000,
    "netIncomeRatio": 0.017415115,
    "eps": 0.27,
    "epsdiluted": 0.27,
    "weightedAverageShsOut": 1743602469,
    "weightedAverageShsOutDil": 1749000000,
    "link": "https://www.sec.gov/Archives/edgar/data/1800/000104746918000856/0001047469-18-000856-index.htm",
    "finalLink": "https://www.sec.gov/Archives/edgar/data/1800/000104746918000856/a2234264z10-k.htm"
  },
  {
    "date": "2016-12-31",
    "symbol": "ABT",
    "reportedCurrency": "USD",
    "cik": "0000001800",
    "fillingDate": "2017-02-17",
    "acceptedDate": "2017-02-17 16:17:24",
    "calendarYear": "2016",
    "period": "FY",
    "revenue": 20853000000,
    "costOfRevenue": 9609000000,
    "grossProfit": 11244000000,
    "grossProfitRatio": 0.5392029924,
    "researchAndDevelopmentExpenses": 1358000000,
    "generalAndAdministrativeExpenses": 6672000000,
    "sellingAndMarketingExpenses": 0,
    "sellingGeneralAndAdministrativeExpenses": 6637000000,
    "otherExpenses": 0,
    "operatingExpenses": 7995000000,
    "costAndExpenses": 17604000000,
    "interestIncome": 99000000,
    "interestExpense": 304000000,
    "depreciationAndAmortization": 1353000000,
    "ebitda": 3070000000,
    "ebitdaratio": 0.1472210234,
    "operatingIncome": 3249000000,
    "operatingIncomeRatio": 0.1558049202,
    "totalOtherIncomeExpensesNet": -1836000000,
    "incomeBeforeTax": 1413000000,
    "incomeBeforeTaxRatio": 0.0677600345,
    "incomeTaxExpense": 350000000,
    "netIncome": 1400000000,
    "netIncomeRatio": 0.067136623,
    "eps": 0.95,
    "epsdiluted": 0.94,
    "weightedAverageShsOut": 1472869205,
    "weightedAverageShsOutDil": 1483000000,
    "link": "https://www.sec.gov/Archives/edgar/data/1800/000104746917000744/0001047469-17-000744-index.htm",
    "finalLink": "https://www.sec.gov/Archives/edgar/data/1800/000104746917000744/a2230875z10-k.htm"
  },
  {
    "date": "2015-12-31",
    "symbol": "ABT",
    "reportedCurrency": "USD",
    "cik": "0000001800",
    "fillingDate": "2016-02-19",
    "acceptedDate": "2016-02-19 15:48:41",
    "calendarYear": "2015",
    "period": "FY",
    "revenue": 20405000000,
    "costOfRevenue": 9445000000,
    "grossProfit": 10960000000,
    "grossProfitRatio": 0.5371232541,
    "researchAndDevelopmentExpenses": 1369000000,
    "generalAndAdministrativeExpenses": 6785000000,
    "sellingAndMarketingExpenses": 0,
    "sellingGeneralAndAdministrativeExpenses": 6642000000,
    "otherExpenses": 0,
    "operatingExpenses": 8011000000,
    "costAndExpenses": 17456000000,
    "interestIncome": 105000000,
    "interestExpense": 178000000,
    "depreciationAndAmortization": 1472000000,
    "ebitda": 4833000000,
    "ebitdaratio": 0.2368537123,
    "operatingIncome": 2949000000,
    "operatingIncomeRatio": 0.1445234011,
    "totalOtherIncomeExpensesNet": 234000000,
    "incomeBeforeTax": 3183000000,
    "incomeBeforeTaxRatio": 0.1559911786,
    "incomeTaxExpense": 577000000,
    "netIncome": 4423000000,
    "netIncomeRatio": 0.2167605979,
    "eps": 3,
    "epsdiluted": 2.94,
    "weightedAverageShsOut": 1472665052,
    "weightedAverageShsOutDil": 1506000000,
    "link": "https://www.sec.gov/Archives/edgar/data/1800/000104746916010246/0001047469-16-010246-index.htm",
    "finalLink": "https://www.sec.gov/Archives/edgar/data/1800/000104746916010246/a2227279z10-k.htm"
  },
  {
    "date": "2014-12-31",
    "symbol": "ABT",
    "reportedCurrency": "USD",
    "cik": "0000001800",
    "fillingDate": "2015-02-27",
    "acceptedDate": "2015-02-27 12:57:49",
    "calendarYear": "2014",
    "period": "FY",
    "revenue": 20247000000,
    "costOfRevenue": 9757000000,
    "grossProfit": 10490000000,
    "grossProfitRatio": 0.5181014471,
    "researchAndDevelopmentExpenses": 1286000000,
    "generalAndAdministrativeExpenses": 6530000000,
    "sellingAndMarketingExpenses": 0,
    "sellingGeneralAndAdministrativeExpenses": 6288000000,
    "otherExpenses": 0,
    "operatingExpenses": 7574000000,
    "costAndExpenses": 17331000000,
    "interestIncome": 77000000,
    "interestExpense": 164000000,
    "depreciationAndAmortization": 1473000000,
    "ebitda": 4155000000,
    "ebitdaratio": 0.2052155875,
    "operatingIncome": 2916000000,
    "operatingIncomeRatio": 0.1440213365,
    "totalOtherIncomeExpensesNet": -398000000,
    "incomeBeforeTax": 2518000000,
    "incomeBeforeTaxRatio": 0.1243641033,
    "incomeTaxExpense": 797000000,
    "netIncome": 2284000000,
    "netIncomeRatio": 0.1128068356,
    "eps": 1.51,
    "epsdiluted": 1.5,
    "weightedAverageShsOut": 1508035434,
    "weightedAverageShsOutDil": 1527000000,
    "link": "https://www.sec.gov/Archives/edgar/data/1800/000104746915001377/0001047469-15-001377-index.htm",
    "finalLink": "https://www.sec.gov/Archives/edgar/data/1800/000104746915001377/a2222655z10-k.htm"
  },
  {
    "date": "2013-12-31",
    "symbol": "ABT",
    "reportedCurrency": "USD",
    "cik": "0000001800",
    "fillingDate": "2014-02-21",
    "acceptedDate": "2014-02-21 17:16:35",
    "calendarYear": "2013",
    "period": "FY",
    "revenue": 21848000000,
    "costOfRevenue": 9800000000,
    "grossProfit": 9857000000,
    "grossProfitRatio": 0.4511625778,
    "researchAndDevelopmentExpenses": 1371000000,
    "generalAndAdministrativeExpenses": 6936000000,
    "sellingAndMarketingExpenses": 0,
    "sellingGeneralAndAdministrativeExpenses": 6340000000,
    "otherExpenses": 0,
    "operatingExpenses": 7711000000,
    "costAndExpenses": 17511000000,
    "interestIncome": 67000000,
    "interestExpense": 47000000,
    "depreciationAndAmortization": 1516000000,
    "ebitda": 3604000000,
    "ebitdaratio": 0.1649578909,
    "operatingIncome": 2146000000,
    "operatingIncomeRatio": 0.0982240937,
    "totalOtherIncomeExpensesNet": -105000000,
    "incomeBeforeTax": 2521000000,
    "incomeBeforeTaxRatio": 0.1153881362,
    "incomeTaxExpense": 138000000,
    "netIncome": 2576000000,
    "netIncomeRatio": 0.1179055291,
    "eps": 1.66,
    "epsdiluted": 1.64,
    "weightedAverageShsOut": 1548098286,
    "weightedAverageShsOutDil": 1574000000,
    "link": "https://www.sec.gov/Archives/edgar/data/1800/000104746914001176/0001047469-14-001176-index.htm",
    "finalLink": "https://www.sec.gov/Archives/edgar/data/1800/000104746914001176/a2218043z10-k.htm"
  },
  {
    "date": "2012-12-31",
    "symbol": "ABT",
    "reportedCurrency": "USD",
    "cik": "0000001800",
    "fillingDate": "2013-02-15",
    "acceptedDate": "2013-02-15 15:15:07",
    "calendarYear": "2012",
    "period": "FY",
    "revenue": 39874000000,
    "costOfRevenue": 10640000000,
    "grossProfit": 10854000000,
    "grossProfitRatio": 0.2722074535,
    "researchAndDevelopmentExpenses": 1544000000,
    "generalAndAdministrativeExpenses": 12059495000,
    "sellingAndMarketingExpenses": -495000,
    "sellingGeneralAndAdministrativeExpenses": 7303000000,
    "otherExpenses": 0,
    "operatingExpenses": 8847000000,
    "costAndExpenses": 19487000000,
    "interestIncome": 59000000,
    "interestExpense": 409000000,
    "depreciationAndAmortization": 2783207000,
    "ebitda": 3496000000,
    "ebitdaratio": 0.08767618,
    "operatingIncome": 2007000000,
    "operatingIncomeRatio": 0.0503335507,
    "totalOtherIncomeExpensesNet": -1702000000,
    "incomeBeforeTax": 6263000000,
    "incomeBeforeTaxRatio": 0.1570697698,
    "incomeTaxExpense": 300000000,
    "netIncome": 5963000000,
    "netIncomeRatio": 0.1495460701,
    "eps": 3.78,
    "epsdiluted": 3.75,
    "weightedAverageShsOut": 1576667492,
    "weightedAverageShsOutDil": 1592000000,
    "link": "https://www.sec.gov/Archives/edgar/data/1800/000104746913001180/0001047469-13-001180-index.htm",
    "finalLink": "https://www.sec.gov/Archives/edgar/data/1800/000104746913001180/a2212523z10-k.htm"
  },
  {
    "date": "2011-12-31",
    "symbol": "ABT",
    "reportedCurrency": "USD",
    "cik": "0000001800",
    "fillingDate": "2012-02-21",
    "acceptedDate": "2012-02-21 15:11:18",
    "calendarYear": "2011",
    "period": "FY",
    "revenue": 38851000000,
    "costOfRevenue": 15410580000,
    "grossProfit": 23440679000,
    "grossProfitRatio": 0.6033481506,
    "researchAndDevelopmentExpenses": 4060414000,
    "generalAndAdministrativeExpenses": 12756817000,
    "sellingAndMarketingExpenses": -817000,
    "sellingGeneralAndAdministrativeExpenses": 12538817000,
    "otherExpenses": 0,
    "operatingExpenses": 16599231000,
    "costAndExpenses": 32009811000,
    "interestIncome": 85196000,
    "interestExpense": 1018141000,
    "depreciationAndAmortization": 3043894000,
    "ebitda": 9260677000,
    "ebitdaratio": 0.2383639289,
    "operatingIncome": 6841448000,
    "operatingIncomeRatio": 0.1760945149,
    "totalOtherIncomeExpensesNet": -1642806000,
    "incomeBeforeTax": 5199000000,
    "incomeBeforeTaxRatio": 0.1338189493,
    "incomeTaxExpense": 470000000,
    "netIncome": 4728000000,
    "netIncomeRatio": 0.1216957092,
    "eps": 3.01,
    "epsdiluted": 3.01,
    "weightedAverageShsOut": 1570378819,
    "weightedAverageShsOutDil": 1570378819,
    "link": "https://www.sec.gov/Archives/edgar/data/1800/000104746912001216/0001047469-12-001216-index.htm",
    "finalLink": "https://www.sec.gov/Archives/edgar/data/1800/000104746912001216/a2207147z10-k.htm"
  },
  {
    "date": "2010-12-31",
    "symbol": "ABT",
    "reportedCurrency": "USD",
    "cik": "0000001800",
    "fillingDate": "2011-02-18",
    "acceptedDate": "2011-02-18 15:03:18",
    "calendarYear": "2010",
    "period": "FY",
    "revenue": 35167000000,
    "costOfRevenue": 14573192000,
    "grossProfit": 20593529000,
    "grossProfitRatio": 0.5855924304,
    "researchAndDevelopmentExpenses": 3572424000,
    "generalAndAdministrativeExpenses": 10376324000,
    "sellingAndMarketingExpenses": -324000,
    "sellingGeneralAndAdministrativeExpenses": 9970324000,
    "otherExpenses": 0,
    "operatingExpenses": 13542748000,
    "costAndExpenses": 28115940000,
    "interestIncome": 105453000,
    "interestExpense": 801135000,
    "depreciationAndAmortization": 2624305000,
    "ebitda": 9138274000,
    "ebitdaratio": 0.2598536696,
    "operatingIncome": 7050781000,
    "operatingIncomeRatio": 0.2004942418,
    "totalOtherIncomeExpensesNet": -1337947000,
    "incomeBeforeTax": 5713000000,
    "incomeBeforeTaxRatio": 0.1624534365,
    "incomeTaxExpense": 1087000000,
    "netIncome": 4626172000,
    "netIncomeRatio": 0.1315486678,
    "eps": 2.99,
    "epsdiluted": 2.97,
    "weightedAverageShsOut": 1546983948,
    "weightedAverageShsOutDil": 1556000000,
    "link": "https://www.sec.gov/Archives/edgar/data/1800/000104746911001056/0001047469-11-001056-index.htm",
    "finalLink": "https://www.sec.gov/Archives/edgar/data/1800/000104746911001056/a2201962z10-k.htm"
  },
  {
    "date": "2009-12-31",
    "symbol": "ABT",
    "reportedCurrency": "USD",
    "cik": "0000001800",
    "fillingDate": "2010-02-19",
    "acceptedDate": "2010-02-19 16:05:52",
    "calendarYear": "2009",
    "period": "FY",
    "revenue": 30765000000,
    "costOfRevenue": 13145329000,
    "grossProfit": 17619378000,
    "grossProfitRatio": 0.5727085324,
    "researchAndDevelopmentExpenses": 2743733000,
    "generalAndAdministrativeExpenses": 8405904000,
    "sellingAndMarketingExpenses": 96000,
    "sellingGeneralAndAdministrativeExpenses": 8304904000,
    "otherExpenses": 0,
    "operatingExpenses": 11048637000,
    "costAndExpenses": 24193966000,
    "interestIncome": 137779000,
    "interestExpense": 210656000,
    "depreciationAndAmortization": 2089510000,
    "ebitda": 9493940000,
    "ebitdaratio": 0.3085954819,
    "operatingIncome": 6570741000,
    "operatingIncomeRatio": 0.2135784495,
    "totalOtherIncomeExpensesNet": 623033000,
    "incomeBeforeTax": 7194000000,
    "incomeBeforeTaxRatio": 0.2338371526,
    "incomeTaxExpense": 1448000000,
    "netIncome": 5745838000,
    "netIncomeRatio": 0.1867654152,
    "eps": 3.72,
    "epsdiluted": 3.7,
    "weightedAverageShsOut": 1546493000,
    "weightedAverageShsOutDil": 1555000000,
    "link": "https://www.sec.gov/Archives/edgar/data/1800/000104746910001018/0001047469-10-001018-index.htm",
    "finalLink": "https://www.sec.gov/Archives/edgar/data/1800/000104746910001018/a2196380z10-k.htm"
  },
  {
    "date": "2008-12-31",
    "symbol": "ABT",
    "reportedCurrency": "USD",
    "cik": "0000001800",
    "fillingDate": "2009-02-20",
    "acceptedDate": "2009-02-20 16:44:22",
    "calendarYear": "2008",
    "period": "FY",
    "revenue": 29527552000,
    "costOfRevenue": 12483022000,
    "grossProfit": 17044530000,
    "grossProfitRatio": 0.5772415539,
    "researchAndDevelopmentExpenses": 2688811000,
    "generalAndAdministrativeExpenses": 8435624000,
    "sellingAndMarketingExpenses": 0,
    "sellingGeneralAndAdministrativeExpenses": 8266624000,
    "otherExpenses": 0,
    "operatingExpenses": 10955435000,
    "costAndExpenses": 23438457000,
    "interestIncome": 201229000,
    "interestExpense": 528474000,
    "depreciationAndAmortization": 1838829000,
    "ebitda": 8223589000,
    "ebitdaratio": 0.278505614,
    "operatingIncome": 6089095000,
    "operatingIncomeRatio": 0.2062173999,
    "totalOtherIncomeExpensesNet": -232809000,
    "incomeBeforeTax": 5856286000,
    "incomeBeforeTaxRatio": 0.1983329333,
    "incomeTaxExpense": 1122070000,
    "netIncome": 4880719000,
    "netIncomeRatio": 0.165293723,
    "eps": 3.16,
    "epsdiluted": 3.13,
    "weightedAverageShsOut": 1543605000,
    "weightedAverageShsOutDil": 1560753000,
    "link": "https://www.sec.gov/Archives/edgar/data/1800/000104746909001642/0001047469-09-001642-index.htm",
    "finalLink": "https://www.sec.gov/Archives/edgar/data/1800/000104746909001642/a2188623z10-k.htm"
  },
  {
    "date": "2007-12-31",
    "symbol": "ABT",
    "reportedCurrency": "USD",
    "cik": "0000001800",
    "fillingDate": "2008-02-19",
    "acceptedDate": "2008-02-19 17:08:18",
    "calendarYear": "2007",
    "period": "FY",
    "revenue": 25914238000,
    "costOfRevenue": 11328046000,
    "grossProfit": 14586192000,
    "grossProfitRatio": 0.5628640132,
    "researchAndDevelopmentExpenses": 2402649000,
    "generalAndAdministrativeExpenses": 7407998000,
    "sellingAndMarketingExpenses": 0,
    "sellingGeneralAndAdministrativeExpenses": 7237998000,
    "otherExpenses": 0,
    "operatingExpenses": 9640647000,
    "costAndExpenses": 20968693000,
    "interestIncome": 136752000,
    "interestExpense": 593142000,
    "depreciationAndAmortization": 1854886000,
    "ebitda": 6917676000,
    "ebitdaratio": 0.2669449899,
    "operatingIncome": 4945545000,
    "operatingIncomeRatio": 0.1908427715,
    "totalOtherIncomeExpensesNet": -475897000,
    "incomeBeforeTax": 4469648000,
    "incomeBeforeTaxRatio": 0.1724784653,
    "incomeTaxExpense": 863334000,
    "netIncome": 3606314000,
    "netIncomeRatio": 0.1391634205,
    "eps": 2.34,
    "epsdiluted": 2.31,
    "weightedAverageShsOut": 1543082000,
    "weightedAverageShsOutDil": 1560057000,
    "link": "https://www.sec.gov/Archives/edgar/data/1800/000104746908001480/0001047469-08-001480-index.htm",
    "finalLink": "https://www.sec.gov/Archives/edgar/data/1800/000104746908001480/a2182445z10-k.htm"
  },
  {
    "date": "2006-12-31",
    "symbol": "ABT",
    "reportedCurrency": "USD",
    "cik": "0000001800",
    "fillingDate": "2007-02-23",
    "acceptedDate": "2007-02-23 16:39:34",
    "calendarYear": "2006",
    "period": "FY",
    "revenue": 22476322000,
    "costOfRevenue": 9634147000,
    "grossProfit": 12842175000,
    "grossProfitRatio": 0.5713646121,
    "researchAndDevelopmentExpenses": 2226271000,
    "generalAndAdministrativeExpenses": 6349685000,
    "sellingAndMarketingExpenses": 0,
    "sellingGeneralAndAdministrativeExpenses": 6279685000,
    "otherExpenses": 0,
    "operatingExpenses": 8505956000,
    "costAndExpenses": 18140103000,
    "interestIncome": 0,
    "interestExpense": 416172000,
    "depreciationAndAmortization": 1558750000,
    "ebitda": 4251292000,
    "ebitdaratio": 0.1891453593,
    "operatingIncome": 4336219000,
    "operatingIncomeRatio": 0.1929238689,
    "totalOtherIncomeExpensesNet": -2059849000,
    "incomeBeforeTax": 2276370000,
    "incomeBeforeTaxRatio": 0.1012785811,
    "incomeTaxExpense": 559615000,
    "netIncome": 1716755000,
    "netIncomeRatio": 0.0763806018,
    "eps": 1.12,
    "epsdiluted": 1.12,
    "weightedAverageShsOut": 1529848000,
    "weightedAverageShsOutDil": 1536724000,
    "link": "https://www.sec.gov/Archives/edgar/data/1800/000110465907013496/0001104659-07-013496-index.htm",
    "finalLink": "https://www.sec.gov/Archives/edgar/data/1800/000110465907013496/a07-1583_110k.htm"
  },
  {
    "date": "2005-12-31",
    "symbol": "ABT",
    "reportedCurrency": "USD",
    "cik": "0000001800",
    "fillingDate": "2006-02-22",
    "acceptedDate": "2006-02-22 10:36:20",
    "calendarYear": "2005",
    "period": "FY",
    "revenue": 22337808000,
    "costOfRevenue": 10467111000,
    "grossProfit": 11870697000,
    "grossProfitRatio": 0.5314172725,
    "researchAndDevelopmentExpenses": 1811175000,
    "generalAndAdministrativeExpenses": 5496123000,
    "sellingAndMarketingExpenses": 0,
    "sellingGeneralAndAdministrativeExpenses": 5410123000,
    "otherExpenses": 0,
    "operatingExpenses": 7221298000,
    "costAndExpenses": 17688409000,
    "interestIncome": 0,
    "interestExpense": 241355000,
    "depreciationAndAmortization": 1358939000,
    "ebitda": 6220214000,
    "ebitdaratio": 0.2784612528,
    "operatingIncome": 4649399000,
    "operatingIncomeRatio": 0.2081403421,
    "totalOtherIncomeExpensesNet": -29479000,
    "incomeBeforeTax": 4619920000,
    "incomeBeforeTaxRatio": 0.2068206513,
    "incomeTaxExpense": 1247855000,
    "netIncome": 3372065000,
    "netIncomeRatio": 0.1509577395,
    "eps": 2.17,
    "epsdiluted": 2.16,
    "weightedAverageShsOut": 1552457000,
    "weightedAverageShsOutDil": 1564103000,
    "link": "https://www.sec.gov/Archives/edgar/data/1800/000104746906002258/0001047469-06-002258-index.htm",
    "finalLink": "https://www.sec.gov/Archives/edgar/data/1800/000104746906002258/a2167223z10-k.htm"
  },
  {
    "date": "2004-12-31",
    "symbol": "ABT",
    "reportedCurrency": "USD",
    "cik": "0000001800",
    "fillingDate": "2005-03-02",
    "acceptedDate": "2005-03-02 12:47:10",
    "calendarYear": "2004",
    "period": "FY",
    "revenue": 19680016000,
    "costOfRevenue": 8884157000,
    "grossProfit": 10795859000,
    "grossProfitRatio": 0.5485696251,
    "researchAndDevelopmentExpenses": 1696753000,
    "generalAndAdministrativeExpenses": 4921780000,
    "sellingAndMarketingExpenses": 0,
    "sellingGeneralAndAdministrativeExpenses": 4921780000,
    "otherExpenses": 0,
    "operatingExpenses": 6618533000,
    "costAndExpenses": 15502690000,
    "interestIncome": 0,
    "interestExpense": 200206000,
    "depreciationAndAmortization": 1288700000,
    "ebitda": 5614506000,
    "ebitdaratio": 0.2852897071,
    "operatingIncome": 4177326000,
    "operatingIncomeRatio": 0.2122623274,
    "totalOtherIncomeExpensesNet": -51726000,
    "incomeBeforeTax": 4125600000,
    "incomeBeforeTaxRatio": 0.2096339759,
    "incomeTaxExpense": 949764000,
    "netIncome": 3235851000,
    "netIncomeRatio": 0.1644231895,
    "eps": 2.07,
    "epsdiluted": 2.06,
    "weightedAverageShsOut": 1560557000,
    "weightedAverageShsOutDil": 1570611000,
    "link": "https://www.sec.gov/Archives/edgar/data/1800/000104746905005185/0001047469-05-005185-index.htm",
    "finalLink": "https://www.sec.gov/Archives/edgar/data/1800/000104746905005185/a2149332z10-k.htm"
  },
  {
    "date": "2003-12-31",
    "symbol": "ABT",
    "reportedCurrency": "USD",
    "cik": "0000001800",
    "fillingDate": "2004-02-25",
    "acceptedDate": "2004-02-24 18:50:37",
    "calendarYear": "2003",
    "period": "FY",
    "revenue": 19680561000,
    "costOfRevenue": 9473416000,
    "grossProfit": 10207145000,
    "grossProfitRatio": 0.5186409574,
    "researchAndDevelopmentExpenses": 1733472000,
    "generalAndAdministrativeExpenses": 5050901000,
    "sellingAndMarketingExpenses": 0,
    "sellingGeneralAndAdministrativeExpenses": 5050901000,
    "otherExpenses": 0,
    "operatingExpenses": 6784373000,
    "costAndExpenses": 14306321000,
    "interestIncome": 0,
    "interestExpense": 146123000,
    "depreciationAndAmortization": 1127439000,
    "ebitda": 4201691000,
    "ebitdaratio": 0.213494473,
    "operatingIncome": 2974012000,
    "operatingIncomeRatio": 0.1511141883,
    "totalOtherIncomeExpensesNet": 411885000,
    "incomeBeforeTax": 3734417000,
    "incomeBeforeTaxRatio": 0.1897515523,
    "incomeTaxExpense": 981184000,
    "netIncome": 2753233000,
    "netIncomeRatio": 0.1398960629,
    "eps": 1.76,
    "epsdiluted": 1.75,
    "weightedAverageShsOut": 1562815000,
    "weightedAverageShsOutDil": 1571869000,
    "link": "https://www.sec.gov/Archives/edgar/data/1800/000104746904005498/0001047469-04-005498-index.htm",
    "finalLink": "https://www.sec.gov/Archives/edgar/data/1800/000104746904005498/a2127912z10-k.htm"
  },
  {
    "date": "2002-12-31",
    "symbol": "ABT",
    "reportedCurrency": "USD",
    "cik": "0000001800",
    "fillingDate": "2003-02-19",
    "acceptedDate": "2003-02-19 17:23:33",
    "calendarYear": "2002",
    "period": "FY",
    "revenue": 17684663000,
    "costOfRevenue": 8506254000,
    "grossProfit": 9178409000,
    "grossProfitRatio": 0.5190038962,
    "researchAndDevelopmentExpenses": 1561792000,
    "generalAndAdministrativeExpenses": 3978776000,
    "sellingAndMarketingExpenses": 0,
    "sellingGeneralAndAdministrativeExpenses": 3978776000,
    "otherExpenses": 0,
    "operatingExpenses": 5540568000,
    "costAndExpenses": 12127593000,
    "interestIncome": 0,
    "interestExpense": 205220000,
    "depreciationAndAmortization": 1043623000,
    "ebitda": 4303267000,
    "ebitdaratio": 0.243333277,
    "operatingIncome": 3151944000,
    "operatingIncomeRatio": 0.1782303683,
    "totalOtherIncomeExpensesNet": 143272000,
    "incomeBeforeTax": 3673413000,
    "incomeBeforeTaxRatio": 0.2077174442,
    "incomeTaxExpense": 879710000,
    "netIncome": 2793703000,
    "netIncomeRatio": 0.157973211,
    "eps": 1.79,
    "epsdiluted": 1.78,
    "weightedAverageShsOut": 1560956000,
    "weightedAverageShsOutDil": 1573293000,
    "link": "https://www.sec.gov/Archives/edgar/data/1800/000104746903006107/0001047469-03-006107-index.htm",
    "finalLink": "https://www.sec.gov/Archives/edgar/data/1800/000104746903006107/a2102588z10-k.htm"
  },
  {
    "date": "2001-12-31",
    "symbol": "ABT",
    "reportedCurrency": "USD",
    "cik": "0000001800",
    "fillingDate": "2002-02-21",
    "acceptedDate": "2002-02-21 00:00:00",
    "calendarYear": "2001",
    "period": "FY",
    "revenue": 16285246000,
    "costOfRevenue": 7748382000,
    "grossProfit": 8536864000,
    "grossProfitRatio": 0.5242084768,
    "researchAndDevelopmentExpenses": 1577552000,
    "generalAndAdministrativeExpenses": 3734880000,
    "sellingAndMarketingExpenses": 0,
    "sellingGeneralAndAdministrativeExpenses": 3734880000,
    "otherExpenses": 0,
    "operatingExpenses": 6642832000,
    "costAndExpenses": 14391214000,
    "interestIncome": 0,
    "interestExpense": 234759000000,
    "depreciationAndAmortization": 1168018000,
    "ebitda": 4392450000,
    "ebitdaratio": 0.2697195977,
    "operatingIncome": 1894032000,
    "operatingIncomeRatio": 0.1163035548,
    "totalOtherIncomeExpensesNet": -10884000,
    "incomeBeforeTax": 1883148000,
    "incomeBeforeTaxRatio": 0.1156352198,
    "incomeTaxExpense": 332758000,
    "netIncome": 1550390000,
    "netIncomeRatio": 0.0952021234,
    "eps": 1,
    "epsdiluted": 0.99,
    "weightedAverageShsOut": 1550390000,
    "weightedAverageShsOutDil": 1566050505,
    "link": "https://www.sec.gov/Archives/edgar/data/1800/000091205702007043/0000912057-02-007043-index.htm",
    "finalLink": "https://www.sec.gov/Archives/edgar/data/1800/000091205702007043/a2066561z10-k405.htm"
  },
  {
    "date": "2000-12-31",
    "symbol": "ABT",
    "reportedCurrency": "USD",
    "cik": "0000001800",
    "fillingDate": "2001-02-15",
    "acceptedDate": "2001-02-15 00:00:00",
    "calendarYear": "2000",
    "period": "FY",
    "revenue": 13745916000,
    "costOfRevenue": 6238646000,
    "grossProfit": 7507270000,
    "grossProfitRatio": 0.5461454879,
    "researchAndDevelopmentExpenses": 1351024000,
    "generalAndAdministrativeExpenses": 2894178000,
    "sellingAndMarketingExpenses": 0,
    "sellingGeneralAndAdministrativeExpenses": 2894178000,
    "otherExpenses": 0,
    "operatingExpenses": 4245202000,
    "costAndExpenses": 10345341000,
    "interestIncome": 0,
    "interestExpense": 23221000,
    "depreciationAndAmortization": 827431000,
    "ebitda": 4228006000,
    "ebitdaratio": 0.3075827031,
    "operatingIncome": 3400575000,
    "operatingIncomeRatio": 0.2473880242,
    "totalOtherIncomeExpensesNet": 415832000,
    "incomeBeforeTax": 3816407000,
    "incomeBeforeTaxRatio": 0.2776393367,
    "incomeTaxExpense": 1030430000,
    "netIncome": 2785977000,
    "netIncomeRatio": 0.2026767078,
    "eps": 1.8,
    "epsdiluted": 1.78,
    "weightedAverageShsOut": 1548015000,
    "weightedAverageShsOutDil": 1565579000,
    "link": "https://www.sec.gov/Archives/edgar/data/1800/000091205701006039/0000912057-01-006039-index.htm",
    "finalLink": "https://www.sec.gov/Archives/edgar/data/1800/000091205701006039/a2035109z10-k.htm"
  },
  {
    "date": "1999-12-31",
    "symbol": "ABT",
    "reportedCurrency": "USD",
    "cik": "0000001800",
    "fillingDate": "2000-03-14",
    "acceptedDate": "2000-03-14 00:00:00",
    "calendarYear": "1999",
    "period": "FY",
    "revenue": 13177625000,
    "costOfRevenue": 5977183000,
    "grossProfit": 7200442000,
    "grossProfitRatio": 0.5464142438,
    "researchAndDevelopmentExpenses": 1193963000,
    "generalAndAdministrativeExpenses": 2857104000,
    "sellingAndMarketingExpenses": 0,
    "sellingGeneralAndAdministrativeExpenses": 2857104000,
    "otherExpenses": 0,
    "operatingExpenses": 4051067000,
    "costAndExpenses": 10028250000,
    "interestIncome": 0,
    "interestExpense": 0,
    "depreciationAndAmortization": 828006000,
    "ebitda": 3977300000,
    "ebitdaratio": 0.3018222176,
    "operatingIncome": 3149375000,
    "operatingIncomeRatio": 0.2389941283,
    "totalOtherIncomeExpensesNet": 247525000,
    "incomeBeforeTax": 3396888000,
    "incomeBeforeTaxRatio": 0.2577769515,
    "incomeTaxExpense": 951129000,
    "netIncome": 2445800000,
    "netIncomeRatio": 0.1856024891,
    "eps": 1.59,
    "epsdiluted": 1.57,
    "weightedAverageShsOut": 1536762000,
    "weightedAverageShsOutDil": 1557655000,
    "link": "https://www.sec.gov/Archives/edgar/data/1800/000091205700011377/0000912057-00-011377-index.html",
    "finalLink": "https://www.sec.gov/Archives/edgar/data/1800/000091205700011377/"
  },
  {
    "date": "1998-12-31",
    "symbol": "ABT",
    "reportedCurrency": "USD",
    "cik": "0000001800",
    "fillingDate": "1999-03-09",
    "acceptedDate": "1999-03-09 00:00:00",
    "calendarYear": "1998",
    "period": "FY",
    "revenue": 12477845000,
    "costOfRevenue": 5394441000,
    "grossProfit": 7083404000,
    "grossProfitRatio": 0.5676784733,
    "researchAndDevelopmentExpenses": 1221593000,
    "generalAndAdministrativeExpenses": 2743888000,
    "sellingAndMarketingExpenses": 0,
    "sellingGeneralAndAdministrativeExpenses": 2743888000,
    "otherExpenses": 0,
    "operatingExpenses": 3965481000,
    "costAndExpenses": 9359922000,
    "interestIncome": 0,
    "interestExpense": 0,
    "depreciationAndAmortization": 784243000,
    "ebitda": 3903800000,
    "ebitdaratio": 0.3128585104,
    "operatingIncome": 3117923000,
    "operatingIncomeRatio": 0.2498767215,
    "totalOtherIncomeExpensesNet": 123977000,
    "incomeBeforeTax": 3240599000,
    "incomeBeforeTaxRatio": 0.2597082269,
    "incomeTaxExpense": 907368000,
    "netIncome": 2334400000,
    "netIncomeRatio": 0.1870835869,
    "eps": 1.52,
    "epsdiluted": 1.49,
    "weightedAverageShsOut": 1537242000,
    "weightedAverageShsOutDil": 1560958000,
    "link": "https://www.sec.gov/Archives/edgar/data/1800/000104746999008952/0001047469-99-008952-index.html",
    "finalLink": "https://www.sec.gov/Archives/edgar/data/1800/"
  },
  {
    "date": "1997-12-31",
    "symbol": "ABT",
    "reportedCurrency": "USD",
    "cik": "0000001800",
    "fillingDate": "1998-03-09",
    "acceptedDate": "1998-03-09 00:00:00",
    "calendarYear": "1997",
    "period": "FY",
    "revenue": 11883462000,
    "costOfRevenue": 5045678000,
    "grossProfit": 6837784000,
    "grossProfitRatio": 0.5754033631,
    "researchAndDevelopmentExpenses": 1302403000,
    "generalAndAdministrativeExpenses": 2684955000,
    "sellingAndMarketingExpenses": 0,
    "sellingGeneralAndAdministrativeExpenses": 2684955000,
    "otherExpenses": 0,
    "operatingExpenses": 3987358000,
    "costAndExpenses": 9033036000,
    "interestIncome": 0,
    "interestExpense": 0,
    "depreciationAndAmortization": 727754000,
    "ebitda": 3562900000,
    "ebitdaratio": 0.2998200356,
    "operatingIncome": 2850426000,
    "operatingIncomeRatio": 0.2398649484,
    "totalOtherIncomeExpensesNet": 84174000,
    "incomeBeforeTax": 2949946000,
    "incomeBeforeTaxRatio": 0.2482396123,
    "incomeTaxExpense": 855484000,
    "netIncome": 2079100000,
    "netIncomeRatio": 0.1749574324,
    "eps": 1.35,
    "epsdiluted": 1.33,
    "weightedAverageShsOut": 1551567164,
    "weightedAverageShsOutDil": 1575075758,
    "link": "https://www.sec.gov/Archives/edgar/data/1800/000104746998009108/0001047469-98-009108-index.html",
    "finalLink": "https://www.sec.gov/Archives/edgar/data/1800/"
  },
  {
    "date": "1996-12-31",
    "symbol": "ABT",
    "reportedCurrency": "USD",
    "cik": "0000001800",
    "fillingDate": "1997-03-11",
    "acceptedDate": "1997-03-11 00:00:00",
    "calendarYear": "1996",
    "period": "FY",
    "revenue": 11013460000,
    "costOfRevenue": 4731998000,
    "grossProfit": 6281462000,
    "grossProfitRatio": 0.5703441062,
    "researchAndDevelopmentExpenses": 1204841000,
    "generalAndAdministrativeExpenses": 2459560000,
    "sellingAndMarketingExpenses": 0,
    "sellingGeneralAndAdministrativeExpenses": 2459560000,
    "otherExpenses": 0,
    "operatingExpenses": 3664401000,
    "costAndExpenses": 8396399000,
    "interestIncome": 0,
    "interestExpense": 0,
    "depreciationAndAmortization": 686085000,
    "ebitda": 3303200000,
    "ebitdaratio": 0.2999239113,
    "operatingIncome": 2617061000,
    "operatingIncomeRatio": 0.2376238712,
    "totalOtherIncomeExpensesNet": 52439000,
    "incomeBeforeTax": 2669550000,
    "incomeBeforeTaxRatio": 0.2423897667,
    "incomeTaxExpense": 787517000,
    "netIncome": 1882000000,
    "netIncomeRatio": 0.1708818119,
    "eps": 1.21,
    "epsdiluted": 1.19,
    "weightedAverageShsOut": 1555371901,
    "weightedAverageShsOutDil": 1581512605,
    "link": "https://www.sec.gov/Archives/edgar/data/1800/000091205797008391/0000912057-97-008391-index.html",
    "finalLink": "https://www.sec.gov/Archives/edgar/data/1800/"
  },
  {
    "date": "1995-12-31",
    "symbol": "ABT",
    "reportedCurrency": "USD",
    "cik": "0000001800",
    "fillingDate": "1996-03-11",
    "acceptedDate": "1996-03-11 00:00:00",
    "calendarYear": "1995",
    "period": "FY",
    "revenue": 10012194000,
    "costOfRevenue": 4325805000,
    "grossProfit": 5686389000,
    "grossProfitRatio": 0.5679463462,
    "researchAndDevelopmentExpenses": 1072745000,
    "generalAndAdministrativeExpenses": 2230740000,
    "sellingAndMarketingExpenses": 0,
    "sellingGeneralAndAdministrativeExpenses": 2230740000,
    "otherExpenses": 0,
    "operatingExpenses": 3303485000,
    "costAndExpenses": 7629290000,
    "interestIncome": 0,
    "interestExpense": 0,
    "depreciationAndAmortization": 566423000,
    "ebitda": 2949327000,
    "ebitdaratio": 0.2945734971,
    "operatingIncome": 2382904000,
    "operatingIncomeRatio": 0.2380001826,
    "totalOtherIncomeExpensesNet": 12415000,
    "incomeBeforeTax": 2395319000,
    "incomeBeforeTaxRatio": 0.2392401705,
    "incomeTaxExpense": 706619000,
    "netIncome": 1688700000,
    "netIncomeRatio": 0.1686643307,
    "eps": 1.06,
    "epsdiluted": 1.06,
    "weightedAverageShsOut": 1590724000,
    "weightedAverageShsOutDil": 1594642000,
    "link": "https://www.sec.gov/Archives/edgar/data/1800/000091205796004299/0000912057-96-004299-index.html",
    "finalLink": "https://www.sec.gov/Archives/edgar/data/1800/"
  },
  {
    "date": "1994-12-31",
    "symbol": "ABT",
    "reportedCurrency": "USD",
    "cik": "0000001800",
    "fillingDate": "1995-03-10",
    "acceptedDate": "1995-03-10 00:00:00",
    "calendarYear": "1994",
    "period": "FY",
    "revenue": 9156009000,
    "costOfRevenue": 3993831000,
    "grossProfit": 5162178000,
    "grossProfitRatio": 0.5638021981,
    "researchAndDevelopmentExpenses": 963516000,
    "generalAndAdministrativeExpenses": 2054455000,
    "sellingAndMarketingExpenses": 0,
    "sellingGeneralAndAdministrativeExpenses": 2054455000,
    "otherExpenses": 0,
    "operatingExpenses": 3017971000,
    "costAndExpenses": 7011802000,
    "interestIncome": 0,
    "interestExpense": 0,
    "depreciationAndAmortization": 510504000,
    "ebitda": 2654711000,
    "ebitdaratio": 0.2899419387,
    "operatingIncome": 2144207000,
    "operatingIncomeRatio": 0.2341857681,
    "totalOtherIncomeExpensesNet": 22483000,
    "incomeBeforeTax": 2166690000,
    "incomeBeforeTaxRatio": 0.2366413139,
    "incomeTaxExpense": 650007000,
    "netIncome": 1516683000,
    "netIncomeRatio": 0.1656489197,
    "eps": 0.93,
    "epsdiluted": 0.93,
    "weightedAverageShsOut": 1624472000,
    "weightedAverageShsOutDil": 1624472000,
    "link": "https://www.sec.gov/Archives/edgar/data/1800/000091205795001314/0000912057-95-001314-index.html",
    "finalLink": "https://www.sec.gov/Archives/edgar/data/1800/"
  },
  {
    "date": "1993-12-31",
    "symbol": "ABT",
    "reportedCurrency": "USD",
    "cik": "0000001800",
    "fillingDate": "1994-03-03",
    "acceptedDate": "1994-03-03 00:00:00",
    "calendarYear": "1993",
    "period": "FY",
    "revenue": 8407843000,
    "costOfRevenue": 3684727000,
    "grossProfit": 4723116000,
    "grossProfitRatio": 0.5617512125,
    "researchAndDevelopmentExpenses": 880974000,
    "generalAndAdministrativeExpenses": 1988176000,
    "sellingAndMarketingExpenses": 0,
    "sellingGeneralAndAdministrativeExpenses": 1988176000,
    "otherExpenses": -70000000,
    "operatingExpenses": 2799150000,
    "costAndExpenses": 6483877000,
    "interestIncome": 0,
    "interestExpense": 0,
    "depreciationAndAmortization": 484081000,
    "ebitda": 2408047000,
    "ebitdaratio": 0.2864048484,
    "operatingIncome": 1923966000,
    "operatingIncomeRatio": 0.2288299151,
    "totalOtherIncomeExpensesNet": 19264000,
    "incomeBeforeTax": 1943230000,
    "incomeBeforeTaxRatio": 0.2311211092,
    "incomeTaxExpense": 544104000,
    "netIncome": 1399126000,
    "netIncomeRatio": 0.1664072462,
    "eps": 0.84,
    "epsdiluted": 0.84,
    "weightedAverageShsOut": 1657976000,
    "weightedAverageShsOutDil": 1657976000,
    "link": "https://www.sec.gov/Archives/edgar/data/1800/000091205794000771/0000912057-94-000771-index.html",
    "finalLink": "https://www.sec.gov/Archives/edgar/data/1800/"
  },
  {
    "date": "1992-12-31",
    "symbol": "ABT",
    "reportedCurrency": "USD",
    "cik": "0000001800",
    "fillingDate": "1992-12-31",
    "acceptedDate": "1992-12-30 19:00:00",
    "calendarYear": "1992",
    "period": "FY",
    "revenue": 7851900000,
    "costOfRevenue": 3077500000,
    "grossProfit": 4774400000,
    "grossProfitRatio": 0.6080566487,
    "researchAndDevelopmentExpenses": 0,
    "generalAndAdministrativeExpenses": 2820600000,
    "sellingAndMarketingExpenses": 0,
    "sellingGeneralAndAdministrativeExpenses": 2820600000,
    "otherExpenses": 427800000,
    "operatingExpenses": 3248400000,
    "costAndExpenses": 6325900000,
    "interestIncome": 0,
    "interestExpense": 0,
    "depreciationAndAmortization": 427800000,
    "ebitda": 1953800000,
    "ebitdaratio": 0.248831493,
    "operatingIncome": 1526000000,
    "operatingIncomeRatio": 0.1943478648,
    "totalOtherIncomeExpensesNet": 212800000,
    "incomeBeforeTax": 1738800000,
    "incomeBeforeTaxRatio": 0.2214495855,
    "incomeTaxExpense": 499700000,
    "netIncome": 1239100000,
    "netIncomeRatio": 0.157808938,
    "eps": 0.74,
    "epsdiluted": 0.74,
    "weightedAverageShsOut": 1674459459,
    "weightedAverageShsOutDil": 1674459459,
    "link": "",
    "finalLink": ""
  },
  {
    "date": "1991-12-31",
    "symbol": "ABT",
    "reportedCurrency": "USD",
    "cik": "0000001800",
    "fillingDate": "1991-12-31",
    "acceptedDate": "1991-12-30 19:00:00",
    "calendarYear": "1991",
    "period": "FY",
    "revenue": 6876600000,
    "costOfRevenue": 2761000000,
    "grossProfit": 4115600000,
    "grossProfitRatio": 0.5984934415,
    "researchAndDevelopmentExpenses": 0,
    "generalAndAdministrativeExpenses": 2179600000,
    "sellingAndMarketingExpenses": 0,
    "sellingGeneralAndAdministrativeExpenses": 2179600000,
    "otherExpenses": 379000000,
    "operatingExpenses": 2558600000,
    "costAndExpenses": 5319600000,
    "interestIncome": 0,
    "interestExpense": 0,
    "depreciationAndAmortization": 379000000,
    "ebitda": 1936000000,
    "ebitdaratio": 0.2815344792,
    "operatingIncome": 1557000000,
    "operatingIncomeRatio": 0.2264200332,
    "totalOtherIncomeExpensesNet": -12800000,
    "incomeBeforeTax": 1544200000,
    "incomeBeforeTaxRatio": 0.2245586482,
    "incomeTaxExpense": 455500000,
    "netIncome": 1088800000,
    "netIncomeRatio": 0.1583340604,
    "eps": 0.64,
    "epsdiluted": 0.64,
    "weightedAverageShsOut": 1701250000,
    "weightedAverageShsOutDil": 1701250000,
    "link": "",
    "finalLink": ""
  },
  {
    "date": "1990-12-31",
    "symbol": "ABT",
    "reportedCurrency": "USD",
    "cik": "0000001800",
    "fillingDate": "1990-12-31",
    "acceptedDate": "1990-12-30 19:00:00",
    "calendarYear": "1990",
    "period": "FY",
    "revenue": 6158700000,
    "costOfRevenue": 2554200000,
    "grossProfit": 3604500000,
    "grossProfitRatio": 0.5852696186,
    "researchAndDevelopmentExpenses": 0,
    "generalAndAdministrativeExpenses": 1842500000,
    "sellingAndMarketingExpenses": 0,
    "sellingGeneralAndAdministrativeExpenses": 1842500000,
    "otherExpenses": 355900000,
    "operatingExpenses": 2198400000,
    "costAndExpenses": 4752600000,
    "interestIncome": 0,
    "interestExpense": 0,
    "depreciationAndAmortization": 355900000,
    "ebitda": 1762000000,
    "ebitdaratio": 0.2860993391,
    "operatingIncome": 1406100000,
    "operatingIncomeRatio": 0.2283111696,
    "totalOtherIncomeExpensesNet": -55300000,
    "incomeBeforeTax": 1350800000,
    "incomeBeforeTaxRatio": 0.2193320019,
    "incomeTaxExpense": 385000000,
    "netIncome": 965800000,
    "netIncomeRatio": 0.1568188092,
    "eps": 0.56,
    "epsdiluted": 0.56,
    "weightedAverageShsOut": 1724642857,
    "weightedAverageShsOutDil": 1724642857,
    "link": "",
    "finalLink": ""
  },
  {
    "date": "1989-12-31",
    "symbol": "ABT",
    "reportedCurrency": "USD",
    "cik": "0000001800",
    "fillingDate": "1989-12-31",
    "acceptedDate": "1989-12-30 19:00:00",
    "calendarYear": "1989",
    "period": "FY",
    "revenue": 5379800000,
    "costOfRevenue": 2249300000,
    "grossProfit": 3130500000,
    "grossProfitRatio": 0.5818989554,
    "researchAndDevelopmentExpenses": 0,
    "generalAndAdministrativeExpenses": 1602000000,
    "sellingAndMarketingExpenses": 0,
    "sellingGeneralAndAdministrativeExpenses": 1602000000,
    "otherExpenses": 307300000,
    "operatingExpenses": 1909300000,
    "costAndExpenses": 4158600000,
    "interestIncome": 0,
    "interestExpense": 0,
    "depreciationAndAmortization": 307300000,
    "ebitda": 1528500000,
    "ebitdaratio": 0.2841183687,
    "operatingIncome": 1221200000,
    "operatingIncomeRatio": 0.2269972861,
    "totalOtherIncomeExpensesNet": -27000000,
    "incomeBeforeTax": 1194200000,
    "incomeBeforeTaxRatio": 0.2219785122,
    "incomeTaxExpense": 334400000,
    "netIncome": 859800000,
    "netIncomeRatio": 0.1598200677,
    "eps": 0.49,
    "epsdiluted": 0.49,
    "weightedAverageShsOut": 1754693878,
    "weightedAverageShsOutDil": 1754693878,
    "link": "",
    "finalLink": ""
  },
  {
    "date": "1988-12-31",
    "symbol": "ABT",
    "reportedCurrency": "USD",
    "cik": "0000001800",
    "fillingDate": "1988-12-31",
    "acceptedDate": "1988-12-30 19:00:00",
    "calendarYear": "1988",
    "period": "FY",
    "revenue": 4937000000,
    "costOfRevenue": 2082300000,
    "grossProfit": 2854700000,
    "grossProfitRatio": 0.5782256431,
    "researchAndDevelopmentExpenses": 0,
    "generalAndAdministrativeExpenses": 1481800000,
    "sellingAndMarketingExpenses": 0,
    "sellingGeneralAndAdministrativeExpenses": 1481800000,
    "otherExpenses": 270900000,
    "operatingExpenses": 1752700000,
    "costAndExpenses": 3835000000,
    "interestIncome": 0,
    "interestExpense": 0,
    "depreciationAndAmortization": 270900000,
    "ebitda": 1372900000,
    "ebitdaratio": 0.2780838566,
    "operatingIncome": 1102000000,
    "operatingIncomeRatio": 0.2232124772,
    "totalOtherIncomeExpensesNet": -46600000,
    "incomeBeforeTax": 1055400000,
    "incomeBeforeTaxRatio": 0.2137735467,
    "incomeTaxExpense": 303400000,
    "netIncome": 752000000,
    "netIncomeRatio": 0.1523192222,
    "eps": 0.42,
    "epsdiluted": 0.42,
    "weightedAverageShsOut": 1790476190,
    "weightedAverageShsOutDil": 1790476190,
    "link": "",
    "finalLink": ""
  },
  {
    "date": "1987-12-31",
    "symbol": "ABT",
    "reportedCurrency": "USD",
    "cik": "0000001800",
    "fillingDate": "1987-12-31",
    "acceptedDate": "1987-12-30 19:00:00",
    "calendarYear": "1987",
    "period": "FY",
    "revenue": 4387900000,
    "costOfRevenue": 1858200000,
    "grossProfit": 2529700000,
    "grossProfitRatio": 0.5765172406,
    "researchAndDevelopmentExpenses": 0,
    "generalAndAdministrativeExpenses": 1280300000,
    "sellingAndMarketingExpenses": 0,
    "sellingGeneralAndAdministrativeExpenses": 1280300000,
    "otherExpenses": 243700000,
    "operatingExpenses": 1524000000,
    "costAndExpenses": 3382200000,
    "interestIncome": 0,
    "interestExpense": 0,
    "depreciationAndAmortization": 243700000,
    "ebitda": 1249400000,
    "ebitdaratio": 0.2847375738,
    "operatingIncome": 1005700000,
    "operatingIncomeRatio": 0.2291984776,
    "totalOtherIncomeExpensesNet": -68500000,
    "incomeBeforeTax": 937200000,
    "incomeBeforeTaxRatio": 0.2135873653,
    "incomeTaxExpense": 304600000,
    "netIncome": 632600000,
    "netIncomeRatio": 0.1441691926,
    "eps": 0.35,
    "epsdiluted": 0.35,
    "weightedAverageShsOut": 1807428571,
    "weightedAverageShsOutDil": 1807428571,
    "link": "",
    "finalLink": ""
  },
  {
    "date": "1986-12-31",
    "symbol": "ABT",
    "reportedCurrency": "USD",
    "cik": "0000001800",
    "fillingDate": "1986-12-31",
    "acceptedDate": "1986-12-30 19:00:00",
    "calendarYear": "1986",
    "period": "FY",
    "revenue": 3807600000,
    "costOfRevenue": 1668900000,
    "grossProfit": 2138700000,
    "grossProfitRatio": 0.5616924047,
    "researchAndDevelopmentExpenses": 0,
    "generalAndAdministrativeExpenses": 1060600000,
    "sellingAndMarketingExpenses": 0,
    "sellingGeneralAndAdministrativeExpenses": 1060600000,
    "otherExpenses": 199500000,
    "operatingExpenses": 1260100000,
    "costAndExpenses": 2929000000,
    "interestIncome": 0,
    "interestExpense": 0,
    "depreciationAndAmortization": 199500000,
    "ebitda": 1078100000,
    "ebitdaratio": 0.2831442378,
    "operatingIncome": 878600000,
    "operatingIncomeRatio": 0.2307490283,
    "totalOtherIncomeExpensesNet": -59900000,
    "incomeBeforeTax": 818700000,
    "incomeBeforeTaxRatio": 0.2150173338,
    "incomeTaxExpense": 278200000,
    "netIncome": 540500000,
    "netIncomeRatio": 0.1419529362,
    "eps": 0.29,
    "epsdiluted": 0.29,
    "weightedAverageShsOut": 1863793103,
    "weightedAverageShsOutDil": 1863793103,
    "link": "",
    "finalLink": ""
  },
  {
    "date": "1985-12-31",
    "symbol": "ABT",
    "reportedCurrency": "USD",
    "cik": "0000001800",
    "fillingDate": "1985-12-31",
    "acceptedDate": "1985-12-30 19:00:00",
    "calendarYear": "1985",
    "period": "FY",
    "revenue": 3360300000,
    "costOfRevenue": 1539200000,
    "grossProfit": 1821100000,
    "grossProfitRatio": 0.5419456596,
    "researchAndDevelopmentExpenses": 0,
    "generalAndAdministrativeExpenses": 928200000,
    "sellingAndMarketingExpenses": 0,
    "sellingGeneralAndAdministrativeExpenses": 928200000,
    "otherExpenses": 155800000,
    "operatingExpenses": 1084000000,
    "costAndExpenses": 2623200000,
    "interestIncome": 0,
    "interestExpense": 0,
    "depreciationAndAmortization": 155800000,
    "ebitda": 892900000,
    "ebitdaratio": 0.2657203226,
    "operatingIncome": 737100000,
    "operatingIncomeRatio": 0.2193554147,
    "totalOtherIncomeExpensesNet": -42600000,
    "incomeBeforeTax": 694500000,
    "incomeBeforeTaxRatio": 0.2066779752,
    "incomeTaxExpense": 229200000,
    "netIncome": 465300000,
    "netIncomeRatio": 0.1384697795,
    "eps": 0.25,
    "epsdiluted": 0.25,
    "weightedAverageShsOut": 1861200000,
    "weightedAverageShsOutDil": 1861200000,
    "link": "",
    "finalLink": ""
  }
]