[
  {
    "date": "2025-06-30",
    "symbol": "ACGL",
    "reportedCurrency": "USD",
    "cik": "0000947484",
    "fillingDate": "2025-08-05",
    "acceptedDate": "2025-08-05 16:45:07",
    "calendarYear": "2025",
    "period": "Q2",
    "revenue": 5213000000,
    "costOfRevenue": 48000000,
    "grossProfit": 5165000000,
    "grossProfitRatio": 0.9907922501,
    "researchAndDevelopmentExpenses": 0,
    "generalAndAdministrativeExpenses": 0,
    "sellingAndMarketingExpenses": 0,
    "sellingGeneralAndAdministrativeExpenses": 0,
    "otherExpenses": 5125000000,
    "operatingExpenses": 5125000000,
    "costAndExpenses": 5173000000,
    "interestIncome": 0,
    "interestExpense": 38000000,
    "depreciationAndAmortization": 0,
    "ebitda": 1287000000,
    "ebitdaratio": 0.246882793,
    "operatingIncome": 40000000,
    "operatingIncomeRatio": 0.0076731249,
    "totalOtherIncomeExpensesNet": 1371000000,
    "incomeBeforeTax": 1411000000,
    "incomeBeforeTaxRatio": 0.2706694801,
    "incomeTaxExpense": 214000000,
    "netIncome": 1237000000,
    "netIncomeRatio": 0.2372913869,
    "eps": 3.3,
    "epsdiluted": 3.23,
    "weightedAverageShsOut": 372200000,
    "weightedAverageShsOutDil": 379900000,
    "link": "https://www.sec.gov/Archives/edgar/data/947484/000094748425000066/0000947484-25-000066-index.htm",
    "finalLink": "https://www.sec.gov/Archives/edgar/data/947484/000094748425000066/acgl-20250630.htm"
  },
  {
    "date": "2025-03-30",
    "symbol": "ACGL",
    "reportedCurrency": "USD",
    "cik": "0000947484",
    "fillingDate": "2025-03-30",
    "acceptedDate": "2025-03-30 18:00:00",
    "calendarYear": "2025",
    "period": "Q1",
    "revenue": 4592000000,
    "costOfRevenue": 3351000000,
    "grossProfit": 1241000000,
    "grossProfitRatio": 0.2702526132,
    "researchAndDevelopmentExpenses": 0,
    "generalAndAdministrativeExpenses": 50000000,
    "sellingAndMarketingExpenses": 0,
    "sellingGeneralAndAdministrativeExpenses": 50000000,
    "otherExpenses": 513000000,
    "operatingExpenses": 563000000,
    "costAndExpenses": 3914000000,
    "interestIncome": 0,
    "interestExpense": 35000000,
    "depreciationAndAmortization": 49000000,
    "ebitda": 762000000,
    "ebitdaratio": 0.1659407666,
    "operatingIncome": 687000000,
    "operatingIncomeRatio": 0.1496080139,
    "totalOtherIncomeExpensesNet": 8000000,
    "incomeBeforeTax": 695000000,
    "incomeBeforeTaxRatio": 0.1513501742,
    "incomeTaxExpense": 121000000,
    "netIncome": 574000000,
    "netIncomeRatio": 0.125,
    "eps": 1.51,
    "epsdiluted": 1.48,
    "weightedAverageShsOut": 381900000,
    "weightedAverageShsOutDil": 381900000,
    "link": "https://www.sec.gov/Archives/edgar/data/947484/000094748425000047/0000947484-25-000047-index.htm",
    "finalLink": "https://www.sec.gov/Archives/edgar/data/947484/000094748425000047/acgl-20250331.htm"
  },
  {
    "date": "2024-12-31",
    "symbol": "ACGL",
    "reportedCurrency": "USD",
    "cik": "0000947484",
    "fillingDate": "2025-02-27",
    "acceptedDate": "2025-02-27 16:14:56",
    "calendarYear": "2024",
    "period": "Q4",
    "revenue": 4985000000,
    "costOfRevenue": -522000000,
    "grossProfit": 5507000000,
    "grossProfitRatio": 1.1047141424,
    "researchAndDevelopmentExpenses": 0,
    "generalAndAdministrativeExpenses": 69000000,
    "sellingAndMarketingExpenses": 0,
    "sellingGeneralAndAdministrativeExpenses": 69000000,
    "otherExpenses": 18859000000,
    "operatingExpenses": 18928000000,
    "costAndExpenses": 3680000000,
    "interestIncome": 0,
    "interestExpense": 37000000,
    "depreciationAndAmortization": 99000000,
    "ebitda": 1073000000,
    "ebitdaratio": 0.2152457372,
    "operatingIncome": 4517000000,
    "operatingIncomeRatio": 0.9061183551,
    "totalOtherIncomeExpensesNet": 276000000,
    "incomeBeforeTax": 1001000000,
    "incomeBeforeTaxRatio": 0.2008024072,
    "incomeTaxExpense": 66000000,
    "netIncome": 935000000,
    "netIncomeRatio": 0.1875626881,
    "eps": 2.48,
    "epsdiluted": 2.42,
    "weightedAverageShsOut": 373300000,
    "weightedAverageShsOutDil": 382800000,
    "link": "https://www.sec.gov/Archives/edgar/data/947484/000094748425000017/0000947484-25-000017-index.htm",
    "finalLink": "https://www.sec.gov/Archives/edgar/data/947484/000094748425000017/acgl-20241231.htm"
  },
  {
    "date": "2024-09-30",
    "symbol": "ACGL",
    "reportedCurrency": "USD",
    "cik": "0000947484",
    "fillingDate": "2024-09-30",
    "acceptedDate": "2024-09-30 00:00:00",
    "calendarYear": "2024",
    "period": "Q3",
    "revenue": 4480000000,
    "costOfRevenue": 3084000000,
    "grossProfit": 1396000000,
    "grossProfitRatio": 0.3116071429,
    "researchAndDevelopmentExpenses": 0,
    "generalAndAdministrativeExpenses": 19000000,
    "sellingAndMarketingExpenses": 0,
    "sellingGeneralAndAdministrativeExpenses": 19000000,
    "otherExpenses": 327000000,
    "operatingExpenses": 346000000,
    "costAndExpenses": 3574000000,
    "interestIncome": 0,
    "interestExpense": 35000000,
    "depreciationAndAmortization": 88000000,
    "ebitda": 1173000000,
    "ebitdaratio": 0.2618303571,
    "operatingIncome": 977000000,
    "operatingIncomeRatio": 0.2180803571,
    "totalOtherIncomeExpensesNet": 109000000,
    "incomeBeforeTax": 1086000000,
    "incomeBeforeTaxRatio": 0.2424107143,
    "incomeTaxExpense": 98000000,
    "netIncome": 988000000,
    "netIncomeRatio": 0.2205357143,
    "eps": 2.62,
    "epsdiluted": 2.56,
    "weightedAverageShsOut": 373200000,
    "weightedAverageShsOutDil": 382300000,
    "link": null,
    "finalLink": null
  },
  {
    "date": "2024-06-30",
    "symbol": "ACGL",
    "reportedCurrency": "USD",
    "cik": "0000947484",
    "fillingDate": "2024-08-06",
    "acceptedDate": "2024-08-06 16:38:04",
    "calendarYear": "2024",
    "period": "Q2",
    "revenue": 4062000000,
    "costOfRevenue": 2460000000,
    "grossProfit": 1602000000,
    "grossProfitRatio": 0.3943870015,
    "researchAndDevelopmentExpenses": 0,
    "generalAndAdministrativeExpenses": 0,
    "sellingAndMarketingExpenses": 0,
    "sellingGeneralAndAdministrativeExpenses": 0,
    "otherExpenses": 448000000,
    "operatingExpenses": 448000000,
    "costAndExpenses": 2908000000,
    "interestIncome": 0,
    "interestExpense": 35000000,
    "depreciationAndAmortization": 27000000,
    "ebitda": 1383000000,
    "ebitdaratio": 0.3404726736,
    "operatingIncome": 1154000000,
    "operatingIncomeRatio": 0.2840965042,
    "totalOtherIncomeExpensesNet": 167000000,
    "incomeBeforeTax": 1321000000,
    "incomeBeforeTaxRatio": 0.3252092565,
    "incomeTaxExpense": 97000000,
    "netIncome": 1269000000,
    "netIncomeRatio": 0.3124076809,
    "eps": 3.38,
    "epsdiluted": 3.3,
    "weightedAverageShsOut": 372700000,
    "weightedAverageShsOutDil": 381600000,
    "link": "https://www.sec.gov/Archives/edgar/data/947484/000094748424000105/0000947484-24-000105-index.htm",
    "finalLink": "https://www.sec.gov/Archives/edgar/data/947484/000094748424000105/acgl-20240630.htm"
  },
  {
    "date": "2024-03-31",
    "symbol": "ACGL",
    "reportedCurrency": "USD",
    "cik": "0000947484",
    "fillingDate": "2024-05-09",
    "acceptedDate": "2024-05-09 16:22:50",
    "calendarYear": "2024",
    "period": "Q1",
    "revenue": 3878000000,
    "costOfRevenue": 2335000000,
    "grossProfit": 1543000000,
    "grossProfitRatio": 0.397885508,
    "researchAndDevelopmentExpenses": 0,
    "generalAndAdministrativeExpenses": 0,
    "sellingAndMarketingExpenses": 0,
    "sellingGeneralAndAdministrativeExpenses": 0,
    "otherExpenses": 476000000,
    "operatingExpenses": 476000000,
    "costAndExpenses": 2811000000,
    "interestIncome": 8000000,
    "interestExpense": 34000000,
    "depreciationAndAmortization": 21000000,
    "ebitda": 1221000000,
    "ebitdaratio": 0.314853017,
    "operatingIncome": 1067000000,
    "operatingIncomeRatio": 0.2751418257,
    "totalOtherIncomeExpensesNet": 99000000,
    "incomeBeforeTax": 1166000000,
    "incomeBeforeTaxRatio": 0.3006704487,
    "incomeTaxExpense": 101000000,
    "netIncome": 1120000000,
    "netIncomeRatio": 0.2888086643,
    "eps": 2.99,
    "epsdiluted": 2.92,
    "weightedAverageShsOut": 370900000,
    "weightedAverageShsOutDil": 380500000,
    "link": "https://www.sec.gov/Archives/edgar/data/947484/000094748424000073/0000947484-24-000073-index.htm",
    "finalLink": "https://www.sec.gov/Archives/edgar/data/947484/000094748424000073/acgl-20240331.htm"
  },
  {
    "date": "2023-12-31",
    "symbol": "ACGL",
    "reportedCurrency": "USD",
    "cik": "0000947484",
    "fillingDate": "2024-02-23",
    "acceptedDate": "2024-02-23 15:13:41",
    "calendarYear": "2023",
    "period": "Q4",
    "revenue": 3787000000,
    "costOfRevenue": 2280000000,
    "grossProfit": 1507000000,
    "grossProfitRatio": 0.3979403222,
    "researchAndDevelopmentExpenses": 0,
    "generalAndAdministrativeExpenses": 31000000,
    "sellingAndMarketingExpenses": 0,
    "sellingGeneralAndAdministrativeExpenses": 31000000,
    "otherExpenses": 390000000,
    "operatingExpenses": 421000000,
    "costAndExpenses": 2701000000,
    "interestIncome": 0,
    "interestExpense": 34000000,
    "depreciationAndAmortization": 24000000,
    "ebitda": 1246000000,
    "ebitdaratio": 0.3290203327,
    "operatingIncome": 1086000000,
    "operatingIncomeRatio": 0.2867705308,
    "totalOtherIncomeExpensesNet": 102000000,
    "incomeBeforeTax": 1188000000,
    "incomeBeforeTaxRatio": 0.3137047795,
    "incomeTaxExpense": -1076000000,
    "netIncome": 2334000000,
    "netIncomeRatio": 0.616318986,
    "eps": 6.29,
    "epsdiluted": 6.12,
    "weightedAverageShsOut": 369600000,
    "weightedAverageShsOutDil": 379800000,
    "link": "https://www.sec.gov/Archives/edgar/data/947484/000094748424000020/0000947484-24-000020-index.htm",
    "finalLink": "https://www.sec.gov/Archives/edgar/data/947484/000094748424000020/acgl-20231231.htm"
  },
  {
    "date": "2023-09-30",
    "symbol": "ACGL",
    "reportedCurrency": "USD",
    "cik": "0000947484",
    "fillingDate": "2023-11-09",
    "acceptedDate": "2023-11-09 15:07:17",
    "calendarYear": "2023",
    "period": "Q3",
    "revenue": 3293000000,
    "costOfRevenue": 2222000000,
    "grossProfit": 1071000000,
    "grossProfitRatio": 0.3252353477,
    "researchAndDevelopmentExpenses": 0,
    "generalAndAdministrativeExpenses": 20000000,
    "sellingAndMarketingExpenses": 0,
    "sellingGeneralAndAdministrativeExpenses": 20000000,
    "otherExpenses": 369000000,
    "operatingExpenses": 389000000,
    "costAndExpenses": 2611000000,
    "interestIncome": 0,
    "interestExpense": 34000000,
    "depreciationAndAmortization": 24000000,
    "ebitda": 799000000,
    "ebitdaratio": 0.2426358943,
    "operatingIncome": 682000000,
    "operatingIncomeRatio": 0.2071059824,
    "totalOtherIncomeExpensesNet": 59000000,
    "incomeBeforeTax": 741000000,
    "incomeBeforeTaxRatio": 0.2250227756,
    "incomeTaxExpense": 72000000,
    "netIncome": 723000000,
    "netIncomeRatio": 0.2195566353,
    "eps": 1.93,
    "epsdiluted": 1.88,
    "weightedAverageShsOut": 369200000,
    "weightedAverageShsOutDil": 379400000,
    "link": "https://www.sec.gov/Archives/edgar/data/947484/000094748423000102/0000947484-23-000102-index.htm",
    "finalLink": "https://www.sec.gov/Archives/edgar/data/947484/000094748423000102/acgl-20230930.htm"
  },
  {
    "date": "2023-06-30",
    "symbol": "ACGL",
    "reportedCurrency": "USD",
    "cik": "0000947484",
    "fillingDate": "2023-08-02",
    "acceptedDate": "2023-08-02 15:00:46",
    "calendarYear": "2023",
    "period": "Q2",
    "revenue": 3096000000,
    "costOfRevenue": 2052000000,
    "grossProfit": 1044000000,
    "grossProfitRatio": 0.3372093023,
    "researchAndDevelopmentExpenses": 0,
    "generalAndAdministrativeExpenses": 21000000,
    "sellingAndMarketingExpenses": 0,
    "sellingGeneralAndAdministrativeExpenses": 21000000,
    "otherExpenses": 378000000,
    "operatingExpenses": 399000000,
    "costAndExpenses": 2451000000,
    "interestIncome": 0,
    "interestExpense": 33000000,
    "depreciationAndAmortization": 24000000,
    "ebitda": 771000000,
    "ebitdaratio": 0.2490310078,
    "operatingIncome": 645000000,
    "operatingIncomeRatio": 0.2083333333,
    "totalOtherIncomeExpensesNet": 69000000,
    "incomeBeforeTax": 714000000,
    "incomeBeforeTaxRatio": 0.230620155,
    "incomeTaxExpense": 67000000,
    "netIncome": 671000000,
    "netIncomeRatio": 0.2167312661,
    "eps": 1.79,
    "epsdiluted": 1.75,
    "weightedAverageShsOut": 368700000,
    "weightedAverageShsOutDil": 378400000,
    "link": "https://www.sec.gov/Archives/edgar/data/947484/000094748423000078/0000947484-23-000078-index.htm",
    "finalLink": "https://www.sec.gov/Archives/edgar/data/947484/000094748423000078/acgl-20230630.htm"
  },
  {
    "date": "2023-03-31",
    "symbol": "ACGL",
    "reportedCurrency": "USD",
    "cik": "0000947484",
    "fillingDate": "2023-05-04",
    "acceptedDate": "2023-05-04 12:04:41",
    "calendarYear": "2023",
    "period": "Q1",
    "revenue": 3118000000,
    "costOfRevenue": 2004000000,
    "grossProfit": 1114000000,
    "grossProfitRatio": 0.3572803079,
    "researchAndDevelopmentExpenses": 0,
    "generalAndAdministrativeExpenses": 30000000,
    "sellingAndMarketingExpenses": 0,
    "sellingGeneralAndAdministrativeExpenses": 30000000,
    "otherExpenses": 390000000,
    "operatingExpenses": 420000000,
    "costAndExpenses": 2424000000,
    "interestIncome": 4000000,
    "interestExpense": 32000000,
    "depreciationAndAmortization": 23000000,
    "ebitda": 797000000,
    "ebitdaratio": 0.2556125722,
    "operatingIncome": 694000000,
    "operatingIncomeRatio": 0.222578576,
    "totalOtherIncomeExpensesNet": 48000000,
    "incomeBeforeTax": 742000000,
    "incomeBeforeTaxRatio": 0.2379730597,
    "incomeTaxExpense": 64000000,
    "netIncome": 715000000,
    "netIncomeRatio": 0.2293136626,
    "eps": 1.92,
    "epsdiluted": 1.87,
    "weightedAverageShsOut": 367300000,
    "weightedAverageShsOutDil": 377600000,
    "link": "https://www.sec.gov/Archives/edgar/data/947484/000094748423000057/0000947484-23-000057-index.htm",
    "finalLink": "https://www.sec.gov/Archives/edgar/data/947484/000094748423000057/acgl-20230331.htm"
  },
  {
    "date": "2022-12-31",
    "symbol": "ACGL",
    "reportedCurrency": "USD",
    "cik": "0000947484",
    "fillingDate": "2023-02-24",
    "acceptedDate": "2023-02-24 13:13:42",
    "calendarYear": "2022",
    "period": "Q4",
    "revenue": 2951721000,
    "costOfRevenue": 1741845000,
    "grossProfit": 1209876000,
    "grossProfitRatio": 0.4098883329,
    "researchAndDevelopmentExpenses": 0,
    "generalAndAdministrativeExpenses": 17820000,
    "sellingAndMarketingExpenses": 0,
    "sellingGeneralAndAdministrativeExpenses": 17820000,
    "otherExpenses": 344926000,
    "operatingExpenses": 362746000,
    "costAndExpenses": 2104591000,
    "interestIncome": 0,
    "interestExpense": 31700000,
    "depreciationAndAmortization": 25722000,
    "ebitda": 944903000,
    "ebitdaratio": 0.3201193473,
    "operatingIncome": 847130000,
    "operatingIncomeRatio": 0.2869952817,
    "totalOtherIncomeExpensesNet": 40351000,
    "incomeBeforeTax": 887481000,
    "incomeBeforeTaxRatio": 0.3006656117,
    "incomeTaxExpense": 60919000,
    "netIncome": 859688000,
    "netIncomeRatio": 0.2912497489,
    "eps": 2.32,
    "epsdiluted": 2.32,
    "weightedAverageShsOut": 365902520,
    "weightedAverageShsOutDil": 365902520,
    "link": "https://www.sec.gov/Archives/edgar/data/947484/000094748423000015/0000947484-23-000015-index.htm",
    "finalLink": "https://www.sec.gov/Archives/edgar/data/947484/000094748423000015/acgl-20221231.htm"
  },
  {
    "date": "2022-09-30",
    "symbol": "ACGL",
    "reportedCurrency": "USD",
    "cik": "0000947484",
    "fillingDate": "2022-11-03",
    "acceptedDate": "2022-11-03 14:47:53",
    "calendarYear": "2022",
    "period": "Q3",
    "revenue": 2491000000,
    "costOfRevenue": 2131000000,
    "grossProfit": 360000000,
    "grossProfitRatio": 0.144520273,
    "researchAndDevelopmentExpenses": 0,
    "generalAndAdministrativeExpenses": 18000000,
    "sellingAndMarketingExpenses": 0,
    "sellingGeneralAndAdministrativeExpenses": 18000000,
    "otherExpenses": 329000000,
    "operatingExpenses": 347000000,
    "costAndExpenses": 2478000000,
    "interestIncome": 0,
    "interestExpense": 33000000,
    "depreciationAndAmortization": 26000000,
    "ebitda": 53000000,
    "ebitdaratio": 0.0212765957,
    "operatingIncome": 13000000,
    "operatingIncomeRatio": 0.0052187876,
    "totalOtherIncomeExpensesNet": -19000000,
    "incomeBeforeTax": -6000000,
    "incomeBeforeTaxRatio": -0.0024086712,
    "incomeTaxExpense": -15000000,
    "netIncome": 17000000,
    "netIncomeRatio": 0.0068245684,
    "eps": 0.0267,
    "epsdiluted": 0.0261,
    "weightedAverageShsOut": 365200000,
    "weightedAverageShsOutDil": 373727277,
    "link": "https://www.sec.gov/Archives/edgar/data/947484/000094748422000077/0000947484-22-000077-index.htm",
    "finalLink": "https://www.sec.gov/Archives/edgar/data/947484/000094748422000077/acgl-20220930.htm"
  },
  {
    "date": "2022-06-30",
    "symbol": "ACGL",
    "reportedCurrency": "USD",
    "cik": "0000947484",
    "fillingDate": "2022-08-03",
    "acceptedDate": "2022-08-03 15:37:57",
    "calendarYear": "2022",
    "period": "Q2",
    "revenue": 2268000000,
    "costOfRevenue": 1516000000,
    "grossProfit": 752000000,
    "grossProfitRatio": 0.3315696649,
    "researchAndDevelopmentExpenses": 0,
    "generalAndAdministrativeExpenses": 28000000,
    "sellingAndMarketingExpenses": 0,
    "sellingGeneralAndAdministrativeExpenses": 28000000,
    "otherExpenses": 361000000,
    "operatingExpenses": 389000000,
    "costAndExpenses": 1905000000,
    "interestIncome": 0,
    "interestExpense": 33000000,
    "depreciationAndAmortization": 27000000,
    "ebitda": 481000000,
    "ebitdaratio": 0.2120811287,
    "operatingIncome": 363000000,
    "operatingIncomeRatio": 0.1600529101,
    "totalOtherIncomeExpensesNet": 58000000,
    "incomeBeforeTax": 421000000,
    "incomeBeforeTaxRatio": 0.1856261023,
    "incomeTaxExpense": 22000000,
    "netIncome": 404000000,
    "netIncomeRatio": 0.1781305115,
    "eps": 1.07,
    "epsdiluted": 1.04,
    "weightedAverageShsOut": 369200000,
    "weightedAverageShsOutDil": 377952988,
    "link": "https://www.sec.gov/Archives/edgar/data/947484/000094748422000060/0000947484-22-000060-index.htm",
    "finalLink": "https://www.sec.gov/Archives/edgar/data/947484/000094748422000060/acgl-20220630.htm"
  },
  {
    "date": "2022-03-31",
    "symbol": "ACGL",
    "reportedCurrency": "USD",
    "cik": "0000947484",
    "fillingDate": "2022-05-04",
    "acceptedDate": "2022-05-04 17:08:40",
    "calendarYear": "2022",
    "period": "Q1",
    "revenue": 1946000000,
    "costOfRevenue": 1379000000,
    "grossProfit": 567000000,
    "grossProfitRatio": 0.2913669065,
    "researchAndDevelopmentExpenses": 0,
    "generalAndAdministrativeExpenses": 32000000,
    "sellingAndMarketingExpenses": 0,
    "sellingGeneralAndAdministrativeExpenses": 32000000,
    "otherExpenses": 386000000,
    "operatingExpenses": 418000000,
    "costAndExpenses": 1797000000,
    "interestIncome": 0,
    "interestExpense": 33000000,
    "depreciationAndAmortization": 27000000,
    "ebitda": 245000000,
    "ebitdaratio": 0.1258992806,
    "operatingIncome": 149000000,
    "operatingIncomeRatio": 0.0765673176,
    "totalOtherIncomeExpensesNet": 36000000,
    "incomeBeforeTax": 185000000,
    "incomeBeforeTaxRatio": 0.0950668037,
    "incomeTaxExpense": 12000000,
    "netIncome": 196000000,
    "netIncomeRatio": 0.1007194245,
    "eps": 0.5,
    "epsdiluted": 0.48,
    "weightedAverageShsOut": 374200000,
    "weightedAverageShsOutDil": 384194363,
    "link": "https://www.sec.gov/Archives/edgar/data/947484/000094748422000037/0000947484-22-000037-index.htm",
    "finalLink": "https://www.sec.gov/Archives/edgar/data/947484/000094748422000037/acgl-20220331.htm"
  },
  {
    "date": "2021-12-31",
    "symbol": "ACGL",
    "reportedCurrency": "USD",
    "cik": "0000947484",
    "fillingDate": "2022-02-25",
    "acceptedDate": "2022-02-25 10:08:14",
    "calendarYear": "2021",
    "period": "Q4",
    "revenue": 2251511000,
    "costOfRevenue": 1353392000,
    "grossProfit": 898119000,
    "grossProfitRatio": 0.3988961191,
    "researchAndDevelopmentExpenses": 0,
    "generalAndAdministrativeExpenses": 18150000,
    "sellingAndMarketingExpenses": 0,
    "sellingGeneralAndAdministrativeExpenses": 18150000,
    "otherExpenses": 329661000,
    "operatingExpenses": 347811000,
    "costAndExpenses": 1701203000,
    "interestIncome": 0,
    "interestExpense": 32248000,
    "depreciationAndAmortization": 33132000,
    "ebitda": 682820000,
    "ebitdaratio": 0.3032718916,
    "operatingIncome": 550308000,
    "operatingIncomeRatio": 0.2444171936,
    "totalOtherIncomeExpensesNet": 67132000,
    "incomeBeforeTax": 617440000,
    "incomeBeforeTaxRatio": 0.2742336147,
    "incomeTaxExpense": 34406000,
    "netIncome": 623265000,
    "netIncomeRatio": 0.2768207661,
    "eps": 1.62,
    "epsdiluted": 1.58,
    "weightedAverageShsOut": 379431442,
    "weightedAverageShsOutDil": 388869378,
    "link": "https://www.sec.gov/Archives/edgar/data/947484/000094748422000015/0000947484-22-000015-index.htm",
    "finalLink": "https://www.sec.gov/Archives/edgar/data/947484/000094748422000015/acgl-20211231.htm"
  },
  {
    "date": "2021-09-30",
    "symbol": "ACGL",
    "reportedCurrency": "USD",
    "cik": "0000947484",
    "fillingDate": "2021-11-04",
    "acceptedDate": "2021-11-04 15:31:22",
    "calendarYear": "2021",
    "period": "Q3",
    "revenue": 2036325000,
    "costOfRevenue": 1532034000,
    "grossProfit": 504291000,
    "grossProfitRatio": 0.2476476005,
    "researchAndDevelopmentExpenses": 0,
    "generalAndAdministrativeExpenses": 19672000,
    "sellingAndMarketingExpenses": 0,
    "sellingGeneralAndAdministrativeExpenses": 19672000,
    "otherExpenses": 288584000,
    "operatingExpenses": 308256000,
    "costAndExpenses": 1840290000,
    "interestIncome": 0,
    "interestExpense": 33176000,
    "depreciationAndAmortization": 20135000,
    "ebitda": 354744000,
    "ebitdaratio": 0.1742079481,
    "operatingIncome": 196035000,
    "operatingIncomeRatio": 0.096269014,
    "totalOtherIncomeExpensesNet": 105398000,
    "incomeBeforeTax": 301433000,
    "incomeBeforeTaxRatio": 0.1480279425,
    "incomeTaxExpense": 4137000,
    "netIncome": 419942000,
    "netIncomeRatio": 0.2062254306,
    "eps": 1,
    "epsdiluted": 0.98,
    "weightedAverageShsOut": 389274220,
    "weightedAverageShsOutDil": 397903347,
    "link": "https://www.sec.gov/Archives/edgar/data/947484/000094748421000145/0000947484-21-000145-index.htm",
    "finalLink": "https://www.sec.gov/Archives/edgar/data/947484/000094748421000145/acgl-20210930.htm"
  },
  {
    "date": "2021-06-30",
    "symbol": "ACGL",
    "reportedCurrency": "USD",
    "cik": "0000947484",
    "fillingDate": "2021-08-05",
    "acceptedDate": "2021-08-05 14:41:29",
    "calendarYear": "2021",
    "period": "Q2",
    "revenue": 2427758000,
    "costOfRevenue": 1494974000,
    "grossProfit": 932784000,
    "grossProfitRatio": 0.3842162192,
    "researchAndDevelopmentExpenses": 0,
    "generalAndAdministrativeExpenses": 15951000,
    "sellingAndMarketingExpenses": 0,
    "sellingGeneralAndAdministrativeExpenses": 15951000,
    "otherExpenses": 293652000,
    "operatingExpenses": 309603000,
    "costAndExpenses": 1804577000,
    "interestIncome": 0,
    "interestExpense": 35700000,
    "depreciationAndAmortization": 15286000,
    "ebitda": 796353000,
    "ebitdaratio": 0.3280199262,
    "operatingIncome": 623181000,
    "operatingIncomeRatio": 0.2566899172,
    "totalOtherIncomeExpensesNet": 122186000,
    "incomeBeforeTax": 745367000,
    "incomeBeforeTaxRatio": 0.3070186567,
    "incomeTaxExpense": 51179000,
    "netIncome": 675486000,
    "netIncomeRatio": 0.2782344863,
    "eps": 1.67,
    "epsdiluted": 1.63,
    "weightedAverageShsOut": 397743402,
    "weightedAverageShsOutDil": 406485994,
    "link": "https://www.sec.gov/Archives/edgar/data/947484/000094748421000113/0000947484-21-000113-index.htm",
    "finalLink": "https://www.sec.gov/Archives/edgar/data/947484/000094748421000113/acgl-20210630.htm"
  },
  {
    "date": "2021-03-31",
    "symbol": "ACGL",
    "reportedCurrency": "USD",
    "cik": "0000947484",
    "fillingDate": "2021-05-06",
    "acceptedDate": "2021-05-06 14:43:28",
    "calendarYear": "2021",
    "period": "Q1",
    "revenue": 2210551000,
    "costOfRevenue": 1507581000,
    "grossProfit": 702970000,
    "grossProfitRatio": 0.318006687,
    "researchAndDevelopmentExpenses": 0,
    "generalAndAdministrativeExpenses": 25384000,
    "sellingAndMarketingExpenses": 0,
    "sellingGeneralAndAdministrativeExpenses": 25384000,
    "otherExpenses": 310161000,
    "operatingExpenses": 335545000,
    "costAndExpenses": 1843126000,
    "interestIncome": 0,
    "interestExpense": 38346000,
    "depreciationAndAmortization": 14402000,
    "ebitda": 491859000,
    "ebitdaratio": 0.2225051582,
    "operatingIncome": 367425000,
    "operatingIncomeRatio": 0.1662142154,
    "totalOtherIncomeExpensesNet": 71686000,
    "incomeBeforeTax": 439111000,
    "incomeBeforeTaxRatio": 0.1986432342,
    "incomeTaxExpense": 38860000,
    "netIncome": 438156000,
    "netIncomeRatio": 0.1982112152,
    "eps": 1.07,
    "epsdiluted": 1.05,
    "weightedAverageShsOut": 400807895,
    "weightedAverageShsOutDil": 409223253,
    "link": "https://www.sec.gov/Archives/edgar/data/947484/000094748421000051/0000947484-21-000051-index.htm",
    "finalLink": "https://www.sec.gov/Archives/edgar/data/947484/000094748421000051/acgl-20210331.htm"
  },
  {
    "date": "2020-12-31",
    "symbol": "ACGL",
    "reportedCurrency": "USD",
    "cik": "0000947484",
    "fillingDate": "2021-02-26",
    "acceptedDate": "2021-02-26 14:22:35",
    "calendarYear": "2020",
    "period": "Q4",
    "revenue": 2225035000,
    "costOfRevenue": 1382213000,
    "grossProfit": 842822000,
    "grossProfitRatio": 0.378790446,
    "researchAndDevelopmentExpenses": 0,
    "generalAndAdministrativeExpenses": 25335000,
    "sellingAndMarketingExpenses": 0,
    "sellingGeneralAndAdministrativeExpenses": 25335000,
    "otherExpenses": 273400000,
    "operatingExpenses": 298735000,
    "costAndExpenses": 1680948000,
    "interestIncome": 0,
    "interestExpense": 38419000,
    "depreciationAndAmortization": 19196000,
    "ebitda": 690988000,
    "ebitdaratio": 0.3105515194,
    "operatingIncome": 544087000,
    "operatingIncomeRatio": 0.2445296366,
    "totalOtherIncomeExpensesNet": 89286000,
    "incomeBeforeTax": 633373000,
    "incomeBeforeTaxRatio": 0.2846575447,
    "incomeTaxExpense": 34059000,
    "netIncome": 543544000,
    "netIncomeRatio": 0.2442855955,
    "eps": 1.32,
    "epsdiluted": 1.3,
    "weightedAverageShsOut": 403005335,
    "weightedAverageShsOutDil": 410281852,
    "link": "https://www.sec.gov/Archives/edgar/data/947484/000094748421000028/0000947484-21-000028-index.htm",
    "finalLink": "https://www.sec.gov/Archives/edgar/data/947484/000094748421000028/acgl-20201231.htm"
  },
  {
    "date": "2020-09-30",
    "symbol": "ACGL",
    "reportedCurrency": "USD",
    "cik": "0000947484",
    "fillingDate": "2020-11-05",
    "acceptedDate": "2020-11-05 09:57:01",
    "calendarYear": "2020",
    "period": "Q3",
    "revenue": 2138948000,
    "costOfRevenue": 1464215000,
    "grossProfit": 674733000,
    "grossProfitRatio": 0.3154508665,
    "researchAndDevelopmentExpenses": 0,
    "generalAndAdministrativeExpenses": 17937000,
    "sellingAndMarketingExpenses": 0,
    "sellingGeneralAndAdministrativeExpenses": 17937000,
    "otherExpenses": 272061000,
    "operatingExpenses": 289998000,
    "costAndExpenses": 1754213000,
    "interestIncome": 0,
    "interestExpense": 41343000,
    "depreciationAndAmortization": 16715000,
    "ebitda": 569528000,
    "ebitdaratio": 0.2662654726,
    "operatingIncome": 384735000,
    "operatingIncomeRatio": 0.1798711329,
    "totalOtherIncomeExpensesNet": 126735000,
    "incomeBeforeTax": 511470000,
    "incomeBeforeTaxRatio": 0.2391222227,
    "incomeTaxExpense": 23707000,
    "netIncome": 419039000,
    "netIncomeRatio": 0.1959089235,
    "eps": 1.01,
    "epsdiluted": 1,
    "weightedAverageShsOut": 402850485,
    "weightedAverageShsOutDil": 409194657,
    "link": "https://www.sec.gov/Archives/edgar/data/947484/000094748420000102/0000947484-20-000102-index.htm",
    "finalLink": "https://www.sec.gov/Archives/edgar/data/947484/000094748420000102/acgl-20200930.htm"
  },
  {
    "date": "2020-06-30",
    "symbol": "ACGL",
    "reportedCurrency": "USD",
    "cik": "0000947484",
    "fillingDate": "2020-08-06",
    "acceptedDate": "2020-08-06 13:56:50",
    "calendarYear": "2020",
    "period": "Q2",
    "revenue": 2323525000,
    "costOfRevenue": 1485311000,
    "grossProfit": 838214000,
    "grossProfitRatio": 0.3607510141,
    "researchAndDevelopmentExpenses": 0,
    "generalAndAdministrativeExpenses": 17920000,
    "sellingAndMarketingExpenses": 0,
    "sellingGeneralAndAdministrativeExpenses": 17920000,
    "otherExpenses": 259486000,
    "operatingExpenses": 277406000,
    "costAndExpenses": 1762717000,
    "interestIncome": 0,
    "interestExpense": 31139000,
    "depreciationAndAmortization": 16489000,
    "ebitda": 543317000,
    "ebitdaratio": 0.2338330769,
    "operatingIncome": 560808000,
    "operatingIncomeRatio": 0.2413608633,
    "totalOtherIncomeExpensesNet": -65119000,
    "incomeBeforeTax": 495689000,
    "incomeBeforeTaxRatio": 0.2133349114,
    "incomeTaxExpense": 26127000,
    "netIncome": 298821000,
    "netIncomeRatio": 0.1286067505,
    "eps": 0.72,
    "epsdiluted": 0.71,
    "weightedAverageShsOut": 402503687,
    "weightedAverageShsOutDil": 408119681,
    "link": "https://www.sec.gov/Archives/edgar/data/947484/000094748420000080/0000947484-20-000080-index.htm",
    "finalLink": "https://www.sec.gov/Archives/edgar/data/947484/000094748420000080/acgl10q63020.htm"
  },
  {
    "date": "2020-03-31",
    "symbol": "ACGL",
    "reportedCurrency": "USD",
    "cik": "0000947484",
    "fillingDate": "2020-05-08",
    "acceptedDate": "2020-05-08 16:13:14",
    "calendarYear": "2020",
    "period": "Q1",
    "revenue": 1614782000,
    "costOfRevenue": 1362702000,
    "grossProfit": 252080000,
    "grossProfitRatio": 0.1561077594,
    "researchAndDevelopmentExpenses": 0,
    "generalAndAdministrativeExpenses": 20796000,
    "sellingAndMarketingExpenses": 0,
    "sellingGeneralAndAdministrativeExpenses": 20796000,
    "otherExpenses": 296320000,
    "operatingExpenses": 317116000,
    "costAndExpenses": 1679818000,
    "interestIncome": 0,
    "interestExpense": 32555000,
    "depreciationAndAmortization": 16631000,
    "ebitda": -20059000,
    "ebitdaratio": -0.0124221102,
    "operatingIncome": -65036000,
    "operatingIncomeRatio": -0.0402754056,
    "totalOtherIncomeExpensesNet": -4209000,
    "incomeBeforeTax": -69245000,
    "incomeBeforeTaxRatio": -0.0428819494,
    "incomeTaxExpense": 27945000,
    "netIncome": 144117000,
    "netIncomeRatio": 0.0892485797,
    "eps": 0.33,
    "epsdiluted": 0.32,
    "weightedAverageShsOut": 403892161,
    "weightedAverageShsOutDil": 414033570,
    "link": "https://www.sec.gov/Archives/edgar/data/947484/000094748420000038/0000947484-20-000038-index.htm",
    "finalLink": "https://www.sec.gov/Archives/edgar/data/947484/000094748420000038/acgl10q33120.htm"
  },
  {
    "date": "2019-12-31",
    "symbol": "ACGL",
    "reportedCurrency": "USD",
    "cik": "0000947484",
    "fillingDate": "2020-02-28",
    "acceptedDate": "2020-02-28 17:07:41",
    "calendarYear": "2019",
    "period": "Q4",
    "revenue": 1664109000,
    "costOfRevenue": 1066810000,
    "grossProfit": 597299000,
    "grossProfitRatio": 0.3589302143,
    "researchAndDevelopmentExpenses": 0,
    "generalAndAdministrativeExpenses": 26837000,
    "sellingAndMarketingExpenses": 0,
    "sellingGeneralAndAdministrativeExpenses": 26837000,
    "otherExpenses": 257497000,
    "operatingExpenses": 284334000,
    "costAndExpenses": 1351144000,
    "interestIncome": 0,
    "interestExpense": 31199000,
    "depreciationAndAmortization": 21890000,
    "ebitda": 393193000,
    "ebitdaratio": 0.2362783928,
    "operatingIncome": 312965000,
    "operatingIncomeRatio": 0.1880676086,
    "totalOtherIncomeExpensesNet": 27139000,
    "incomeBeforeTax": 340104000,
    "incomeBeforeTaxRatio": 0.2043760355,
    "incomeTaxExpense": 27336000,
    "netIncome": 326384000,
    "netIncomeRatio": 0.1961313832,
    "eps": 0.78,
    "epsdiluted": 0.76,
    "weightedAverageShsOut": 402941290,
    "weightedAverageShsOutDil": 414124920,
    "link": "https://www.sec.gov/Archives/edgar/data/947484/000094748420000012/0000947484-20-000012-index.htm",
    "finalLink": "https://www.sec.gov/Archives/edgar/data/947484/000094748420000012/a201910-k.htm"
  },
  {
    "date": "2019-09-30",
    "symbol": "ACGL",
    "reportedCurrency": "USD",
    "cik": "0000947484",
    "fillingDate": "2019-11-08",
    "acceptedDate": "2019-11-08 16:06:15",
    "calendarYear": "2019",
    "period": "Q3",
    "revenue": 1698654000,
    "costOfRevenue": 1013575000,
    "grossProfit": 685079000,
    "grossProfitRatio": 0.4033069713,
    "researchAndDevelopmentExpenses": 0,
    "generalAndAdministrativeExpenses": 17061000,
    "sellingAndMarketingExpenses": 0,
    "sellingGeneralAndAdministrativeExpenses": 17061000,
    "otherExpenses": 247843000,
    "operatingExpenses": 264904000,
    "costAndExpenses": 1278479000,
    "interestIncome": 0,
    "interestExpense": 31328000,
    "depreciationAndAmortization": 20003000,
    "ebitda": 488636000,
    "ebitdaratio": 0.2876607008,
    "operatingIncome": 420175000,
    "operatingIncomeRatio": 0.2473576137,
    "totalOtherIncomeExpensesNet": 17130000,
    "incomeBeforeTax": 437305000,
    "incomeBeforeTaxRatio": 0.2574420688,
    "incomeTaxExpense": 38116000,
    "netIncome": 392453000,
    "netIncomeRatio": 0.2310376333,
    "eps": 0.95,
    "epsdiluted": 0.92,
    "weightedAverageShsOut": 402564121,
    "weightedAverageShsOutDil": 413180201,
    "link": "https://www.sec.gov/Archives/edgar/data/947484/000094748419000059/0000947484-19-000059-index.htm",
    "finalLink": "https://www.sec.gov/Archives/edgar/data/947484/000094748419000059/acgl10q93019.htm"
  },
  {
    "date": "2019-06-30",
    "symbol": "ACGL",
    "reportedCurrency": "USD",
    "cik": "0000947484",
    "fillingDate": "2019-08-07",
    "acceptedDate": "2019-08-07 11:57:11",
    "calendarYear": "2019",
    "period": "Q2",
    "revenue": 1741652000,
    "costOfRevenue": 977632000,
    "grossProfit": 764020000,
    "grossProfitRatio": 0.4386754644,
    "researchAndDevelopmentExpenses": 0,
    "generalAndAdministrativeExpenses": 18251000,
    "sellingAndMarketingExpenses": 0,
    "sellingGeneralAndAdministrativeExpenses": 18251000,
    "otherExpenses": 247988000,
    "operatingExpenses": 266239000,
    "costAndExpenses": 1243871000,
    "interestIncome": 0,
    "interestExpense": 29280000,
    "depreciationAndAmortization": 19794000,
    "ebitda": 579391000,
    "ebitdaratio": 0.3326674904,
    "operatingIncome": 497781000,
    "operatingIncomeRatio": 0.2858096795,
    "totalOtherIncomeExpensesNet": 32536000,
    "incomeBeforeTax": 530317000,
    "incomeBeforeTaxRatio": 0.3044907938,
    "incomeTaxExpense": 44472000,
    "netIncome": 468954000,
    "netIncomeRatio": 0.2692581526,
    "eps": 1.14,
    "epsdiluted": 1.12,
    "weightedAverageShsOut": 401482784,
    "weightedAverageShsOutDil": 410899483,
    "link": "https://www.sec.gov/Archives/edgar/data/947484/000094748419000045/0000947484-19-000045-index.htm",
    "finalLink": "https://www.sec.gov/Archives/edgar/data/947484/000094748419000045/acgl10q63019.htm"
  },
  {
    "date": "2019-03-31",
    "symbol": "ACGL",
    "reportedCurrency": "USD",
    "cik": "0000947484",
    "fillingDate": "2019-05-07",
    "acceptedDate": "2019-05-07 16:40:24",
    "calendarYear": "2019",
    "period": "Q1",
    "revenue": 1679504000,
    "costOfRevenue": 916380000,
    "grossProfit": 763124000,
    "grossProfitRatio": 0.4543746249,
    "researchAndDevelopmentExpenses": 0,
    "generalAndAdministrativeExpenses": 17962000,
    "sellingAndMarketingExpenses": 0,
    "sellingGeneralAndAdministrativeExpenses": 17962000,
    "otherExpenses": 250645000,
    "operatingExpenses": 268607000,
    "costAndExpenses": 1184987000,
    "interestIncome": 0,
    "interestExpense": 29065000,
    "depreciationAndAmortization": 20417000,
    "ebitda": 590866000,
    "ebitdaratio": 0.35180982,
    "operatingIncome": 494517000,
    "operatingIncomeRatio": 0.2944422877,
    "totalOtherIncomeExpensesNet": 46867000,
    "incomeBeforeTax": 541384000,
    "incomeBeforeTaxRatio": 0.3223475502,
    "incomeTaxExpense": 45886000,
    "netIncome": 448528000,
    "netIncomeRatio": 0.2670597986,
    "eps": 1.09,
    "epsdiluted": 1.07,
    "weightedAverageShsOut": 400184404,
    "weightedAverageShsOutDil": 408971029,
    "link": "https://www.sec.gov/Archives/edgar/data/947484/000094748419000033/0000947484-19-000033-index.htm",
    "finalLink": "https://www.sec.gov/Archives/edgar/data/947484/000094748419000033/acgl10q33119.htm"
  },
  {
    "date": "2018-12-31",
    "symbol": "ACGL",
    "reportedCurrency": "USD",
    "cik": "0000947484",
    "fillingDate": "2019-02-28",
    "acceptedDate": "2019-02-28 16:14:41",
    "calendarYear": "2018",
    "period": "Q4",
    "revenue": 1383481000,
    "costOfRevenue": 1036992000,
    "grossProfit": 346489000,
    "grossProfitRatio": 0.2504472414,
    "researchAndDevelopmentExpenses": 0,
    "generalAndAdministrativeExpenses": 26835000,
    "sellingAndMarketingExpenses": 0,
    "sellingGeneralAndAdministrativeExpenses": 26835000,
    "otherExpenses": 221436000,
    "operatingExpenses": 248271000,
    "costAndExpenses": 1285263000,
    "interestIncome": 0,
    "interestExpense": 29774000,
    "depreciationAndAmortization": 26147000,
    "ebitda": 147257000,
    "ebitdaratio": 0.1064394813,
    "operatingIncome": 98218000,
    "operatingIncomeRatio": 0.0709933855,
    "totalOtherIncomeExpensesNet": -6882000,
    "incomeBeforeTax": 91336000,
    "incomeBeforeTaxRatio": 0.0660189768,
    "incomeTaxExpense": 35012000,
    "netIncome": 136494000,
    "netIncomeRatio": 0.0986598298,
    "eps": 0.31,
    "epsdiluted": 0.31,
    "weightedAverageShsOut": 402185557,
    "weightedAverageShsOutDil": 410112097,
    "link": "https://www.sec.gov/Archives/edgar/data/947484/000094748419000008/0000947484-19-000008-index.htm",
    "finalLink": "https://www.sec.gov/Archives/edgar/data/947484/000094748419000008/a201810-k.htm"
  },
  {
    "date": "2018-09-30",
    "symbol": "ACGL",
    "reportedCurrency": "USD",
    "cik": "0000947484",
    "fillingDate": "2018-11-09",
    "acceptedDate": "2018-11-09 14:34:57",
    "calendarYear": "2018",
    "period": "Q3",
    "revenue": 1398640000,
    "costOfRevenue": 901022000,
    "grossProfit": 497618000,
    "grossProfitRatio": 0.3557870503,
    "researchAndDevelopmentExpenses": 0,
    "generalAndAdministrativeExpenses": 14335000,
    "sellingAndMarketingExpenses": 0,
    "sellingGeneralAndAdministrativeExpenses": 14335000,
    "otherExpenses": 217143000,
    "operatingExpenses": 231478000,
    "costAndExpenses": 1132500000,
    "interestIncome": 0,
    "interestExpense": 29730000,
    "depreciationAndAmortization": 26315000,
    "ebitda": 338167000,
    "ebitdaratio": 0.2417827318,
    "operatingIncome": 266140000,
    "operatingIncomeRatio": 0.1902848481,
    "totalOtherIncomeExpensesNet": 15982000,
    "incomeBeforeTax": 282122000,
    "incomeBeforeTaxRatio": 0.2017116628,
    "incomeTaxExpense": 33356000,
    "netIncome": 227408000,
    "netIncomeRatio": 0.1625922325,
    "eps": 0.54,
    "epsdiluted": 0.53,
    "weightedAverageShsOut": 402939092,
    "weightedAverageShsOutDil": 411721214,
    "link": "https://www.sec.gov/Archives/edgar/data/947484/000094748418000064/0000947484-18-000064-index.htm",
    "finalLink": "https://www.sec.gov/Archives/edgar/data/947484/000094748418000064/acgl10q93018.htm"
  },
  {
    "date": "2018-06-30",
    "symbol": "ACGL",
    "reportedCurrency": "USD",
    "cik": "0000947484",
    "fillingDate": "2018-08-08",
    "acceptedDate": "2018-08-08 15:11:33",
    "calendarYear": "2018",
    "period": "Q2",
    "revenue": 1456043000,
    "costOfRevenue": 928991000,
    "grossProfit": 527052000,
    "grossProfitRatio": 0.3619755735,
    "researchAndDevelopmentExpenses": 0,
    "generalAndAdministrativeExpenses": 22512000,
    "sellingAndMarketingExpenses": 0,
    "sellingGeneralAndAdministrativeExpenses": 22512000,
    "otherExpenses": 232997000,
    "operatingExpenses": 255509000,
    "costAndExpenses": 1184500000,
    "interestIncome": 0,
    "interestExpense": 30344000,
    "depreciationAndAmortization": 26472000,
    "ebitda": 336831000,
    "ebitdaratio": 0.2313331406,
    "operatingIncome": 271543000,
    "operatingIncomeRatio": 0.1864938055,
    "totalOtherIncomeExpensesNet": 8472000,
    "incomeBeforeTax": 280015000,
    "incomeBeforeTaxRatio": 0.192312315,
    "incomeTaxExpense": 23668000,
    "netIncome": 243646000,
    "netIncomeRatio": 0.1673343438,
    "eps": 0.58,
    "epsdiluted": 0.56,
    "weightedAverageShsOut": 404800421,
    "weightedAverageShsOutDil": 413111205,
    "link": "https://www.sec.gov/Archives/edgar/data/947484/000094748418000057/0000947484-18-000057-index.htm",
    "finalLink": "https://www.sec.gov/Archives/edgar/data/947484/000094748418000057/acgl10q63018.htm"
  },
  {
    "date": "2018-03-31",
    "symbol": "ACGL",
    "reportedCurrency": "USD",
    "cik": "0000947484",
    "fillingDate": "2018-05-09",
    "acceptedDate": "2018-05-09 16:06:45",
    "calendarYear": "2018",
    "period": "Q1",
    "revenue": 1236165000,
    "costOfRevenue": 828236000,
    "grossProfit": 407929000,
    "grossProfitRatio": 0.3299955912,
    "researchAndDevelopmentExpenses": 0,
    "generalAndAdministrativeExpenses": 15312000,
    "sellingAndMarketingExpenses": 0,
    "sellingGeneralAndAdministrativeExpenses": 15312000,
    "otherExpenses": 232387000,
    "operatingExpenses": 247699000,
    "costAndExpenses": 1075935000,
    "interestIncome": 0,
    "interestExpense": 30636000,
    "depreciationAndAmortization": 26736000,
    "ebitda": 245671000,
    "ebitdaratio": 0.1987364146,
    "operatingIncome": 160230000,
    "operatingIncomeRatio": 0.1296186189,
    "totalOtherIncomeExpensesNet": 28069000,
    "incomeBeforeTax": 188299000,
    "incomeBeforeTaxRatio": 0.1523251346,
    "incomeTaxExpense": 21915000,
    "netIncome": 150423000,
    "netIncomeRatio": 0.1216852119,
    "eps": 0.34,
    "epsdiluted": 0.33,
    "weightedAverageShsOut": 407539728,
    "weightedAverageShsOutDil": 417893802,
    "link": "https://www.sec.gov/Archives/edgar/data/947484/000094748418000039/0000947484-18-000039-index.htm",
    "finalLink": "https://www.sec.gov/Archives/edgar/data/947484/000094748418000039/acgl10q33118.htm"
  },
  {
    "date": "2017-12-31",
    "symbol": "ACGL",
    "reportedCurrency": "USD",
    "cik": "0000947484",
    "fillingDate": "2018-02-28",
    "acceptedDate": "2018-02-28 16:56:31",
    "calendarYear": "2017",
    "period": "Q4",
    "revenue": 1361899000,
    "costOfRevenue": 887754000,
    "grossProfit": 474145000,
    "grossProfitRatio": 0.3481498995,
    "researchAndDevelopmentExpenses": 0,
    "generalAndAdministrativeExpenses": 13986000,
    "sellingAndMarketingExpenses": 0,
    "sellingGeneralAndAdministrativeExpenses": 13986000,
    "otherExpenses": 231956000,
    "operatingExpenses": 245942000,
    "costAndExpenses": 1133696000,
    "interestIncome": 0,
    "interestExpense": 30496000,
    "depreciationAndAmortization": 31836000,
    "ebitda": 320937000,
    "ebitdaratio": 0.235654039,
    "operatingIncome": 228203000,
    "operatingIncomeRatio": 0.1675623523,
    "totalOtherIncomeExpensesNet": 30402000,
    "incomeBeforeTax": 258605000,
    "incomeBeforeTaxRatio": 0.1898855936,
    "incomeTaxExpense": 56813000,
    "netIncome": 214640000,
    "netIncomeRatio": 0.157603464,
    "eps": 0.5,
    "epsdiluted": 0.49,
    "weightedAverageShsOut": 406280748,
    "weightedAverageShsOutDil": 418735890,
    "link": "https://www.sec.gov/Archives/edgar/data/947484/000094748418000012/0000947484-18-000012-index.htm",
    "finalLink": "https://www.sec.gov/Archives/edgar/data/947484/000094748418000012/a201710-k.htm"
  },
  {
    "date": "2017-09-30",
    "symbol": "ACGL",
    "reportedCurrency": "USD",
    "cik": "0000947484",
    "fillingDate": "2017-11-03",
    "acceptedDate": "2017-11-03 16:35:57",
    "calendarYear": "2017",
    "period": "Q3",
    "revenue": 1420436000,
    "costOfRevenue": 1239995000,
    "grossProfit": 180441000,
    "grossProfitRatio": 0.1270321225,
    "researchAndDevelopmentExpenses": 0,
    "generalAndAdministrativeExpenses": 17098000,
    "sellingAndMarketingExpenses": 0,
    "sellingGeneralAndAdministrativeExpenses": 17098000,
    "otherExpenses": 231461000,
    "operatingExpenses": 248559000,
    "costAndExpenses": 1488554000,
    "interestIncome": 0,
    "interestExpense": 29510000,
    "depreciationAndAmortization": 31824000,
    "ebitda": 24306000,
    "ebitdaratio": 0.0171116474,
    "operatingIncome": -68118000,
    "operatingIncomeRatio": -0.0479556981,
    "totalOtherIncomeExpensesNet": 31090000,
    "incomeBeforeTax": -37028000,
    "incomeBeforeTaxRatio": -0.0260680523,
    "incomeTaxExpense": 8189000,
    "netIncome": -33656000,
    "netIncomeRatio": -0.0236941334,
    "eps": -0.0832,
    "epsdiluted": -0.0832,
    "weightedAverageShsOut": 404656353,
    "weightedAverageShsOutDil": 404656353,
    "link": "https://www.sec.gov/Archives/edgar/data/947484/000094748417000097/0000947484-17-000097-index.htm",
    "finalLink": "https://www.sec.gov/Archives/edgar/data/947484/000094748417000097/acgl10q93017.htm"
  },
  {
    "date": "2017-06-30",
    "symbol": "ACGL",
    "reportedCurrency": "USD",
    "cik": "0000947484",
    "fillingDate": "2017-08-04",
    "acceptedDate": "2017-08-04 13:28:12",
    "calendarYear": "2017",
    "period": "Q2",
    "revenue": 1335288000,
    "costOfRevenue": 880296000,
    "grossProfit": 454992000,
    "grossProfitRatio": 0.3407444686,
    "researchAndDevelopmentExpenses": 0,
    "generalAndAdministrativeExpenses": 24876000,
    "sellingAndMarketingExpenses": 0,
    "sellingGeneralAndAdministrativeExpenses": 24876000,
    "otherExpenses": 229554000,
    "operatingExpenses": 254430000,
    "costAndExpenses": 1134726000,
    "interestIncome": 0,
    "interestExpense": 28749000,
    "depreciationAndAmortization": 30824000,
    "ebitda": 292841000,
    "ebitdaratio": 0.2193092427,
    "operatingIncome": 200562000,
    "operatingIncomeRatio": 0.1502013049,
    "totalOtherIncomeExpensesNet": 32706000,
    "incomeBeforeTax": 233268000,
    "incomeBeforeTaxRatio": 0.1746948973,
    "incomeTaxExpense": 34169000,
    "netIncome": 185167000,
    "netIncomeRatio": 0.1386719569,
    "eps": 0.43,
    "epsdiluted": 0.42,
    "weightedAverageShsOut": 403459992,
    "weightedAverageShsOutDil": 417733938,
    "link": "https://www.sec.gov/Archives/edgar/data/947484/000094748417000055/0000947484-17-000055-index.htm",
    "finalLink": "https://www.sec.gov/Archives/edgar/data/947484/000094748417000055/acgl10q63017.htm"
  },
  {
    "date": "2017-03-31",
    "symbol": "ACGL",
    "reportedCurrency": "USD",
    "cik": "0000947484",
    "fillingDate": "2017-05-05",
    "acceptedDate": "2017-05-05 12:11:18",
    "calendarYear": "2017",
    "period": "Q1",
    "revenue": 1251684000,
    "costOfRevenue": 734859000,
    "grossProfit": 516825000,
    "grossProfitRatio": 0.4129037361,
    "researchAndDevelopmentExpenses": 0,
    "generalAndAdministrativeExpenses": 27792000,
    "sellingAndMarketingExpenses": 0,
    "sellingGeneralAndAdministrativeExpenses": 27792000,
    "otherExpenses": 234689000,
    "operatingExpenses": 262481000,
    "costAndExpenses": 997340000,
    "interestIncome": 0,
    "interestExpense": 28676000,
    "depreciationAndAmortization": 31294000,
    "ebitda": 362402000,
    "ebitdaratio": 0.2895315431,
    "operatingIncome": 254344000,
    "operatingIncomeRatio": 0.203201447,
    "totalOtherIncomeExpensesNet": 48088000,
    "incomeBeforeTax": 302432000,
    "incomeBeforeTaxRatio": 0.2416200894,
    "incomeTaxExpense": 28397000,
    "netIncome": 253127000,
    "netIncomeRatio": 0.2022291569,
    "eps": 0.6,
    "epsdiluted": 0.58,
    "weightedAverageShsOut": 402104781,
    "weightedAverageShsOutDil": 417143016,
    "link": "https://www.sec.gov/Archives/edgar/data/947484/000094748417000024/0000947484-17-000024-index.htm",
    "finalLink": "https://www.sec.gov/Archives/edgar/data/947484/000094748417000024/acgl10q33117.htm"
  },
  {
    "date": "2016-12-31",
    "symbol": "ACGL",
    "reportedCurrency": "USD",
    "cik": "0000947484",
    "fillingDate": "2017-03-01",
    "acceptedDate": "2017-03-01 15:50:14",
    "calendarYear": "2016",
    "period": "Q4",
    "revenue": 1009982000,
    "costOfRevenue": 722301000,
    "grossProfit": 287681000,
    "grossProfitRatio": 0.2848377496,
    "researchAndDevelopmentExpenses": 0,
    "generalAndAdministrativeExpenses": 36678000,
    "sellingAndMarketingExpenses": 0,
    "sellingGeneralAndAdministrativeExpenses": 36678000,
    "otherExpenses": 184148000,
    "operatingExpenses": 220826000,
    "costAndExpenses": 943127000,
    "interestIncome": 0,
    "interestExpense": 18539000,
    "depreciationAndAmortization": 0,
    "ebitda": 101815000,
    "ebitdaratio": 0.1008087273,
    "operatingIncome": 66855000,
    "operatingIncomeRatio": 0.066194249,
    "totalOtherIncomeExpensesNet": 16421000,
    "incomeBeforeTax": 83276000,
    "incomeBeforeTaxRatio": 0.0824529546,
    "incomeTaxExpense": -12298000,
    "netIncome": 74013000,
    "netIncomeRatio": 0.073281504,
    "eps": 0.17,
    "epsdiluted": 0.17,
    "weightedAverageShsOut": 363588744,
    "weightedAverageShsOutDil": 376281777,
    "link": "https://www.sec.gov/Archives/edgar/data/947484/000094748417000015/0000947484-17-000015-index.htm",
    "finalLink": "https://www.sec.gov/Archives/edgar/data/947484/000094748417000015/a201610-k.htm"
  },
  {
    "date": "2016-09-30",
    "symbol": "ACGL",
    "reportedCurrency": "USD",
    "cik": "0000947484",
    "fillingDate": "2016-11-04",
    "acceptedDate": "2016-11-04 12:43:38",
    "calendarYear": "2016",
    "period": "Q3",
    "revenue": 1178218000,
    "costOfRevenue": 685450000,
    "grossProfit": 492768000,
    "grossProfitRatio": 0.4182316006,
    "researchAndDevelopmentExpenses": 0,
    "generalAndAdministrativeExpenses": 18485000,
    "sellingAndMarketingExpenses": 0,
    "sellingGeneralAndAdministrativeExpenses": 18485000,
    "otherExpenses": 174094000,
    "operatingExpenses": 192579000,
    "costAndExpenses": 878029000,
    "interestIncome": 0,
    "interestExpense": 15943000,
    "depreciationAndAmortization": 4865000,
    "ebitda": 337659000,
    "ebitdaratio": 0.2865844861,
    "operatingIncome": 300189000,
    "operatingIncomeRatio": 0.254782222,
    "totalOtherIncomeExpensesNet": 16662000,
    "incomeBeforeTax": 316851000,
    "incomeBeforeTaxRatio": 0.2689239173,
    "incomeTaxExpense": 13231000,
    "netIncome": 252872000,
    "netIncomeRatio": 0.2146224213,
    "eps": 0.68,
    "epsdiluted": 0.66,
    "weightedAverageShsOut": 362816748,
    "weightedAverageShsOutDil": 374794959,
    "link": "https://www.sec.gov/Archives/edgar/data/947484/000094748416000074/0000947484-16-000074-index.htm",
    "finalLink": "https://www.sec.gov/Archives/edgar/data/947484/000094748416000074/acgl10q93016.htm"
  },
  {
    "date": "2016-06-30",
    "symbol": "ACGL",
    "reportedCurrency": "USD",
    "cik": "0000947484",
    "fillingDate": "2016-08-05",
    "acceptedDate": "2016-08-05 09:53:02",
    "calendarYear": "2016",
    "period": "Q2",
    "revenue": 1207077000,
    "costOfRevenue": 757269000,
    "grossProfit": 449808000,
    "grossProfitRatio": 0.3726423418,
    "researchAndDevelopmentExpenses": 0,
    "generalAndAdministrativeExpenses": 17200000,
    "sellingAndMarketingExpenses": 0,
    "sellingGeneralAndAdministrativeExpenses": 17200000,
    "otherExpenses": 177857000,
    "operatingExpenses": 195057000,
    "costAndExpenses": 952326000,
    "interestIncome": 0,
    "interestExpense": 15663000,
    "depreciationAndAmortization": 4880000,
    "ebitda": 284031000,
    "ebitdaratio": 0.23530479,
    "operatingIncome": 254751000,
    "operatingIncomeRatio": 0.2110478453,
    "totalOtherIncomeExpensesNet": 8737000,
    "incomeBeforeTax": 263488000,
    "incomeBeforeTaxRatio": 0.2182859917,
    "incomeTaxExpense": 14131000,
    "netIncome": 211055000,
    "netIncomeRatio": 0.1748480006,
    "eps": 0.57,
    "epsdiluted": 0.55,
    "weightedAverageShsOut": 361797180,
    "weightedAverageShsOutDil": 373096788,
    "link": "https://www.sec.gov/Archives/edgar/data/947484/000094748416000061/0000947484-16-000061-index.htm",
    "finalLink": "https://www.sec.gov/Archives/edgar/data/947484/000094748416000061/acgl10q63016.htm"
  },
  {
    "date": "2016-03-31",
    "symbol": "ACGL",
    "reportedCurrency": "USD",
    "cik": "0000947484",
    "fillingDate": "2016-05-06",
    "acceptedDate": "2016-05-06 15:05:48",
    "calendarYear": "2016",
    "period": "Q1",
    "revenue": 1056455000,
    "costOfRevenue": 690787000,
    "grossProfit": 365668000,
    "grossProfitRatio": 0.3461273788,
    "researchAndDevelopmentExpenses": 0,
    "generalAndAdministrativeExpenses": 9383000,
    "sellingAndMarketingExpenses": 0,
    "sellingGeneralAndAdministrativeExpenses": 9383000,
    "otherExpenses": 171003000,
    "operatingExpenses": 180386000,
    "costAndExpenses": 871173000,
    "interestIncome": 0,
    "interestExpense": 16107000,
    "depreciationAndAmortization": 4748000,
    "ebitda": 212792000,
    "ebitdaratio": 0.2014207893,
    "operatingIncome": 185282000,
    "operatingIncomeRatio": 0.1753808728,
    "totalOtherIncomeExpensesNet": 6655000,
    "incomeBeforeTax": 191937000,
    "incomeBeforeTaxRatio": 0.1816802419,
    "incomeTaxExpense": 16310000,
    "netIncome": 154798000,
    "netIncomeRatio": 0.1465258814,
    "eps": 0.41,
    "epsdiluted": 0.4,
    "weightedAverageShsOut": 361284537,
    "weightedAverageShsOutDil": 373489488,
    "link": "https://www.sec.gov/Archives/edgar/data/947484/000094748416000054/0000947484-16-000054-index.htm",
    "finalLink": "https://www.sec.gov/Archives/edgar/data/947484/000094748416000054/acgl10q33116.htm"
  },
  {
    "date": "2015-12-31",
    "symbol": "ACGL",
    "reportedCurrency": "USD",
    "cik": "0000947484",
    "fillingDate": "2016-02-26",
    "acceptedDate": "2016-02-26 17:38:12",
    "calendarYear": "2015",
    "period": "Q4",
    "revenue": 901007000,
    "costOfRevenue": 677429000,
    "grossProfit": 223578000,
    "grossProfitRatio": 0.2481423563,
    "researchAndDevelopmentExpenses": 0,
    "generalAndAdministrativeExpenses": 0,
    "sellingAndMarketingExpenses": 0,
    "sellingGeneralAndAdministrativeExpenses": 0,
    "otherExpenses": 189639000,
    "operatingExpenses": 189639000,
    "costAndExpenses": 867068000,
    "interestIncome": 0,
    "interestExpense": 15827000,
    "depreciationAndAmortization": 0,
    "ebitda": 55283000,
    "ebitdaratio": 0.061356904,
    "operatingIncome": 33939000,
    "operatingIncomeRatio": 0.0376678539,
    "totalOtherIncomeExpensesNet": 5517000,
    "incomeBeforeTax": 39456000,
    "incomeBeforeTaxRatio": 0.0437910027,
    "incomeTaxExpense": 11450000,
    "netIncome": 58579000,
    "netIncomeRatio": 0.0650150332,
    "eps": 0.15,
    "epsdiluted": 0.14,
    "weightedAverageShsOut": 362101572,
    "weightedAverageShsOutDil": 375935826,
    "link": "https://www.sec.gov/Archives/edgar/data/947484/000094748416000043/0000947484-16-000043-index.htm",
    "finalLink": "https://www.sec.gov/Archives/edgar/data/947484/000094748416000043/a201510-k.htm"
  },
  {
    "date": "2015-09-30",
    "symbol": "ACGL",
    "reportedCurrency": "USD",
    "cik": "0000947484",
    "fillingDate": "2015-11-09",
    "acceptedDate": "2015-11-09 14:27:44",
    "calendarYear": "2015",
    "period": "Q3",
    "revenue": 949388000,
    "costOfRevenue": 703307000,
    "grossProfit": 246081000,
    "grossProfitRatio": 0.2591996107,
    "researchAndDevelopmentExpenses": 0,
    "generalAndAdministrativeExpenses": 10739000,
    "sellingAndMarketingExpenses": 0,
    "sellingGeneralAndAdministrativeExpenses": 10739000,
    "otherExpenses": 159520000,
    "operatingExpenses": 170259000,
    "costAndExpenses": 873566000,
    "interestIncome": 0,
    "interestExpense": 13300000,
    "depreciationAndAmortization": 0,
    "ebitda": 87004000,
    "ebitdaratio": 0.0916421948,
    "operatingIncome": 75822000,
    "operatingIncomeRatio": 0.0798640809,
    "totalOtherIncomeExpensesNet": -2118000,
    "incomeBeforeTax": 73704000,
    "incomeBeforeTaxRatio": 0.07763317,
    "incomeTaxExpense": 9704000,
    "netIncome": 80033000,
    "netIncomeRatio": 0.0842995698,
    "eps": 0.21,
    "epsdiluted": 0.2,
    "weightedAverageShsOut": 361702230,
    "weightedAverageShsOutDil": 375035319,
    "link": "https://www.sec.gov/Archives/edgar/data/947484/000094748415000037/0000947484-15-000037-index.htm",
    "finalLink": "https://www.sec.gov/Archives/edgar/data/947484/000094748415000037/acgl10q93015.htm"
  },
  {
    "date": "2015-06-30",
    "symbol": "ACGL",
    "reportedCurrency": "USD",
    "cik": "0000947484",
    "fillingDate": "2015-08-07",
    "acceptedDate": "2015-08-07 16:03:45",
    "calendarYear": "2015",
    "period": "Q2",
    "revenue": 983902000,
    "costOfRevenue": 694851000,
    "grossProfit": 289051000,
    "grossProfitRatio": 0.2937802749,
    "researchAndDevelopmentExpenses": 0,
    "generalAndAdministrativeExpenses": 17418000,
    "sellingAndMarketingExpenses": 0,
    "sellingGeneralAndAdministrativeExpenses": 17418000,
    "otherExpenses": 155201000,
    "operatingExpenses": 172619000,
    "costAndExpenses": 867470000,
    "interestIncome": 0,
    "interestExpense": 4011000,
    "depreciationAndAmortization": 0,
    "ebitda": 136610000,
    "ebitdaratio": 0.1388451289,
    "operatingIncome": 116432000,
    "operatingIncomeRatio": 0.1183369888,
    "totalOtherIncomeExpensesNet": 16167000,
    "incomeBeforeTax": 132599000,
    "incomeBeforeTaxRatio": 0.1347685034,
    "incomeTaxExpense": 6780000,
    "netIncome": 115790000,
    "netIncomeRatio": 0.1176844848,
    "eps": 0.3,
    "epsdiluted": 0.29,
    "weightedAverageShsOut": 365157642,
    "weightedAverageShsOutDil": 377656260,
    "link": "https://www.sec.gov/Archives/edgar/data/947484/000094748415000027/0000947484-15-000027-index.htm",
    "finalLink": "https://www.sec.gov/Archives/edgar/data/947484/000094748415000027/acgl10q63015.htm"
  },
  {
    "date": "2015-03-31",
    "symbol": "ACGL",
    "reportedCurrency": "USD",
    "cik": "0000947484",
    "fillingDate": "2015-05-08",
    "acceptedDate": "2015-05-08 12:58:16",
    "calendarYear": "2015",
    "period": "Q1",
    "revenue": 1142956000,
    "costOfRevenue": 656792000,
    "grossProfit": 486164000,
    "grossProfitRatio": 0.4253567066,
    "researchAndDevelopmentExpenses": 0,
    "generalAndAdministrativeExpenses": 0,
    "sellingAndMarketingExpenses": 0,
    "sellingGeneralAndAdministrativeExpenses": 0,
    "otherExpenses": 170618000,
    "operatingExpenses": 170618000,
    "costAndExpenses": 827410000,
    "interestIncome": 0,
    "interestExpense": 12736000,
    "depreciationAndAmortization": 0,
    "ebitda": 334171000,
    "ebitdaratio": 0.2923743346,
    "operatingIncome": 315546000,
    "operatingIncomeRatio": 0.2760788692,
    "totalOtherIncomeExpensesNet": 5889000,
    "incomeBeforeTax": 321435000,
    "incomeBeforeTaxRatio": 0.2812312985,
    "incomeTaxExpense": 12678000,
    "netIncome": 283336000,
    "netIncomeRatio": 0.2478975569,
    "eps": 0.75,
    "epsdiluted": 0.72,
    "weightedAverageShsOut": 372627828,
    "weightedAverageShsOutDil": 385353162,
    "link": "https://www.sec.gov/Archives/edgar/data/947484/000094748415000019/0000947484-15-000019-index.htm",
    "finalLink": "https://www.sec.gov/Archives/edgar/data/947484/000094748415000019/acgl10q33115.htm"
  },
  {
    "date": "2014-12-31",
    "symbol": "ACGL",
    "reportedCurrency": "USD",
    "cik": "0000947484",
    "fillingDate": "2015-02-27",
    "acceptedDate": "2015-02-27 17:05:02",
    "calendarYear": "2014",
    "period": "Q4",
    "revenue": 1048597000,
    "costOfRevenue": 671034000,
    "grossProfit": 377563000,
    "grossProfitRatio": 0.3600649248,
    "researchAndDevelopmentExpenses": 0,
    "generalAndAdministrativeExpenses": 0,
    "sellingAndMarketingExpenses": 0,
    "sellingGeneralAndAdministrativeExpenses": 0,
    "otherExpenses": 167339000,
    "operatingExpenses": 167339000,
    "costAndExpenses": 838373000,
    "interestIncome": 0,
    "interestExpense": 12744000,
    "depreciationAndAmortization": 0,
    "ebitda": 225392000,
    "ebitdaratio": 0.2149462568,
    "operatingIncome": 210224000,
    "operatingIncomeRatio": 0.2004812144,
    "totalOtherIncomeExpensesNet": 2424000,
    "incomeBeforeTax": 212648000,
    "incomeBeforeTaxRatio": 0.2027928747,
    "incomeTaxExpense": 5514000,
    "netIncome": 215164000,
    "netIncomeRatio": 0.2051922712,
    "eps": 0.55,
    "epsdiluted": 0.53,
    "weightedAverageShsOut": 380571123,
    "weightedAverageShsOutDil": 392565654,
    "link": "https://www.sec.gov/Archives/edgar/data/947484/000094748415000010/0000947484-15-000010-index.htm",
    "finalLink": "https://www.sec.gov/Archives/edgar/data/947484/000094748415000010/a201410-k.htm"
  },
  {
    "date": "2014-09-30",
    "symbol": "ACGL",
    "reportedCurrency": "USD",
    "cik": "0000947484",
    "fillingDate": "2014-11-07",
    "acceptedDate": "2014-11-07 16:12:25",
    "calendarYear": "2014",
    "period": "Q3",
    "revenue": 1043596000,
    "costOfRevenue": 665220000,
    "grossProfit": 378376000,
    "grossProfitRatio": 0.3625694234,
    "researchAndDevelopmentExpenses": 0,
    "generalAndAdministrativeExpenses": 0,
    "sellingAndMarketingExpenses": 0,
    "sellingGeneralAndAdministrativeExpenses": 0,
    "otherExpenses": 153632000,
    "operatingExpenses": 153632000,
    "costAndExpenses": 818852000,
    "interestIncome": 0,
    "interestExpense": 4152000,
    "depreciationAndAmortization": 0,
    "ebitda": 233862000,
    "ebitdaratio": 0.2240924649,
    "operatingIncome": 224744000,
    "operatingIncomeRatio": 0.2153553674,
    "totalOtherIncomeExpensesNet": 4966000,
    "incomeBeforeTax": 229710000,
    "incomeBeforeTaxRatio": 0.2201139138,
    "incomeTaxExpense": 6446000,
    "netIncome": 228675000,
    "netIncomeRatio": 0.2191221507,
    "eps": 0.56,
    "epsdiluted": 0.55,
    "weightedAverageShsOut": 395837886,
    "weightedAverageShsOutDil": 407629815,
    "link": "https://www.sec.gov/Archives/edgar/data/947484/000094748414000030/0000947484-14-000030-index.htm",
    "finalLink": "https://www.sec.gov/Archives/edgar/data/947484/000094748414000030/acgl10q93014.htm"
  },
  {
    "date": "2014-06-30",
    "symbol": "ACGL",
    "reportedCurrency": "USD",
    "cik": "0000947484",
    "fillingDate": "2014-08-08",
    "acceptedDate": "2014-08-08 14:12:13",
    "calendarYear": "2014",
    "period": "Q2",
    "revenue": 1024126000,
    "costOfRevenue": 643676000,
    "grossProfit": 380450000,
    "grossProfitRatio": 0.3714874927,
    "researchAndDevelopmentExpenses": 0,
    "generalAndAdministrativeExpenses": 0,
    "sellingAndMarketingExpenses": 0,
    "sellingGeneralAndAdministrativeExpenses": 0,
    "otherExpenses": 170684000,
    "operatingExpenses": 170684000,
    "costAndExpenses": 814360000,
    "interestIncome": 0,
    "interestExpense": 14334000,
    "depreciationAndAmortization": 0,
    "ebitda": 233340000,
    "ebitdaratio": 0.2278430584,
    "operatingIncome": 209766000,
    "operatingIncomeRatio": 0.2048244064,
    "totalOtherIncomeExpensesNet": 9240000,
    "incomeBeforeTax": 219006000,
    "incomeBeforeTaxRatio": 0.2138467337,
    "incomeTaxExpense": 7289000,
    "netIncome": 208016000,
    "netIncomeRatio": 0.2031156323,
    "eps": 0.51,
    "epsdiluted": 0.49,
    "weightedAverageShsOut": 397951902,
    "weightedAverageShsOutDil": 410669832,
    "link": "https://www.sec.gov/Archives/edgar/data/947484/000094748414000020/0000947484-14-000020-index.htm",
    "finalLink": "https://www.sec.gov/Archives/edgar/data/947484/000094748414000020/acgl10q63014.htm"
  },
  {
    "date": "2014-03-31",
    "symbol": "ACGL",
    "reportedCurrency": "USD",
    "cik": "0000947484",
    "fillingDate": "2014-05-12",
    "acceptedDate": "2014-05-12 13:54:09",
    "calendarYear": "2014",
    "period": "Q1",
    "revenue": 936415000,
    "costOfRevenue": 596582000,
    "grossProfit": 339833000,
    "grossProfitRatio": 0.3629085395,
    "researchAndDevelopmentExpenses": 0,
    "generalAndAdministrativeExpenses": 0,
    "sellingAndMarketingExpenses": 0,
    "sellingGeneralAndAdministrativeExpenses": 0,
    "otherExpenses": 160203000,
    "operatingExpenses": 160203000,
    "costAndExpenses": 756785000,
    "interestIncome": 0,
    "interestExpense": 14404000,
    "depreciationAndAmortization": 0,
    "ebitda": 197287000,
    "ebitdaratio": 0.2106832975,
    "operatingIncome": 179630000,
    "operatingIncomeRatio": 0.1918273415,
    "totalOtherIncomeExpensesNet": 3253000,
    "incomeBeforeTax": 182883000,
    "incomeBeforeTaxRatio": 0.1953012286,
    "incomeTaxExpense": 3738000,
    "netIncome": 182500000,
    "netIncomeRatio": 0.1948922219,
    "eps": 0.45,
    "epsdiluted": 0.43,
    "weightedAverageShsOut": 395573730,
    "weightedAverageShsOutDil": 409688151,
    "link": "https://www.sec.gov/Archives/edgar/data/947484/000094748414000014/0000947484-14-000014-index.htm",
    "finalLink": "https://www.sec.gov/Archives/edgar/data/947484/000094748414000014/acgl10q33114.htm"
  },
  {
    "date": "2013-12-31",
    "symbol": "ACGL",
    "reportedCurrency": "USD",
    "cik": "0000947484",
    "fillingDate": "2014-03-03",
    "acceptedDate": "2014-03-03 14:05:07",
    "calendarYear": "2013",
    "period": "Q4",
    "revenue": 907958000,
    "costOfRevenue": 591844000,
    "grossProfit": 316114000,
    "grossProfitRatio": 0.3481592761,
    "researchAndDevelopmentExpenses": 0,
    "generalAndAdministrativeExpenses": 0,
    "sellingAndMarketingExpenses": 0,
    "sellingGeneralAndAdministrativeExpenses": 0,
    "otherExpenses": 144442000,
    "operatingExpenses": 144442000,
    "costAndExpenses": 736286000,
    "interestIncome": 0,
    "interestExpense": 9373000,
    "depreciationAndAmortization": 0,
    "ebitda": 186317000,
    "ebitdaratio": 0.2052044258,
    "operatingIncome": 171672000,
    "operatingIncomeRatio": 0.189074825,
    "totalOtherIncomeExpensesNet": 5272000,
    "incomeBeforeTax": 176944000,
    "incomeBeforeTaxRatio": 0.194881261,
    "incomeTaxExpense": 15454000,
    "netIncome": 161490000,
    "netIncomeRatio": 0.1778606499,
    "eps": 0.4,
    "epsdiluted": 0.38,
    "weightedAverageShsOut": 394894818,
    "weightedAverageShsOutDil": 409403994,
    "link": "https://www.sec.gov/Archives/edgar/data/947484/000094748414000006/0000947484-14-000006-index.htm",
    "finalLink": "https://www.sec.gov/Archives/edgar/data/947484/000094748414000006/a201310-k.htm"
  },
  {
    "date": "2013-09-30",
    "symbol": "ACGL",
    "reportedCurrency": "USD",
    "cik": "0000947484",
    "fillingDate": "2013-11-08",
    "acceptedDate": "2013-11-08 11:35:05",
    "calendarYear": "2013",
    "period": "Q3",
    "revenue": 814921000,
    "costOfRevenue": 574358000,
    "grossProfit": 240563000,
    "grossProfitRatio": 0.2951979394,
    "researchAndDevelopmentExpenses": 0,
    "generalAndAdministrativeExpenses": 0,
    "sellingAndMarketingExpenses": 0,
    "sellingGeneralAndAdministrativeExpenses": 0,
    "otherExpenses": 124007000,
    "operatingExpenses": 124007000,
    "costAndExpenses": 698365000,
    "interestIncome": 0,
    "interestExpense": 5937000,
    "depreciationAndAmortization": 0,
    "ebitda": 128158000,
    "ebitdaratio": 0.1572643238,
    "operatingIncome": 116556000,
    "operatingIncomeRatio": 0.1430273609,
    "totalOtherIncomeExpensesNet": 5665000,
    "incomeBeforeTax": 122221000,
    "incomeBeforeTaxRatio": 0.149978955,
    "incomeTaxExpense": 7396000,
    "netIncome": 114825000,
    "netIncomeRatio": 0.1409032287,
    "eps": 0.28,
    "epsdiluted": 0.27,
    "weightedAverageShsOut": 394485888,
    "weightedAverageShsOutDil": 408103239,
    "link": "https://www.sec.gov/Archives/edgar/data/947484/000094748413000023/0000947484-13-000023-index.htm",
    "finalLink": "https://www.sec.gov/Archives/edgar/data/947484/000094748413000023/acgl10q93013.htm"
  },
  {
    "date": "2013-06-30",
    "symbol": "ACGL",
    "reportedCurrency": "USD",
    "cik": "0000947484",
    "fillingDate": "2013-08-09",
    "acceptedDate": "2013-08-09 11:43:05",
    "calendarYear": "2013",
    "period": "Q2",
    "revenue": 854660000,
    "costOfRevenue": 550330000,
    "grossProfit": 304330000,
    "grossProfitRatio": 0.3560831208,
    "researchAndDevelopmentExpenses": 0,
    "generalAndAdministrativeExpenses": 0,
    "sellingAndMarketingExpenses": 0,
    "sellingGeneralAndAdministrativeExpenses": 0,
    "otherExpenses": 133260000,
    "operatingExpenses": 133260000,
    "costAndExpenses": 683590000,
    "interestIncome": 0,
    "interestExpense": 5852000,
    "depreciationAndAmortization": 0,
    "ebitda": 187863000,
    "ebitdaratio": 0.2198102169,
    "operatingIncome": 171070000,
    "operatingIncomeRatio": 0.2001614677,
    "totalOtherIncomeExpensesNet": 10941000,
    "incomeBeforeTax": 182011000,
    "incomeBeforeTaxRatio": 0.2129630496,
    "incomeTaxExpense": 5071000,
    "netIncome": 176940000,
    "netIncomeRatio": 0.207029696,
    "eps": 0.44,
    "epsdiluted": 0.42,
    "weightedAverageShsOut": 394131822,
    "weightedAverageShsOutDil": 407547150,
    "link": "https://www.sec.gov/Archives/edgar/data/947484/000094748413000017/0000947484-13-000017-index.htm",
    "finalLink": "https://www.sec.gov/Archives/edgar/data/947484/000094748413000017/acgl10q63013.htm"
  },
  {
    "date": "2013-03-31",
    "symbol": "ACGL",
    "reportedCurrency": "USD",
    "cik": "0000947484",
    "fillingDate": "2013-05-10",
    "acceptedDate": "2013-05-10 13:21:57",
    "calendarYear": "2013",
    "period": "Q1",
    "revenue": 900582000,
    "costOfRevenue": 526995000,
    "grossProfit": 373587000,
    "grossProfitRatio": 0.414828411,
    "researchAndDevelopmentExpenses": 0,
    "generalAndAdministrativeExpenses": 0,
    "sellingAndMarketingExpenses": 0,
    "sellingGeneralAndAdministrativeExpenses": 0,
    "otherExpenses": 126081000,
    "operatingExpenses": 126081000,
    "costAndExpenses": 653076000,
    "interestIncome": 0,
    "interestExpense": 5898000,
    "depreciationAndAmortization": 0,
    "ebitda": 267227000,
    "ebitdaratio": 0.2967270054,
    "operatingIncome": 247506000,
    "operatingIncomeRatio": 0.2748289439,
    "totalOtherIncomeExpensesNet": 13823000,
    "incomeBeforeTax": 261329000,
    "incomeBeforeTaxRatio": 0.2901779072,
    "incomeTaxExpense": 4853000,
    "netIncome": 256476000,
    "netIncomeRatio": 0.2847891697,
    "eps": 0.64,
    "epsdiluted": 0.62,
    "weightedAverageShsOut": 392723706,
    "weightedAverageShsOutDil": 406227864,
    "link": "https://www.sec.gov/Archives/edgar/data/947484/000144530513001279/0001445305-13-001279-index.htm",
    "finalLink": "https://www.sec.gov/Archives/edgar/data/947484/000144530513001279/acgl10q33113.htm"
  },
  {
    "date": "2012-12-31",
    "symbol": "ACGL",
    "reportedCurrency": "USD",
    "cik": "0000947484",
    "fillingDate": "2013-03-01",
    "acceptedDate": "2013-03-01 17:02:52",
    "calendarYear": "2012",
    "period": "Q4",
    "revenue": 880924000,
    "costOfRevenue": 756074000,
    "grossProfit": 124850000,
    "grossProfitRatio": 0.1417261875,
    "researchAndDevelopmentExpenses": 0,
    "generalAndAdministrativeExpenses": 0,
    "sellingAndMarketingExpenses": 0,
    "sellingGeneralAndAdministrativeExpenses": 0,
    "otherExpenses": 134320000,
    "operatingExpenses": 134320000,
    "costAndExpenses": 890394000,
    "interestIncome": 0,
    "interestExpense": 6187000,
    "depreciationAndAmortization": 0,
    "ebitda": 13284000,
    "ebitdaratio": 0.0150796209,
    "operatingIncome": -9470000,
    "operatingIncomeRatio": -0.0107500761,
    "totalOtherIncomeExpensesNet": 16567000,
    "incomeBeforeTax": 7097000,
    "incomeBeforeTaxRatio": 0.0080563136,
    "incomeTaxExpense": -12120000,
    "netIncome": 19217000,
    "netIncomeRatio": 0.0218145947,
    "eps": 0.0477,
    "epsdiluted": 0.0463,
    "weightedAverageShsOut": 402687234,
    "weightedAverageShsOutDil": 414812559,
    "link": "https://www.sec.gov/Archives/edgar/data/947484/000104746913002083/0001047469-13-002083-index.htm",
    "finalLink": "https://www.sec.gov/Archives/edgar/data/947484/000104746913002083/a2213076z10-k.htm"
  },
  {
    "date": "2012-09-30",
    "symbol": "ACGL",
    "reportedCurrency": "USD",
    "cik": "0000947484",
    "fillingDate": "2012-11-09",
    "acceptedDate": "2012-11-09 13:52:55",
    "calendarYear": "2012",
    "period": "Q3",
    "revenue": 863719000,
    "costOfRevenue": 571936000,
    "grossProfit": 291783000,
    "grossProfitRatio": 0.3378216758,
    "researchAndDevelopmentExpenses": 0,
    "generalAndAdministrativeExpenses": 0,
    "sellingAndMarketingExpenses": 0,
    "sellingGeneralAndAdministrativeExpenses": 0,
    "otherExpenses": 121016000,
    "operatingExpenses": 121016000,
    "costAndExpenses": 692952000,
    "interestIncome": 0,
    "interestExpense": 7378000,
    "depreciationAndAmortization": 0,
    "ebitda": 202475000,
    "ebitdaratio": 0.2344223063,
    "operatingIncome": 170767000,
    "operatingIncomeRatio": 0.1977112927,
    "totalOtherIncomeExpensesNet": 24330000,
    "incomeBeforeTax": 195097000,
    "incomeBeforeTaxRatio": 0.2258801763,
    "incomeTaxExpense": 5441000,
    "netIncome": 189656000,
    "netIncomeRatio": 0.2195806738,
    "eps": 0.45,
    "epsdiluted": 0.44,
    "weightedAverageShsOut": 405202080,
    "weightedAverageShsOutDil": 416090802,
    "link": "https://www.sec.gov/Archives/edgar/data/947484/000110465912076528/0001104659-12-076528-index.htm",
    "finalLink": "https://www.sec.gov/Archives/edgar/data/947484/000110465912076528/a12-20028_110q.htm"
  },
  {
    "date": "2012-06-30",
    "symbol": "ACGL",
    "reportedCurrency": "USD",
    "cik": "0000947484",
    "fillingDate": "2012-08-08",
    "acceptedDate": "2012-08-08 15:15:43",
    "calendarYear": "2012",
    "period": "Q2",
    "revenue": 866546000,
    "costOfRevenue": 527982000,
    "grossProfit": 338564000,
    "grossProfitRatio": 0.3907051674,
    "researchAndDevelopmentExpenses": 0,
    "generalAndAdministrativeExpenses": 0,
    "sellingAndMarketingExpenses": 0,
    "sellingGeneralAndAdministrativeExpenses": 0,
    "otherExpenses": 125316000,
    "operatingExpenses": 125316000,
    "costAndExpenses": 653298000,
    "interestIncome": 0,
    "interestExpense": 7439000,
    "depreciationAndAmortization": 0,
    "ebitda": 228474000,
    "ebitdaratio": 0.2636605558,
    "operatingIncome": 213248000,
    "operatingIncomeRatio": 0.2460896479,
    "totalOtherIncomeExpensesNet": 7787000,
    "incomeBeforeTax": 221035000,
    "incomeBeforeTaxRatio": 0.255075899,
    "incomeTaxExpense": 767000,
    "netIncome": 220268000,
    "netIncomeRatio": 0.2541907758,
    "eps": 0.53,
    "epsdiluted": 0.51,
    "weightedAverageShsOut": 403587387,
    "weightedAverageShsOutDil": 414635208,
    "link": "https://www.sec.gov/Archives/edgar/data/947484/000110465912055833/0001104659-12-055833-index.htm",
    "finalLink": "https://www.sec.gov/Archives/edgar/data/947484/000110465912055833/a12-13888_110q.htm"
  },
  {
    "date": "2012-03-31",
    "symbol": "ACGL",
    "reportedCurrency": "USD",
    "cik": "0000947484",
    "fillingDate": "2012-05-10",
    "acceptedDate": "2012-05-10 16:11:37",
    "calendarYear": "2012",
    "period": "Q1",
    "revenue": 768423000,
    "costOfRevenue": 514169000,
    "grossProfit": 254254000,
    "grossProfitRatio": 0.3308776546,
    "researchAndDevelopmentExpenses": 0,
    "generalAndAdministrativeExpenses": 0,
    "sellingAndMarketingExpenses": 0,
    "sellingGeneralAndAdministrativeExpenses": 0,
    "otherExpenses": 112922000,
    "operatingExpenses": 112922000,
    "costAndExpenses": 627091000,
    "interestIncome": 0,
    "interestExpense": 7521000,
    "depreciationAndAmortization": 0,
    "ebitda": 173679000,
    "ebitdaratio": 0.2260200436,
    "operatingIncome": 141332000,
    "operatingIncomeRatio": 0.1839247394,
    "totalOtherIncomeExpensesNet": 24826000,
    "incomeBeforeTax": 166158000,
    "incomeBeforeTaxRatio": 0.2162324657,
    "incomeTaxExpense": 1902000,
    "netIncome": 164256000,
    "netIncomeRatio": 0.2137572665,
    "eps": 0.39,
    "epsdiluted": 0.38,
    "weightedAverageShsOut": 401863869,
    "weightedAverageShsOutDil": 413444718,
    "link": "https://www.sec.gov/Archives/edgar/data/947484/000110465912035928/0001104659-12-035928-index.htm",
    "finalLink": "https://www.sec.gov/Archives/edgar/data/947484/000110465912035928/a12-8727_110q.htm"
  },
  {
    "date": "2011-12-31",
    "symbol": "ACGL",
    "reportedCurrency": "USD",
    "cik": "0000947484",
    "fillingDate": "2012-02-29",
    "acceptedDate": "2012-02-29 15:21:13",
    "calendarYear": "2011",
    "period": "Q4",
    "revenue": 747674000,
    "costOfRevenue": 501406000,
    "grossProfit": 246268000,
    "grossProfitRatio": 0.3293788469,
    "researchAndDevelopmentExpenses": 0,
    "generalAndAdministrativeExpenses": 0,
    "sellingAndMarketingExpenses": 0,
    "sellingGeneralAndAdministrativeExpenses": 0,
    "otherExpenses": 107973000,
    "operatingExpenses": 107973000,
    "costAndExpenses": 609379000,
    "interestIncome": 0,
    "interestExpense": 8087000,
    "depreciationAndAmortization": 0,
    "ebitda": 146382000,
    "ebitdaratio": 0.1957831889,
    "operatingIncome": 138295000,
    "operatingIncomeRatio": 0.1849669776,
    "totalOtherIncomeExpensesNet": 0,
    "incomeBeforeTax": 138295000,
    "incomeBeforeTaxRatio": 0.1849669776,
    "incomeTaxExpense": -4977000,
    "netIncome": 143272000,
    "netIncomeRatio": 0.1916236221,
    "eps": 0.36,
    "epsdiluted": 0.35,
    "weightedAverageShsOut": 401863869,
    "weightedAverageShsOutDil": 413444718,
    "link": "https://www.sec.gov/Archives/edgar/data/947484/000104746912001895/0001047469-12-001895-index.htm",
    "finalLink": "https://www.sec.gov/Archives/edgar/data/947484/000104746912001895/a2207402z10-k.htm"
  },
  {
    "date": "2011-09-30",
    "symbol": "ACGL",
    "reportedCurrency": "USD",
    "cik": "0000947484",
    "fillingDate": "2011-11-08",
    "acceptedDate": "2011-11-08 14:12:58",
    "calendarYear": "2011",
    "period": "Q3",
    "revenue": 855582000,
    "costOfRevenue": 544189000,
    "grossProfit": 311393000,
    "grossProfitRatio": 0.3639545947,
    "researchAndDevelopmentExpenses": 0,
    "generalAndAdministrativeExpenses": 0,
    "sellingAndMarketingExpenses": 0,
    "sellingGeneralAndAdministrativeExpenses": 0,
    "otherExpenses": 114446000,
    "operatingExpenses": 114446000,
    "costAndExpenses": 658635000,
    "interestIncome": 0,
    "interestExpense": 8125000,
    "depreciationAndAmortization": 0,
    "ebitda": 174523000,
    "ebitdaratio": 0.2039816172,
    "operatingIncome": 196947000,
    "operatingIncomeRatio": 0.2301906772,
    "totalOtherIncomeExpensesNet": -30549000,
    "incomeBeforeTax": 166398000,
    "incomeBeforeTaxRatio": 0.1944851575,
    "incomeTaxExpense": -2357000,
    "netIncome": 168755000,
    "netIncomeRatio": 0.1972400074,
    "eps": 0.41,
    "epsdiluted": 0.4,
    "weightedAverageShsOut": 394682553,
    "weightedAverageShsOutDil": 411422787,
    "link": "https://www.sec.gov/Archives/edgar/data/947484/000110465911062033/0001104659-11-062033-index.htm",
    "finalLink": "https://www.sec.gov/Archives/edgar/data/947484/000110465911062033/a11-25791_110q.htm"
  },
  {
    "date": "2011-06-30",
    "symbol": "ACGL",
    "reportedCurrency": "USD",
    "cik": "0000947484",
    "fillingDate": "2011-08-05",
    "acceptedDate": "2011-08-05 15:44:14",
    "calendarYear": "2011",
    "period": "Q2",
    "revenue": 775568000,
    "costOfRevenue": 542261000,
    "grossProfit": 233307000,
    "grossProfitRatio": 0.3008208178,
    "researchAndDevelopmentExpenses": 0,
    "generalAndAdministrativeExpenses": 0,
    "sellingAndMarketingExpenses": 0,
    "sellingGeneralAndAdministrativeExpenses": 0,
    "otherExpenses": 138975000,
    "operatingExpenses": 138975000,
    "costAndExpenses": 681236000,
    "interestIncome": 0,
    "interestExpense": 7758000,
    "depreciationAndAmortization": 0,
    "ebitda": 102090000,
    "ebitdaratio": 0.1316325583,
    "operatingIncome": 94332000,
    "operatingIncomeRatio": 0.121629567,
    "totalOtherIncomeExpensesNet": 0,
    "incomeBeforeTax": 94332000,
    "incomeBeforeTaxRatio": 0.121629567,
    "incomeTaxExpense": -2271000,
    "netIncome": 96603000,
    "netIncomeRatio": 0.1245577435,
    "eps": 0.23,
    "epsdiluted": 0.22,
    "weightedAverageShsOut": 393696807,
    "weightedAverageShsOutDil": 413926797,
    "link": "https://www.sec.gov/Archives/edgar/data/947484/000110465911044252/0001104659-11-044252-index.htm",
    "finalLink": "https://www.sec.gov/Archives/edgar/data/947484/000110465911044252/a11-14025_110q.htm"
  },
  {
    "date": "2011-03-31",
    "symbol": "ACGL",
    "reportedCurrency": "USD",
    "cik": "0000947484",
    "fillingDate": "2011-05-09",
    "acceptedDate": "2011-05-09 15:26:26",
    "calendarYear": "2011",
    "period": "Q1",
    "revenue": 775072000,
    "costOfRevenue": 602634000,
    "grossProfit": 172438000,
    "grossProfitRatio": 0.2224799761,
    "researchAndDevelopmentExpenses": 0,
    "generalAndAdministrativeExpenses": 0,
    "sellingAndMarketingExpenses": 0,
    "sellingGeneralAndAdministrativeExpenses": 0,
    "otherExpenses": 147515000,
    "operatingExpenses": 147515000,
    "costAndExpenses": 750149000,
    "interestIncome": 0,
    "interestExpense": 7721000,
    "depreciationAndAmortization": 0,
    "ebitda": 32644000,
    "ebitdaratio": 0.0421173775,
    "operatingIncome": 24923000,
    "operatingIncomeRatio": 0.0321557223,
    "totalOtherIncomeExpensesNet": 0,
    "incomeBeforeTax": 24923000,
    "incomeBeforeTaxRatio": 0.0321557223,
    "incomeTaxExpense": -550000,
    "netIncome": 25473000,
    "netIncomeRatio": 0.0328653338,
    "eps": 0.0643,
    "epsdiluted": 0.0611,
    "weightedAverageShsOut": 400497723,
    "weightedAverageShsOutDil": 421381548,
    "link": "https://www.sec.gov/Archives/edgar/data/947484/000110465911027286/0001104659-11-027286-index.htm",
    "finalLink": "https://www.sec.gov/Archives/edgar/data/947484/000110465911027286/a11-9421_110q.htm"
  },
  {
    "date": "2010-12-31",
    "symbol": "ACGL",
    "reportedCurrency": "USD",
    "cik": "0000947484",
    "fillingDate": "2011-02-28",
    "acceptedDate": "2011-02-28 15:29:00",
    "calendarYear": "2010",
    "period": "Q4",
    "revenue": 825513000,
    "costOfRevenue": 160690000,
    "grossProfit": 664823000,
    "grossProfitRatio": 0.8053452823,
    "researchAndDevelopmentExpenses": 0,
    "generalAndAdministrativeExpenses": 0,
    "sellingAndMarketingExpenses": 0,
    "sellingGeneralAndAdministrativeExpenses": 0,
    "otherExpenses": 434216000,
    "operatingExpenses": 434216000,
    "costAndExpenses": 594906000,
    "interestIncome": 0,
    "interestExpense": 7460000,
    "depreciationAndAmortization": 0,
    "ebitda": 238067000,
    "ebitdaratio": 0.2883867365,
    "operatingIncome": 230607000,
    "operatingIncomeRatio": 0.2793499315,
    "totalOtherIncomeExpensesNet": 0,
    "incomeBeforeTax": 230607000,
    "incomeBeforeTaxRatio": 0.2793499315,
    "incomeTaxExpense": -3505000,
    "netIncome": 234112000,
    "netIncomeRatio": 0.2835957762,
    "eps": 0.58,
    "epsdiluted": 0.56,
    "weightedAverageShsOut": 400497723,
    "weightedAverageShsOutDil": 421381548,
    "link": "https://www.sec.gov/Archives/edgar/data/947484/000104746911001529/0001047469-11-001529-index.htm",
    "finalLink": "https://www.sec.gov/Archives/edgar/data/947484/000104746911001529/a2202059z10-k.htm"
  },
  {
    "date": "2010-09-30",
    "symbol": "ACGL",
    "reportedCurrency": "USD",
    "cik": "0000947484",
    "fillingDate": "2010-11-08",
    "acceptedDate": "2010-11-08 15:30:57",
    "calendarYear": "2010",
    "period": "Q3",
    "revenue": 797352000,
    "costOfRevenue": 470472000,
    "grossProfit": 326880000,
    "grossProfitRatio": 0.4099569575,
    "researchAndDevelopmentExpenses": 0,
    "generalAndAdministrativeExpenses": 0,
    "sellingAndMarketingExpenses": 0,
    "sellingGeneralAndAdministrativeExpenses": 0,
    "otherExpenses": 175649000,
    "operatingExpenses": 175649000,
    "costAndExpenses": 646121000,
    "interestIncome": 0,
    "interestExpense": 7371000,
    "depreciationAndAmortization": 0,
    "ebitda": 158602000,
    "ebitdaratio": 0.1989108951,
    "operatingIncome": 151231000,
    "operatingIncomeRatio": 0.1896665463,
    "totalOtherIncomeExpensesNet": 0,
    "incomeBeforeTax": 151231000,
    "incomeBeforeTaxRatio": 0.1896665463,
    "incomeTaxExpense": 3200000,
    "netIncome": 148031000,
    "netIncomeRatio": 0.1856532623,
    "eps": 0.32,
    "epsdiluted": 0.31,
    "weightedAverageShsOut": 440980119,
    "weightedAverageShsOutDil": 460638081,
    "link": "https://www.sec.gov/Archives/edgar/data/947484/000110465910056851/0001104659-10-056851-index.htm",
    "finalLink": "https://www.sec.gov/Archives/edgar/data/947484/000110465910056851/a10-17488_110q.htm"
  },
  {
    "date": "2010-06-30",
    "symbol": "ACGL",
    "reportedCurrency": "USD",
    "cik": "0000947484",
    "fillingDate": "2010-08-05",
    "acceptedDate": "2010-08-05 16:31:11",
    "calendarYear": "2010",
    "period": "Q2",
    "revenue": 776315000,
    "costOfRevenue": 470620000,
    "grossProfit": 305695000,
    "grossProfitRatio": 0.3937770106,
    "researchAndDevelopmentExpenses": 0,
    "generalAndAdministrativeExpenses": 0,
    "sellingAndMarketingExpenses": 0,
    "sellingGeneralAndAdministrativeExpenses": 0,
    "otherExpenses": 60824000,
    "operatingExpenses": 60824000,
    "costAndExpenses": 531444000,
    "interestIncome": 0,
    "interestExpense": 7916000,
    "depreciationAndAmortization": 0,
    "ebitda": 252787000,
    "ebitdaratio": 0.3256242633,
    "operatingIncome": 244871000,
    "operatingIncomeRatio": 0.3154273716,
    "totalOtherIncomeExpensesNet": 0,
    "incomeBeforeTax": 244871000,
    "incomeBeforeTaxRatio": 0.3154273716,
    "incomeTaxExpense": 1420000,
    "netIncome": 243451000,
    "netIncomeRatio": 0.3135982172,
    "eps": 0.52,
    "epsdiluted": 0.49,
    "weightedAverageShsOut": 458887860,
    "weightedAverageShsOutDil": 479387727,
    "link": "https://www.sec.gov/Archives/edgar/data/947484/000110465910042404/0001104659-10-042404-index.htm",
    "finalLink": "https://www.sec.gov/Archives/edgar/data/947484/000110465910042404/a10-12844_110q.htm"
  },
  {
    "date": "2010-03-31",
    "symbol": "ACGL",
    "reportedCurrency": "USD",
    "cik": "0000947484",
    "fillingDate": "2010-05-07",
    "acceptedDate": "2010-05-07 15:38:05",
    "calendarYear": "2010",
    "period": "Q1",
    "revenue": 844887000,
    "costOfRevenue": 545675000,
    "grossProfit": 299212000,
    "grossProfitRatio": 0.3541444004,
    "researchAndDevelopmentExpenses": 0,
    "generalAndAdministrativeExpenses": 0,
    "sellingAndMarketingExpenses": 0,
    "sellingGeneralAndAdministrativeExpenses": 0,
    "otherExpenses": 75465000,
    "operatingExpenses": 75465000,
    "costAndExpenses": 621140000,
    "interestIncome": 0,
    "interestExpense": 7260000,
    "depreciationAndAmortization": 0,
    "ebitda": 231007000,
    "ebitdaratio": 0.2734176286,
    "operatingIncome": 223747000,
    "operatingIncomeRatio": 0.2648247635,
    "totalOtherIncomeExpensesNet": 0,
    "incomeBeforeTax": 223747000,
    "incomeBeforeTaxRatio": 0.2648247635,
    "incomeTaxExpense": 6753000,
    "netIncome": 216994000,
    "netIncomeRatio": 0.2568319787,
    "eps": 0.44,
    "epsdiluted": 0.42,
    "weightedAverageShsOut": 477351234,
    "weightedAverageShsOutDil": 499624443,
    "link": "https://www.sec.gov/Archives/edgar/data/947484/000110465910026866/0001104659-10-026866-index.htm",
    "finalLink": "https://www.sec.gov/Archives/edgar/data/947484/000110465910026866/a10-6021_110q.htm"
  },
  {
    "date": "2009-12-31",
    "symbol": "ACGL",
    "reportedCurrency": "USD",
    "cik": "0000947484",
    "fillingDate": "2010-02-26",
    "acceptedDate": "2010-02-26 17:25:36",
    "calendarYear": "2009",
    "period": "Q4",
    "revenue": 926210000,
    "costOfRevenue": 923047000,
    "grossProfit": 3163000,
    "grossProfitRatio": 0.0034149923,
    "researchAndDevelopmentExpenses": 0,
    "generalAndAdministrativeExpenses": 0,
    "sellingAndMarketingExpenses": 0,
    "sellingGeneralAndAdministrativeExpenses": 0,
    "otherExpenses": -288189000,
    "operatingExpenses": -288189000,
    "costAndExpenses": 634858000,
    "interestIncome": 0,
    "interestExpense": 7015000,
    "depreciationAndAmortization": 0,
    "ebitda": 298367000,
    "ebitdaratio": 0.3221375282,
    "operatingIncome": 291352000,
    "operatingIncomeRatio": 0.3145636519,
    "totalOtherIncomeExpensesNet": 0,
    "incomeBeforeTax": 291352000,
    "incomeBeforeTaxRatio": 0.3145636519,
    "incomeTaxExpense": 195000,
    "netIncome": 291157000,
    "netIncomeRatio": 0.3143531165,
    "eps": 0.61,
    "epsdiluted": 0.58,
    "weightedAverageShsOut": 477351234,
    "weightedAverageShsOutDil": 499624443,
    "link": "https://www.sec.gov/Archives/edgar/data/947484/000104746910001560/0001047469-10-001560-index.htm",
    "finalLink": "https://www.sec.gov/Archives/edgar/data/947484/000104746910001560/a2196539z10-k.htm"
  },
  {
    "date": "2009-09-30",
    "symbol": "ACGL",
    "reportedCurrency": "USD",
    "cik": "0000947484",
    "fillingDate": "2009-11-09",
    "acceptedDate": "2009-11-09 16:46:42",
    "calendarYear": "2009",
    "period": "Q3",
    "revenue": 976225000,
    "costOfRevenue": 667396000,
    "grossProfit": 308829000,
    "grossProfitRatio": 0.3163502266,
    "researchAndDevelopmentExpenses": 0,
    "generalAndAdministrativeExpenses": 0,
    "sellingAndMarketingExpenses": 0,
    "sellingGeneralAndAdministrativeExpenses": 0,
    "otherExpenses": 25756000,
    "operatingExpenses": 25756000,
    "costAndExpenses": 693152000,
    "interestIncome": 0,
    "interestExpense": 6001000,
    "depreciationAndAmortization": 0,
    "ebitda": 289074000,
    "ebitdaratio": 0.296114113,
    "operatingIncome": 283073000,
    "operatingIncomeRatio": 0.2899669646,
    "totalOtherIncomeExpensesNet": 0,
    "incomeBeforeTax": 283073000,
    "incomeBeforeTaxRatio": 0.2899669646,
    "incomeTaxExpense": 2205000,
    "netIncome": 280868000,
    "netIncomeRatio": 0.287708264,
    "eps": 0.51,
    "epsdiluted": 0.49,
    "weightedAverageShsOut": 541405971,
    "weightedAverageShsOutDil": 562804344,
    "link": "https://www.sec.gov/Archives/edgar/data/947484/000110465909063725/0001104659-09-063725-index.htm",
    "finalLink": "https://www.sec.gov/Archives/edgar/data/947484/000110465909063725/a09-31084_110q.htm"
  },
  {
    "date": "2009-06-30",
    "symbol": "ACGL",
    "reportedCurrency": "USD",
    "cik": "0000947484",
    "fillingDate": "2009-08-07",
    "acceptedDate": "2009-08-07 14:11:36",
    "calendarYear": "2009",
    "period": "Q2",
    "revenue": 848744000,
    "costOfRevenue": 621966000,
    "grossProfit": 226778000,
    "grossProfitRatio": 0.2671924632,
    "researchAndDevelopmentExpenses": 0,
    "generalAndAdministrativeExpenses": 0,
    "sellingAndMarketingExpenses": 0,
    "sellingGeneralAndAdministrativeExpenses": 0,
    "otherExpenses": 59370000,
    "operatingExpenses": 59370000,
    "costAndExpenses": 681336000,
    "interestIncome": 0,
    "interestExpense": 5712000,
    "depreciationAndAmortization": 0,
    "ebitda": 173120000,
    "ebitdaratio": 0.2039719868,
    "operatingIncome": 167408000,
    "operatingIncomeRatio": 0.1972420424,
    "totalOtherIncomeExpensesNet": 0,
    "incomeBeforeTax": 167408000,
    "incomeBeforeTaxRatio": 0.1972420424,
    "incomeTaxExpense": 8818000,
    "netIncome": 158590000,
    "netIncomeRatio": 0.1868525727,
    "eps": 0.28,
    "epsdiluted": 0.27,
    "weightedAverageShsOut": 543756519,
    "weightedAverageShsOutDil": 563636853,
    "link": "https://www.sec.gov/Archives/edgar/data/947484/000110465909048164/0001104659-09-048164-index.htm",
    "finalLink": "https://www.sec.gov/Archives/edgar/data/947484/000110465909048164/a09-18749_110q.htm"
  },
  {
    "date": "2009-03-31",
    "symbol": "ACGL",
    "reportedCurrency": "USD",
    "cik": "0000947484",
    "fillingDate": "2009-05-11",
    "acceptedDate": "2009-05-11 14:48:23",
    "calendarYear": "2009",
    "period": "Q1",
    "revenue": 750443000,
    "costOfRevenue": 614116000,
    "grossProfit": 136327000,
    "grossProfitRatio": 0.1816620316,
    "researchAndDevelopmentExpenses": 0,
    "generalAndAdministrativeExpenses": 0,
    "sellingAndMarketingExpenses": 0,
    "sellingGeneralAndAdministrativeExpenses": 0,
    "otherExpenses": -19493000,
    "operatingExpenses": -19493000,
    "costAndExpenses": 594623000,
    "interestIncome": 0,
    "interestExpense": 5712000,
    "depreciationAndAmortization": 0,
    "ebitda": 161532000,
    "ebitdaratio": 0.2152488597,
    "operatingIncome": 155820000,
    "operatingIncomeRatio": 0.2076373555,
    "totalOtherIncomeExpensesNet": 0,
    "incomeBeforeTax": 155820000,
    "incomeBeforeTaxRatio": 0.2076373555,
    "incomeTaxExpense": 9490000,
    "netIncome": 146330000,
    "netIncomeRatio": 0.1949914917,
    "eps": 0.26,
    "epsdiluted": 0.25,
    "weightedAverageShsOut": 542821950,
    "weightedAverageShsOutDil": 563039721,
    "link": "https://www.sec.gov/Archives/edgar/data/947484/000110465909031434/0001104659-09-031434-index.htm",
    "finalLink": "https://www.sec.gov/Archives/edgar/data/947484/000110465909031434/a09-11398_110q.htm"
  },
  {
    "date": "2008-12-31",
    "symbol": "ACGL",
    "reportedCurrency": "USD",
    "cik": "0000947484",
    "fillingDate": "2009-03-02",
    "acceptedDate": "2009-03-02 12:45:33",
    "calendarYear": "2008",
    "period": "Q4",
    "revenue": 534906000,
    "costOfRevenue": 614047000,
    "grossProfit": -79141000,
    "grossProfitRatio": -0.1479530983,
    "researchAndDevelopmentExpenses": 0,
    "generalAndAdministrativeExpenses": 0,
    "sellingAndMarketingExpenses": 0,
    "sellingGeneralAndAdministrativeExpenses": 0,
    "otherExpenses": 55191000,
    "operatingExpenses": 55191000,
    "costAndExpenses": 669238000,
    "interestIncome": 0,
    "interestExpense": 6285000,
    "depreciationAndAmortization": 0,
    "ebitda": -128047000,
    "ebitdaratio": -0.2393822466,
    "operatingIncome": -134332000,
    "operatingIncomeRatio": -0.2511319746,
    "totalOtherIncomeExpensesNet": 0,
    "incomeBeforeTax": -134332000,
    "incomeBeforeTaxRatio": -0.2511319746,
    "incomeTaxExpense": 2179000,
    "netIncome": -136511000,
    "netIncomeRatio": -0.2552055875,
    "eps": -0.25,
    "epsdiluted": -0.24,
    "weightedAverageShsOut": 542821950,
    "weightedAverageShsOutDil": 563039721,
    "link": "https://www.sec.gov/Archives/edgar/data/947484/000104746909002082/0001047469-09-002082-index.htm",
    "finalLink": "https://www.sec.gov/Archives/edgar/data/947484/000104746909002082/a2190626z10-k.htm"
  },
  {
    "date": "2008-09-30",
    "symbol": "ACGL",
    "reportedCurrency": "USD",
    "cik": "0000947484",
    "fillingDate": "2008-11-10",
    "acceptedDate": "2008-11-10 13:29:14",
    "calendarYear": "2008",
    "period": "Q3",
    "revenue": 746799000,
    "costOfRevenue": 682299000,
    "grossProfit": 64500000,
    "grossProfitRatio": 0.0863686213,
    "researchAndDevelopmentExpenses": 0,
    "generalAndAdministrativeExpenses": 0,
    "sellingAndMarketingExpenses": 0,
    "sellingGeneralAndAdministrativeExpenses": 0,
    "otherExpenses": 33498000,
    "operatingExpenses": 33498000,
    "costAndExpenses": 715797000,
    "interestIncome": 0,
    "interestExpense": 6241000,
    "depreciationAndAmortization": 0,
    "ebitda": 37243000,
    "ebitdaratio": 0.0498701793,
    "operatingIncome": 31002000,
    "operatingIncomeRatio": 0.0415131782,
    "totalOtherIncomeExpensesNet": 0,
    "incomeBeforeTax": 31002000,
    "incomeBeforeTaxRatio": 0.0415131782,
    "incomeTaxExpense": -1849000,
    "netIncome": 32851000,
    "netIncomeRatio": 0.0439890787,
    "eps": 0.0489,
    "epsdiluted": 0.0467,
    "weightedAverageShsOut": 540989388,
    "weightedAverageShsOutDil": 565478190,
    "link": "https://www.sec.gov/Archives/edgar/data/947484/000110465908069596/0001104659-08-069596-index.htm",
    "finalLink": "https://www.sec.gov/Archives/edgar/data/947484/000110465908069596/a08-25739_110q.htm"
  },
  {
    "date": "2008-06-30",
    "symbol": "ACGL",
    "reportedCurrency": "USD",
    "cik": "0000947484",
    "fillingDate": "2008-08-08",
    "acceptedDate": "2008-08-08 14:57:06",
    "calendarYear": "2008",
    "period": "Q2",
    "revenue": 835915000,
    "costOfRevenue": 523851000,
    "grossProfit": 312064000,
    "grossProfitRatio": 0.3733202539,
    "researchAndDevelopmentExpenses": 0,
    "generalAndAdministrativeExpenses": 0,
    "sellingAndMarketingExpenses": 0,
    "sellingGeneralAndAdministrativeExpenses": 0,
    "otherExpenses": 108068000,
    "operatingExpenses": 108068000,
    "costAndExpenses": 631919000,
    "interestIncome": 0,
    "interestExpense": 5788000,
    "depreciationAndAmortization": 0,
    "ebitda": 209784000,
    "ebitdaratio": 0.2509633156,
    "operatingIncome": 203996000,
    "operatingIncomeRatio": 0.2440391667,
    "totalOtherIncomeExpensesNet": 0,
    "incomeBeforeTax": 203996000,
    "incomeBeforeTaxRatio": 0.2440391667,
    "incomeTaxExpense": 5253000,
    "netIncome": 198743000,
    "netIncomeRatio": 0.2377550349,
    "eps": 0.34,
    "epsdiluted": 0.32,
    "weightedAverageShsOut": 566959950,
    "weightedAverageShsOutDil": 591733071,
    "link": "https://www.sec.gov/Archives/edgar/data/947484/000110465908051296/0001104659-08-051296-index.htm",
    "finalLink": "https://www.sec.gov/Archives/edgar/data/947484/000110465908051296/a08-19080_110q.htm"
  },
  {
    "date": "2008-03-31",
    "symbol": "ACGL",
    "reportedCurrency": "USD",
    "cik": "0000947484",
    "fillingDate": "2008-05-08",
    "acceptedDate": "2008-05-08 16:41:39",
    "calendarYear": "2008",
    "period": "Q1",
    "revenue": 849193000,
    "costOfRevenue": 519056000,
    "grossProfit": 330137000,
    "grossProfitRatio": 0.3887655692,
    "researchAndDevelopmentExpenses": 0,
    "generalAndAdministrativeExpenses": 0,
    "sellingAndMarketingExpenses": 0,
    "sellingGeneralAndAdministrativeExpenses": 0,
    "otherExpenses": 126298000,
    "operatingExpenses": 126298000,
    "costAndExpenses": 645354000,
    "interestIncome": 0,
    "interestExpense": 5524000,
    "depreciationAndAmortization": 0,
    "ebitda": 209363000,
    "ebitdaratio": 0.246543483,
    "operatingIncome": 203839000,
    "operatingIncomeRatio": 0.2400384836,
    "totalOtherIncomeExpensesNet": 0,
    "incomeBeforeTax": 203839000,
    "incomeBeforeTaxRatio": 0.2400384836,
    "incomeTaxExpense": 7956000,
    "netIncome": 195883000,
    "netIncomeRatio": 0.2306695887,
    "eps": 0.32,
    "epsdiluted": 0.31,
    "weightedAverageShsOut": 587659644,
    "weightedAverageShsOutDil": 612174717,
    "link": "https://www.sec.gov/Archives/edgar/data/947484/000110465908031322/0001104659-08-031322-index.htm",
    "finalLink": "https://www.sec.gov/Archives/edgar/data/947484/000110465908031322/a08-11789_110q.htm"
  },
  {
    "date": "2007-12-31",
    "symbol": "ACGL",
    "reportedCurrency": "USD",
    "cik": "0000947484",
    "fillingDate": "2008-02-29",
    "acceptedDate": "2008-02-29 16:05:46",
    "calendarYear": "2007",
    "period": "Q4",
    "revenue": 858198000,
    "costOfRevenue": 507453000,
    "grossProfit": 350745000,
    "grossProfitRatio": 0.408699391,
    "researchAndDevelopmentExpenses": 0,
    "generalAndAdministrativeExpenses": 0,
    "sellingAndMarketingExpenses": 0,
    "sellingGeneralAndAdministrativeExpenses": 0,
    "otherExpenses": 110919000,
    "operatingExpenses": 110919000,
    "costAndExpenses": 618372000,
    "interestIncome": 0,
    "interestExpense": 5523000,
    "depreciationAndAmortization": 0,
    "ebitda": 245349000,
    "ebitdaratio": 0.2858885712,
    "operatingIncome": 239826000,
    "operatingIncomeRatio": 0.2794529934,
    "totalOtherIncomeExpensesNet": 0,
    "incomeBeforeTax": 239826000,
    "incomeBeforeTaxRatio": 0.2794529934,
    "incomeTaxExpense": -1044000,
    "netIncome": 240870000,
    "netIncomeRatio": 0.2806694959,
    "eps": 0.41,
    "epsdiluted": 0.39,
    "weightedAverageShsOut": 587659644,
    "weightedAverageShsOutDil": 612174717,
    "link": "https://www.sec.gov/Archives/edgar/data/947484/000104746908002070/0001047469-08-002070-index.htm",
    "finalLink": "https://www.sec.gov/Archives/edgar/data/947484/000104746908002070/a2182808z10-k.htm"
  },
  {
    "date": "2007-09-30",
    "symbol": "ACGL",
    "reportedCurrency": "USD",
    "cik": "0000947484",
    "fillingDate": "2007-11-09",
    "acceptedDate": "2007-11-09 13:28:43",
    "calendarYear": "2007",
    "period": "Q3",
    "revenue": 867163000,
    "costOfRevenue": 534119000,
    "grossProfit": 333044000,
    "grossProfitRatio": 0.3840615893,
    "researchAndDevelopmentExpenses": 0,
    "generalAndAdministrativeExpenses": 0,
    "sellingAndMarketingExpenses": 0,
    "sellingGeneralAndAdministrativeExpenses": 0,
    "otherExpenses": 124725000,
    "operatingExpenses": 124725000,
    "costAndExpenses": 658844000,
    "interestIncome": 0,
    "interestExpense": 5524000,
    "depreciationAndAmortization": 0,
    "ebitda": 213843000,
    "ebitdaratio": 0.2466006968,
    "operatingIncome": 208319000,
    "operatingIncomeRatio": 0.2402304988,
    "totalOtherIncomeExpensesNet": 0,
    "incomeBeforeTax": 208319000,
    "incomeBeforeTaxRatio": 0.2402304988,
    "incomeTaxExpense": 2113000,
    "netIncome": 206206000,
    "netIncomeRatio": 0.2377938173,
    "eps": 0.32,
    "epsdiluted": 0.31,
    "weightedAverageShsOut": 626056101,
    "weightedAverageShsOutDil": 651410460,
    "link": "https://www.sec.gov/Archives/edgar/data/947484/000104746907008853/0001047469-07-008853-index.htm",
    "finalLink": "https://www.sec.gov/Archives/edgar/data/947484/000104746907008853/a2180929z10-q.htm"
  },
  {
    "date": "2007-06-30",
    "symbol": "ACGL",
    "reportedCurrency": "USD",
    "cik": "0000947484",
    "fillingDate": "2007-08-08",
    "acceptedDate": "2007-08-08 15:40:35",
    "calendarYear": "2007",
    "period": "Q2",
    "revenue": 867310000,
    "costOfRevenue": 542940000,
    "grossProfit": 324370000,
    "grossProfitRatio": 0.3739954572,
    "researchAndDevelopmentExpenses": 0,
    "generalAndAdministrativeExpenses": 0,
    "sellingAndMarketingExpenses": 0,
    "sellingGeneralAndAdministrativeExpenses": 0,
    "otherExpenses": 112478000,
    "operatingExpenses": 112478000,
    "costAndExpenses": 655418000,
    "interestIncome": 0,
    "interestExpense": 5523000,
    "depreciationAndAmortization": 0,
    "ebitda": 217415000,
    "ebitdaratio": 0.2506773818,
    "operatingIncome": 211892000,
    "operatingIncomeRatio": 0.2443094165,
    "totalOtherIncomeExpensesNet": 0,
    "incomeBeforeTax": 211892000,
    "incomeBeforeTaxRatio": 0.2443094165,
    "incomeTaxExpense": 6037000,
    "netIncome": 205855000,
    "netIncomeRatio": 0.2373488141,
    "eps": 0.31,
    "epsdiluted": 0.29,
    "weightedAverageShsOut": 652453407,
    "weightedAverageShsOutDil": 677293614,
    "link": "https://www.sec.gov/Archives/edgar/data/947484/000110465907060189/0001104659-07-060189-index.htm",
    "finalLink": "https://www.sec.gov/Archives/edgar/data/947484/000110465907060189/a07-21162_110q.htm"
  },
  {
    "date": "2007-03-30",
    "symbol": "ACGL",
    "reportedCurrency": "USD",
    "cik": "0000947484",
    "fillingDate": "2007-05-10",
    "acceptedDate": "2007-05-10 13:23:32",
    "calendarYear": "2007",
    "period": "Q1",
    "revenue": 859774000,
    "costOfRevenue": 540189000,
    "grossProfit": 319585000,
    "grossProfitRatio": 0.3717081466,
    "researchAndDevelopmentExpenses": 0,
    "generalAndAdministrativeExpenses": 0,
    "sellingAndMarketingExpenses": 0,
    "sellingGeneralAndAdministrativeExpenses": 0,
    "otherExpenses": 106078000,
    "operatingExpenses": 106078000,
    "costAndExpenses": 646267000,
    "interestIncome": 0,
    "interestExpense": 5523000,
    "depreciationAndAmortization": 0,
    "ebitda": 219030000,
    "ebitdaratio": 0.2547529932,
    "operatingIncome": 213507000,
    "operatingIncomeRatio": 0.2483292121,
    "totalOtherIncomeExpensesNet": 0,
    "incomeBeforeTax": 213507000,
    "incomeBeforeTaxRatio": 0.2483292121,
    "incomeTaxExpense": 8495000,
    "netIncome": 205012000,
    "netIncomeRatio": 0.2384487086,
    "eps": 0.3,
    "epsdiluted": 0.29,
    "weightedAverageShsOut": 665387964,
    "weightedAverageShsOutDil": 689766174,
    "link": "https://www.sec.gov/Archives/edgar/data/947484/000110465907038098/0001104659-07-038098-index.htm",
    "finalLink": "https://www.sec.gov/Archives/edgar/data/947484/000110465907038098/a07-10767_110q.htm"
  },
  {
    "date": "2006-12-31",
    "symbol": "ACGL",
    "reportedCurrency": "USD",
    "cik": "0000947484",
    "fillingDate": "2007-03-01",
    "acceptedDate": "2007-03-01 16:05:27",
    "calendarYear": "2006",
    "period": "Q4",
    "revenue": 902761000,
    "costOfRevenue": 562497000,
    "grossProfit": 340264000,
    "grossProfitRatio": 0.3769148202,
    "researchAndDevelopmentExpenses": 0,
    "generalAndAdministrativeExpenses": 0,
    "sellingAndMarketingExpenses": 0,
    "sellingGeneralAndAdministrativeExpenses": 0,
    "otherExpenses": 95973000,
    "operatingExpenses": 95973000,
    "costAndExpenses": 658470000,
    "interestIncome": 0,
    "interestExpense": 5523000,
    "depreciationAndAmortization": 0,
    "ebitda": 249814000,
    "ebitdaratio": 0.2767221889,
    "operatingIncome": 244291000,
    "operatingIncomeRatio": 0.2706042906,
    "totalOtherIncomeExpensesNet": 0,
    "incomeBeforeTax": 244291000,
    "incomeBeforeTaxRatio": 0.2706042906,
    "incomeTaxExpense": -1448000,
    "netIncome": 245739000,
    "netIncomeRatio": 0.2722082589,
    "eps": 0.37,
    "epsdiluted": 0.36,
    "weightedAverageShsOut": 665387964,
    "weightedAverageShsOutDil": 689766174,
    "link": "https://www.sec.gov/Archives/edgar/data/947484/000110465907015520/0001104659-07-015520-index.htm",
    "finalLink": "https://www.sec.gov/Archives/edgar/data/947484/000110465907015520/a07-5876_110k.htm"
  },
  {
    "date": "2006-09-30",
    "symbol": "ACGL",
    "reportedCurrency": "USD",
    "cik": "0000947484",
    "fillingDate": "2006-11-09",
    "acceptedDate": "2006-11-09 13:27:00",
    "calendarYear": "2006",
    "period": "Q3",
    "revenue": 850349000,
    "costOfRevenue": 563277000,
    "grossProfit": 287072000,
    "grossProfitRatio": 0.3375931529,
    "researchAndDevelopmentExpenses": 0,
    "generalAndAdministrativeExpenses": 0,
    "sellingAndMarketingExpenses": 0,
    "sellingGeneralAndAdministrativeExpenses": 0,
    "otherExpenses": 92403000,
    "operatingExpenses": 92403000,
    "costAndExpenses": 655680000,
    "interestIncome": 0,
    "interestExpense": 5361000,
    "depreciationAndAmortization": 0,
    "ebitda": 200030000,
    "ebitdaratio": 0.2352328279,
    "operatingIncome": 194669000,
    "operatingIncomeRatio": 0.2289283577,
    "totalOtherIncomeExpensesNet": 0,
    "incomeBeforeTax": 194669000,
    "incomeBeforeTaxRatio": 0.2289283577,
    "incomeTaxExpense": 2371000,
    "netIncome": 192298000,
    "netIncomeRatio": 0.2261400907,
    "eps": 0.28,
    "epsdiluted": 0.27,
    "weightedAverageShsOut": 659197242,
    "weightedAverageShsOutDil": 686555190,
    "link": "https://www.sec.gov/Archives/edgar/data/947484/000110465906073406/0001104659-06-073406-index.htm",
    "finalLink": "https://www.sec.gov/Archives/edgar/data/947484/000110465906073406/a06-21620_110q.htm"
  },
  {
    "date": "2006-06-30",
    "symbol": "ACGL",
    "reportedCurrency": "USD",
    "cik": "0000947484",
    "fillingDate": "2006-08-04",
    "acceptedDate": "2006-08-04 14:24:45",
    "calendarYear": "2006",
    "period": "Q2",
    "revenue": 859219000,
    "costOfRevenue": 610836000,
    "grossProfit": 248383000,
    "grossProfitRatio": 0.2890799668,
    "researchAndDevelopmentExpenses": 0,
    "generalAndAdministrativeExpenses": 0,
    "sellingAndMarketingExpenses": 0,
    "sellingGeneralAndAdministrativeExpenses": 0,
    "otherExpenses": 91164000,
    "operatingExpenses": 91164000,
    "costAndExpenses": 702000000,
    "interestIncome": 0,
    "interestExpense": 5651000,
    "depreciationAndAmortization": 0,
    "ebitda": 162870000,
    "ebitdaratio": 0.1895558641,
    "operatingIncome": 157219000,
    "operatingIncomeRatio": 0.1829789611,
    "totalOtherIncomeExpensesNet": 0,
    "incomeBeforeTax": 157219000,
    "incomeBeforeTaxRatio": 0.1829789611,
    "incomeTaxExpense": 14332000,
    "netIncome": 142887000,
    "netIncomeRatio": 0.1662986968,
    "eps": 0.21,
    "epsdiluted": 0.2,
    "weightedAverageShsOut": 658692909,
    "weightedAverageShsOutDil": 685398942,
    "link": "https://www.sec.gov/Archives/edgar/data/947484/000110465906051512/0001104659-06-051512-index.htm",
    "finalLink": "https://www.sec.gov/Archives/edgar/data/947484/000110465906051512/a06-15271_110q.htm"
  },
  {
    "date": "2006-03-31",
    "symbol": "ACGL",
    "reportedCurrency": "USD",
    "cik": "0000947484",
    "fillingDate": "2006-08-04",
    "acceptedDate": "2006-08-04 11:17:50",
    "calendarYear": "2006",
    "period": "Q1",
    "revenue": 840349000,
    "costOfRevenue": 597850000,
    "grossProfit": 242499000,
    "grossProfitRatio": 0.288569392,
    "researchAndDevelopmentExpenses": 0,
    "generalAndAdministrativeExpenses": 0,
    "sellingAndMarketingExpenses": 0,
    "sellingGeneralAndAdministrativeExpenses": 0,
    "otherExpenses": 98785000,
    "operatingExpenses": 98785000,
    "costAndExpenses": 696635000,
    "interestIncome": 0,
    "interestExpense": 5555000,
    "depreciationAndAmortization": 0,
    "ebitda": 149269000,
    "ebitdaratio": 0.1776273905,
    "operatingIncome": 143714000,
    "operatingIncomeRatio": 0.1710170417,
    "totalOtherIncomeExpensesNet": 0,
    "incomeBeforeTax": 143714000,
    "incomeBeforeTaxRatio": 0.1710170417,
    "incomeTaxExpense": 11424000,
    "netIncome": 132290000,
    "netIncomeRatio": 0.1574226899,
    "eps": 0.2,
    "epsdiluted": 0.19,
    "weightedAverageShsOut": 656093241,
    "weightedAverageShsOutDil": 682697781,
    "link": "https://www.sec.gov/Archives/edgar/data/947484/000110465906051418/0001104659-06-051418-index.htm",
    "finalLink": "https://www.sec.gov/Archives/edgar/data/947484/000110465906051418/a06-17401_110qa.htm"
  },
  {
    "date": "2005-12-31",
    "symbol": "ACGL",
    "reportedCurrency": "USD",
    "cik": "0000947484",
    "fillingDate": "2006-03-13",
    "acceptedDate": "2006-03-13 17:26:52",
    "calendarYear": "2005",
    "period": "Q4",
    "revenue": 818297000,
    "costOfRevenue": 622717000,
    "grossProfit": 195580000,
    "grossProfitRatio": 0.2390085751,
    "researchAndDevelopmentExpenses": 0,
    "generalAndAdministrativeExpenses": 0,
    "sellingAndMarketingExpenses": 0,
    "sellingGeneralAndAdministrativeExpenses": 0,
    "otherExpenses": 82336000,
    "operatingExpenses": 82336000,
    "costAndExpenses": 705053000,
    "interestIncome": 0,
    "interestExpense": 5607000,
    "depreciationAndAmortization": 0,
    "ebitda": 118851000,
    "ebitdaratio": 0.1452418865,
    "operatingIncome": 113244000,
    "operatingIncomeRatio": 0.1383898511,
    "totalOtherIncomeExpensesNet": 0,
    "incomeBeforeTax": 113244000,
    "incomeBeforeTaxRatio": 0.1383898511,
    "incomeTaxExpense": 12351000,
    "netIncome": 100893000,
    "netIncomeRatio": 0.1232963093,
    "eps": 0.32,
    "epsdiluted": 0.15,
    "weightedAverageShsOut": 315420390,
    "weightedAverageShsOutDil": 682697781,
    "link": "https://www.sec.gov/Archives/edgar/data/947484/000110465906016208/0001104659-06-016208-index.htm",
    "finalLink": "https://www.sec.gov/Archives/edgar/data/947484/000110465906016208/a06-4988_110k.htm"
  },
  {
    "date": "2005-09-30",
    "symbol": "ACGL",
    "reportedCurrency": "USD",
    "cik": "0000947484",
    "fillingDate": "2005-11-09",
    "acceptedDate": "2005-11-09 13:53:43",
    "calendarYear": "2005",
    "period": "Q3",
    "revenue": 798993000,
    "costOfRevenue": 815027000,
    "grossProfit": -16034000,
    "grossProfitRatio": -0.0200677603,
    "researchAndDevelopmentExpenses": 0,
    "generalAndAdministrativeExpenses": 0,
    "sellingAndMarketingExpenses": 0,
    "sellingGeneralAndAdministrativeExpenses": 0,
    "otherExpenses": 70899000,
    "operatingExpenses": 70899000,
    "costAndExpenses": 885926000,
    "interestIncome": 0,
    "interestExpense": 5632000,
    "depreciationAndAmortization": 0,
    "ebitda": -81301000,
    "ebitdaratio": -0.1017543333,
    "operatingIncome": -86933000,
    "operatingIncomeRatio": -0.108803206,
    "totalOtherIncomeExpensesNet": 0,
    "incomeBeforeTax": -86933000,
    "incomeBeforeTaxRatio": -0.108803206,
    "incomeTaxExpense": -642000,
    "netIncome": -86291000,
    "netIncomeRatio": -0.1079996946,
    "eps": -0.28,
    "epsdiluted": -0.13,
    "weightedAverageShsOut": 312756930,
    "weightedAverageShsOutDil": 676205379,
    "link": "https://www.sec.gov/Archives/edgar/data/947484/000110465905053949/0001104659-05-053949-index.htm",
    "finalLink": "https://www.sec.gov/Archives/edgar/data/947484/000110465905053949/a05-18047_110q.htm"
  },
  {
    "date": "2005-06-30",
    "symbol": "ACGL",
    "reportedCurrency": "USD",
    "cik": "0000947484",
    "fillingDate": "2005-08-03",
    "acceptedDate": "2005-08-03 12:31:48",
    "calendarYear": "2005",
    "period": "Q2",
    "revenue": 796682000,
    "costOfRevenue": 592456000,
    "grossProfit": 204226000,
    "grossProfitRatio": 0.2563456938,
    "researchAndDevelopmentExpenses": 0,
    "generalAndAdministrativeExpenses": 0,
    "sellingAndMarketingExpenses": 0,
    "sellingGeneralAndAdministrativeExpenses": 0,
    "otherExpenses": 70416000,
    "operatingExpenses": 70416000,
    "costAndExpenses": 662872000,
    "interestIncome": 0,
    "interestExpense": 5629000,
    "depreciationAndAmortization": 0,
    "ebitda": 139439000,
    "ebitdaratio": 0.1750246648,
    "operatingIncome": 133810000,
    "operatingIncomeRatio": 0.1679591104,
    "totalOtherIncomeExpensesNet": 0,
    "incomeBeforeTax": 133810000,
    "incomeBeforeTaxRatio": 0.1679591104,
    "incomeTaxExpense": 7818000,
    "netIncome": 125992000,
    "netIncomeRatio": 0.1581459102,
    "eps": 0.41,
    "epsdiluted": 0.19,
    "weightedAverageShsOut": 311072085,
    "weightedAverageShsOutDil": 669712977,
    "link": "https://www.sec.gov/Archives/edgar/data/947484/000110465905035949/0001104659-05-035949-index.htm",
    "finalLink": "https://www.sec.gov/Archives/edgar/data/947484/000110465905035949/a05-12684_110q.htm"
  },
  {
    "date": "2005-03-31",
    "symbol": "ACGL",
    "reportedCurrency": "USD",
    "cik": "0000947484",
    "fillingDate": "2005-05-06",
    "acceptedDate": "2005-05-06 16:10:48",
    "calendarYear": "2005",
    "period": "Q1",
    "revenue": 753557000,
    "costOfRevenue": 551669000,
    "grossProfit": 201888000,
    "grossProfitRatio": 0.2679133762,
    "researchAndDevelopmentExpenses": 0,
    "generalAndAdministrativeExpenses": 0,
    "sellingAndMarketingExpenses": 0,
    "sellingGeneralAndAdministrativeExpenses": 0,
    "otherExpenses": 76574000,
    "operatingExpenses": 76574000,
    "costAndExpenses": 628243000,
    "interestIncome": 0,
    "interestExpense": 5636000,
    "depreciationAndAmortization": 0,
    "ebitda": 130950000,
    "ebitdaratio": 0.1737758391,
    "operatingIncome": 125314000,
    "operatingIncomeRatio": 0.1662966438,
    "totalOtherIncomeExpensesNet": 0,
    "incomeBeforeTax": 125314000,
    "incomeBeforeTaxRatio": 0.1662966438,
    "incomeTaxExpense": 9422000,
    "netIncome": 115892000,
    "netIncomeRatio": 0.1537932764,
    "eps": 0.37,
    "epsdiluted": 0.17,
    "weightedAverageShsOut": 309283362,
    "weightedAverageShsOutDil": 666121914,
    "link": "https://www.sec.gov/Archives/edgar/data/947484/000110465905021217/0001104659-05-021217-index.htm",
    "finalLink": "https://www.sec.gov/Archives/edgar/data/947484/000110465905021217/a05-8025_110q.htm"
  },
  {
    "date": "2004-12-31",
    "symbol": "ACGL",
    "reportedCurrency": "USD",
    "cik": "0000947484",
    "fillingDate": "2005-03-15",
    "acceptedDate": "2005-03-15 17:29:44",
    "calendarYear": "2004",
    "period": "Q4",
    "revenue": 808295000,
    "costOfRevenue": 585186000,
    "grossProfit": 223109000,
    "grossProfitRatio": 0.2760242238,
    "researchAndDevelopmentExpenses": 0,
    "generalAndAdministrativeExpenses": 0,
    "sellingAndMarketingExpenses": 0,
    "sellingGeneralAndAdministrativeExpenses": 0,
    "otherExpenses": 103145000,
    "operatingExpenses": 103145000,
    "costAndExpenses": 688331000,
    "interestIncome": 0,
    "interestExpense": 5620000,
    "depreciationAndAmortization": 0,
    "ebitda": 125584000,
    "ebitdaratio": 0.1553690175,
    "operatingIncome": 119964000,
    "operatingIncomeRatio": 0.1484161105,
    "totalOtherIncomeExpensesNet": 0,
    "incomeBeforeTax": 119964000,
    "incomeBeforeTaxRatio": 0.1484161105,
    "incomeTaxExpense": 12831000,
    "netIncome": 107133000,
    "netIncomeRatio": 0.1325419556,
    "eps": 0.35,
    "epsdiluted": 0.16,
    "weightedAverageShsOut": 309283362,
    "weightedAverageShsOutDil": 666121914,
    "link": "https://www.sec.gov/Archives/edgar/data/947484/000104746905006594/0001047469-05-006594-index.htm",
    "finalLink": "https://www.sec.gov/Archives/edgar/data/947484/000104746905006594/a2150753z10-k.htm"
  },
  {
    "date": "2004-09-30",
    "symbol": "ACGL",
    "reportedCurrency": "USD",
    "cik": "0000947484",
    "fillingDate": "2004-11-09",
    "acceptedDate": "2004-11-09 13:18:08",
    "calendarYear": "2004",
    "period": "Q3",
    "revenue": 795611000,
    "costOfRevenue": 699082000,
    "grossProfit": 96529000,
    "grossProfitRatio": 0.1213268796,
    "researchAndDevelopmentExpenses": 0,
    "generalAndAdministrativeExpenses": 0,
    "sellingAndMarketingExpenses": 0,
    "sellingGeneralAndAdministrativeExpenses": 0,
    "otherExpenses": 80782000,
    "operatingExpenses": 80782000,
    "costAndExpenses": 779864000,
    "interestIncome": 0,
    "interestExpense": 6334000,
    "depreciationAndAmortization": 0,
    "ebitda": 22081000,
    "ebitdaratio": 0.0277535127,
    "operatingIncome": 15747000,
    "operatingIncomeRatio": 0.0197923357,
    "totalOtherIncomeExpensesNet": 0,
    "incomeBeforeTax": 15747000,
    "incomeBeforeTaxRatio": 0.0197923357,
    "incomeTaxExpense": -2282000,
    "netIncome": 18029000,
    "netIncomeRatio": 0.0226605716,
    "eps": 0.0611,
    "epsdiluted": 0.0278,
    "weightedAverageShsOut": 296865765,
    "weightedAverageShsOutDil": 661927050,
    "link": "https://www.sec.gov/Archives/edgar/data/947484/000110465904034595/0001104659-04-034595-index.htm",
    "finalLink": "https://www.sec.gov/Archives/edgar/data/947484/000110465904034595/a04-12776_110q.htm"
  },
  {
    "date": "2004-06-30",
    "symbol": "ACGL",
    "reportedCurrency": "USD",
    "cik": "0000947484",
    "fillingDate": "2004-08-09",
    "acceptedDate": "2004-08-09 12:21:34",
    "calendarYear": "2004",
    "period": "Q2",
    "revenue": 753808000,
    "costOfRevenue": 573784000,
    "grossProfit": 180024000,
    "grossProfitRatio": 0.2388194341,
    "researchAndDevelopmentExpenses": 0,
    "generalAndAdministrativeExpenses": 0,
    "sellingAndMarketingExpenses": 0,
    "sellingGeneralAndAdministrativeExpenses": 0,
    "otherExpenses": 71050000,
    "operatingExpenses": 71050000,
    "costAndExpenses": 644834000,
    "interestIncome": 0,
    "interestExpense": 4642000,
    "depreciationAndAmortization": 0,
    "ebitda": 113616000,
    "ebitdaratio": 0.1507227305,
    "operatingIncome": 108974000,
    "operatingIncomeRatio": 0.1445646637,
    "totalOtherIncomeExpensesNet": 0,
    "incomeBeforeTax": 108974000,
    "incomeBeforeTaxRatio": 0.1445646637,
    "incomeTaxExpense": 4692000,
    "netIncome": 104282000,
    "netIncomeRatio": 0.138340267,
    "eps": 0.36,
    "epsdiluted": 0.16,
    "weightedAverageShsOut": 288214785,
    "weightedAverageShsOutDil": 661500369,
    "link": "https://www.sec.gov/Archives/edgar/data/947484/000110465904023259/0001104659-04-023259-index.htm",
    "finalLink": "https://www.sec.gov/Archives/edgar/data/947484/000110465904023259/a04-8819_110q.htm"
  },
  {
    "date": "2004-03-31",
    "symbol": "ACGL",
    "reportedCurrency": "USD",
    "cik": "0000947484",
    "fillingDate": "2004-05-10",
    "acceptedDate": "2004-05-10 14:21:30",
    "calendarYear": "2004",
    "period": "Q1",
    "revenue": 746336000,
    "costOfRevenue": 582470000,
    "grossProfit": 163866000,
    "grossProfitRatio": 0.2195606268,
    "researchAndDevelopmentExpenses": 0,
    "generalAndAdministrativeExpenses": 0,
    "sellingAndMarketingExpenses": 0,
    "sellingGeneralAndAdministrativeExpenses": 0,
    "otherExpenses": 65424000,
    "operatingExpenses": 65424000,
    "costAndExpenses": 647894000,
    "interestIncome": 0,
    "interestExpense": 1374000,
    "depreciationAndAmortization": 0,
    "ebitda": 99816000,
    "ebitdaratio": 0.1337413712,
    "operatingIncome": 98442000,
    "operatingIncomeRatio": 0.1319003773,
    "totalOtherIncomeExpensesNet": 0,
    "incomeBeforeTax": 98442000,
    "incomeBeforeTaxRatio": 0.1319003773,
    "incomeTaxExpense": 10987000,
    "netIncome": 87455000,
    "netIncomeRatio": 0.1171791258,
    "eps": 0.36,
    "epsdiluted": 0.14,
    "weightedAverageShsOut": 245501982,
    "weightedAverageShsOutDil": 622305540,
    "link": "https://www.sec.gov/Archives/edgar/data/947484/000104746904016622/0001047469-04-016622-index.htm",
    "finalLink": "https://www.sec.gov/Archives/edgar/data/947484/000104746904016622/a2135713z10-q.htm"
  },
  {
    "date": "2003-12-31",
    "symbol": "ACGL",
    "reportedCurrency": "USD",
    "cik": "0000947484",
    "fillingDate": "2004-03-10",
    "acceptedDate": "2004-03-10 13:02:12",
    "calendarYear": "2003",
    "period": "Q4",
    "revenue": 722898000,
    "costOfRevenue": 561501000,
    "grossProfit": 161397000,
    "grossProfitRatio": 0.223263863,
    "researchAndDevelopmentExpenses": 0,
    "generalAndAdministrativeExpenses": 0,
    "sellingAndMarketingExpenses": 0,
    "sellingGeneralAndAdministrativeExpenses": 0,
    "otherExpenses": 75260000,
    "operatingExpenses": 75260000,
    "costAndExpenses": 636761000,
    "interestIncome": 0,
    "interestExpense": 0,
    "depreciationAndAmortization": 0,
    "ebitda": 86137000,
    "ebitdaratio": 0.1191551229,
    "operatingIncome": 86137000,
    "operatingIncomeRatio": 0.1191551229,
    "totalOtherIncomeExpensesNet": 0,
    "incomeBeforeTax": 86137000,
    "incomeBeforeTaxRatio": 0.1191551229,
    "incomeTaxExpense": 2403000,
    "netIncome": 83734000,
    "netIncomeRatio": 0.1158310024,
    "eps": 0.34,
    "epsdiluted": 0.13,
    "weightedAverageShsOut": 245501982,
    "weightedAverageShsOutDil": 622305540,
    "link": "https://www.sec.gov/Archives/edgar/data/947484/000104746904007281/0001047469-04-007281-index.htm",
    "finalLink": "https://www.sec.gov/Archives/edgar/data/947484/000104746904007281/a2129737z10-k.htm"
  },
  {
    "date": "2003-09-30",
    "symbol": "ACGL",
    "reportedCurrency": "USD",
    "cik": "0000947484",
    "fillingDate": "2003-11-12",
    "acceptedDate": "2003-11-12 11:19:27",
    "calendarYear": "2003",
    "period": "Q3",
    "revenue": 646899000,
    "costOfRevenue": 507825000,
    "grossProfit": 139074000,
    "grossProfitRatio": 0.2149856469,
    "researchAndDevelopmentExpenses": 0,
    "generalAndAdministrativeExpenses": 0,
    "sellingAndMarketingExpenses": 0,
    "sellingGeneralAndAdministrativeExpenses": 0,
    "otherExpenses": 47393000,
    "operatingExpenses": 47393000,
    "costAndExpenses": 555218000,
    "interestIncome": 0,
    "interestExpense": 0,
    "depreciationAndAmortization": 0,
    "ebitda": 91681000,
    "ebitdaratio": 0.141723824,
    "operatingIncome": 91681000,
    "operatingIncomeRatio": 0.141723824,
    "totalOtherIncomeExpensesNet": 0,
    "incomeBeforeTax": 91681000,
    "incomeBeforeTaxRatio": 0.141723824,
    "incomeTaxExpense": 9910000,
    "netIncome": 82587000,
    "netIncomeRatio": 0.127665988,
    "eps": 0.35,
    "epsdiluted": 0.14,
    "weightedAverageShsOut": 236301975,
    "weightedAverageShsOutDil": 609972498,
    "link": "https://www.sec.gov/Archives/edgar/data/947484/000104746903036935/0001047469-03-036935-index.htm",
    "finalLink": "https://www.sec.gov/Archives/edgar/data/947484/000104746903036935/a2121850z10-q.htm"
  },
  {
    "date": "2003-06-30",
    "symbol": "ACGL",
    "reportedCurrency": "USD",
    "cik": "0000947484",
    "fillingDate": "2003-08-14",
    "acceptedDate": "2003-08-14 11:22:02",
    "calendarYear": "2003",
    "period": "Q2",
    "revenue": 538038000,
    "costOfRevenue": 426953000,
    "grossProfit": 111085000,
    "grossProfitRatio": 0.2064631123,
    "researchAndDevelopmentExpenses": 0,
    "generalAndAdministrativeExpenses": 0,
    "sellingAndMarketingExpenses": 0,
    "sellingGeneralAndAdministrativeExpenses": 0,
    "otherExpenses": 42732000,
    "operatingExpenses": 42732000,
    "costAndExpenses": 469685000,
    "interestIncome": 0,
    "interestExpense": 0,
    "depreciationAndAmortization": 0,
    "ebitda": 68353000,
    "ebitdaratio": 0.1270412127,
    "operatingIncome": 68353000,
    "operatingIncomeRatio": 0.1270412127,
    "totalOtherIncomeExpensesNet": 0,
    "incomeBeforeTax": 68353000,
    "incomeBeforeTaxRatio": 0.1270412127,
    "incomeTaxExpense": 6569000,
    "netIncome": 61784000,
    "netIncomeRatio": 0.1148320379,
    "eps": 0.26,
    "epsdiluted": 0.1,
    "weightedAverageShsOut": 235669005,
    "weightedAverageShsOutDil": 609559182,
    "link": "https://www.sec.gov/Archives/edgar/data/947484/000110465903018482/0001104659-03-018482-index.htm",
    "finalLink": "https://www.sec.gov/Archives/edgar/data/947484/000110465903018482/a03-2293_110q.htm"
  },
  {
    "date": "2003-03-31",
    "symbol": "ACGL",
    "reportedCurrency": "USD",
    "cik": "0000947484",
    "fillingDate": "2003-05-14",
    "acceptedDate": "2003-05-14 15:38:25",
    "calendarYear": "2003",
    "period": "Q1",
    "revenue": 435903000,
    "costOfRevenue": 341280000,
    "grossProfit": 94623000,
    "grossProfitRatio": 0.2170735232,
    "researchAndDevelopmentExpenses": 0,
    "generalAndAdministrativeExpenses": 0,
    "sellingAndMarketingExpenses": 0,
    "sellingGeneralAndAdministrativeExpenses": 0,
    "otherExpenses": 34294000,
    "operatingExpenses": 34294000,
    "costAndExpenses": 375574000,
    "interestIncome": 0,
    "interestExpense": 0,
    "depreciationAndAmortization": 0,
    "ebitda": 60329000,
    "ebitdaratio": 0.1384000569,
    "operatingIncome": 60329000,
    "operatingIncomeRatio": 0.1384000569,
    "totalOtherIncomeExpensesNet": 0,
    "incomeBeforeTax": 60329000,
    "incomeBeforeTaxRatio": 0.1384000569,
    "incomeTaxExpense": 7843000,
    "netIncome": 52486000,
    "netIncomeRatio": 0.1204075219,
    "eps": 0.22,
    "epsdiluted": 0.0867,
    "weightedAverageShsOut": 234155817,
    "weightedAverageShsOutDil": 602456058,
    "link": "https://www.sec.gov/Archives/edgar/data/947484/000104746903018432/0001047469-03-018432-index.htm",
    "finalLink": "https://www.sec.gov/Archives/edgar/data/947484/000104746903018432/a2110703z10-q.txt"
  },
  {
    "date": "2002-12-31",
    "symbol": "ACGL",
    "reportedCurrency": "USD",
    "cik": "0000947484",
    "fillingDate": "2003-03-31",
    "acceptedDate": "2003-03-31 12:21:48",
    "calendarYear": "2002",
    "period": "Q4",
    "revenue": 305661000,
    "costOfRevenue": 228443000,
    "grossProfit": 77218000,
    "grossProfitRatio": 0.2526262755,
    "researchAndDevelopmentExpenses": 0,
    "generalAndAdministrativeExpenses": 0,
    "sellingAndMarketingExpenses": 0,
    "sellingGeneralAndAdministrativeExpenses": 0,
    "otherExpenses": 33798000,
    "operatingExpenses": 33798000,
    "costAndExpenses": 262241000,
    "interestIncome": 0,
    "interestExpense": 0,
    "depreciationAndAmortization": 0,
    "ebitda": 43420000,
    "ebitdaratio": 0.1420527971,
    "operatingIncome": 43420000,
    "operatingIncomeRatio": 0.1420527971,
    "totalOtherIncomeExpensesNet": 0,
    "incomeBeforeTax": 43420000,
    "incomeBeforeTaxRatio": 0.1420527971,
    "incomeTaxExpense": 4907000,
    "netIncome": 43511000,
    "netIncomeRatio": 0.1423505125,
    "eps": 0.19,
    "epsdiluted": 0.07,
    "weightedAverageShsOut": 234155817,
    "weightedAverageShsOutDil": 602456058,
    "link": "https://www.sec.gov/Archives/edgar/data/947484/000104746903011134/0001047469-03-011134-index.htm",
    "finalLink": "https://www.sec.gov/Archives/edgar/data/947484/000104746903011134/a2105700z10-k.htm"
  },
  {
    "date": "2002-09-30",
    "symbol": "ACGL",
    "reportedCurrency": "USD",
    "cik": "0000947484",
    "fillingDate": "2002-11-14",
    "acceptedDate": "2002-11-14 15:22:38",
    "calendarYear": "2002",
    "period": "Q3",
    "revenue": 200808000,
    "costOfRevenue": 159147000,
    "grossProfit": 41661000,
    "grossProfitRatio": 0.207466834,
    "researchAndDevelopmentExpenses": 0,
    "generalAndAdministrativeExpenses": 0,
    "sellingAndMarketingExpenses": 0,
    "sellingGeneralAndAdministrativeExpenses": 0,
    "otherExpenses": 48990000,
    "operatingExpenses": 48990000,
    "costAndExpenses": 208137000,
    "interestIncome": 0,
    "interestExpense": 0,
    "depreciationAndAmortization": 0,
    "ebitda": -7329000,
    "ebitdaratio": -0.0364975499,
    "operatingIncome": -7329000,
    "operatingIncomeRatio": -0.0364975499,
    "totalOtherIncomeExpensesNet": 0,
    "incomeBeforeTax": -7329000,
    "incomeBeforeTaxRatio": -0.0364975499,
    "incomeTaxExpense": 392000,
    "netIncome": -7721000,
    "netIncomeRatio": -0.0384496634,
    "eps": -0.0399,
    "epsdiluted": -0.0136,
    "weightedAverageShsOut": 193475016,
    "weightedAverageShsOutDil": 566176847,
    "link": "https://www.sec.gov/Archives/edgar/data/947484/000091205702042405/0000912057-02-042405-index.htm",
    "finalLink": "https://www.sec.gov/Archives/edgar/data/947484/000091205702042405/a2093855z10-q.txt"
  },
  {
    "date": "2002-06-30",
    "symbol": "ACGL",
    "reportedCurrency": "USD",
    "cik": "0000947484",
    "fillingDate": "2002-08-14",
    "acceptedDate": "2002-08-14 17:20:45",
    "calendarYear": "2002",
    "period": "Q2",
    "revenue": 131057000,
    "costOfRevenue": 98059000,
    "grossProfit": 32998000,
    "grossProfitRatio": 0.2517835751,
    "researchAndDevelopmentExpenses": 0,
    "generalAndAdministrativeExpenses": 0,
    "sellingAndMarketingExpenses": 0,
    "sellingGeneralAndAdministrativeExpenses": 0,
    "otherExpenses": 23490000,
    "operatingExpenses": 23490000,
    "costAndExpenses": 121549000,
    "interestIncome": 0,
    "interestExpense": 0,
    "depreciationAndAmortization": 0,
    "ebitda": 9508000,
    "ebitdaratio": 0.0725485857,
    "operatingIncome": 9508000,
    "operatingIncomeRatio": 0.0725485857,
    "totalOtherIncomeExpensesNet": 4750000,
    "incomeBeforeTax": 14258000,
    "incomeBeforeTaxRatio": 0.1087923575,
    "incomeTaxExpense": -4968000,
    "netIncome": 19226000,
    "netIncomeRatio": 0.1466995277,
    "eps": 0.11,
    "epsdiluted": 0.0367,
    "weightedAverageShsOut": 182908026,
    "weightedAverageShsOutDil": 529897635,
    "link": "https://www.sec.gov/Archives/edgar/data/947484/000091205702032214/0000912057-02-032214-index.htm",
    "finalLink": "https://www.sec.gov/Archives/edgar/data/947484/000091205702032214/a2086983z10-q.txt"
  },
  {
    "date": "2002-03-31",
    "symbol": "ACGL",
    "reportedCurrency": "USD",
    "cik": "0000947484",
    "fillingDate": "2002-05-15",
    "acceptedDate": "2002-05-15 15:18:42",
    "calendarYear": "2002",
    "period": "Q1",
    "revenue": 79601000,
    "costOfRevenue": 57850000,
    "grossProfit": 21751000,
    "grossProfitRatio": 0.2732503361,
    "researchAndDevelopmentExpenses": 0,
    "generalAndAdministrativeExpenses": 0,
    "sellingAndMarketingExpenses": 0,
    "sellingGeneralAndAdministrativeExpenses": 0,
    "otherExpenses": 17560000,
    "operatingExpenses": 17560000,
    "costAndExpenses": 75410000,
    "interestIncome": 0,
    "interestExpense": 0,
    "depreciationAndAmortization": 0,
    "ebitda": 4191000,
    "ebitdaratio": 0.0526500923,
    "operatingIncome": 4191000,
    "operatingIncomeRatio": 0.0526500923,
    "totalOtherIncomeExpensesNet": 0,
    "incomeBeforeTax": 4191000,
    "incomeBeforeTaxRatio": 0.0526500923,
    "incomeTaxExpense": 225000,
    "netIncome": 3966000,
    "netIncomeRatio": 0.0498234947,
    "eps": 0.0333,
    "epsdiluted": 0.0089,
    "weightedAverageShsOut": 117167679,
    "weightedAverageShsOutDil": 467972541,
    "link": "https://www.sec.gov/Archives/edgar/data/947484/000091205702020724/0000912057-02-020724-index.htm",
    "finalLink": "https://www.sec.gov/Archives/edgar/data/947484/000091205702020724/a2080292z10-q.txt"
  },
  {
    "date": "2001-12-31",
    "symbol": "ACGL",
    "reportedCurrency": "USD",
    "cik": "0000947484",
    "fillingDate": "2002-03-18",
    "acceptedDate": "2002-03-18 00:00:00",
    "calendarYear": "2001",
    "period": "Q4",
    "revenue": 18110000,
    "costOfRevenue": 7181000,
    "grossProfit": 10929000,
    "grossProfitRatio": 0.603478741,
    "researchAndDevelopmentExpenses": 0,
    "generalAndAdministrativeExpenses": 0,
    "sellingAndMarketingExpenses": 0,
    "sellingGeneralAndAdministrativeExpenses": 0,
    "otherExpenses": 12114000,
    "operatingExpenses": 12114000,
    "costAndExpenses": 19295000,
    "interestIncome": 0,
    "interestExpense": 0,
    "depreciationAndAmortization": 0,
    "ebitda": -1185000,
    "ebitdaratio": -0.0654334622,
    "operatingIncome": -1185000,
    "operatingIncomeRatio": -0.0654334622,
    "totalOtherIncomeExpensesNet": 0,
    "incomeBeforeTax": -1185000,
    "incomeBeforeTaxRatio": -0.0654334622,
    "incomeTaxExpense": -5916000,
    "netIncome": 4731000,
    "netIncomeRatio": 0.2612368857,
    "eps": 0.04,
    "epsdiluted": 0.01,
    "weightedAverageShsOut": 117167679,
    "weightedAverageShsOutDil": 117167679,
    "link": "https://www.sec.gov/Archives/edgar/data/947484/000091205702010334/0000912057-02-010334-index.htm",
    "finalLink": "https://www.sec.gov/Archives/edgar/data/947484/000091205702010334/a2073647z10-k.txt"
  },
  {
    "date": "2001-09-30",
    "symbol": "ACGL",
    "reportedCurrency": "USD",
    "cik": "0000947484",
    "fillingDate": "2001-11-14",
    "acceptedDate": "2001-11-14 00:00:00",
    "calendarYear": "2001",
    "period": "Q3",
    "revenue": 18608000,
    "costOfRevenue": 9533000,
    "grossProfit": 9075000,
    "grossProfitRatio": 0.4876934652,
    "researchAndDevelopmentExpenses": 0,
    "generalAndAdministrativeExpenses": 0,
    "sellingAndMarketingExpenses": 0,
    "sellingGeneralAndAdministrativeExpenses": 0,
    "otherExpenses": 7674000,
    "operatingExpenses": 7674000,
    "costAndExpenses": 17207000,
    "interestIncome": 0,
    "interestExpense": 0,
    "depreciationAndAmortization": 0,
    "ebitda": 1401000,
    "ebitdaratio": 0.0752901978,
    "operatingIncome": 1401000,
    "operatingIncomeRatio": 0.0752901978,
    "totalOtherIncomeExpensesNet": 0,
    "incomeBeforeTax": 1401000,
    "incomeBeforeTaxRatio": 0.0752901978,
    "incomeTaxExpense": 509000,
    "netIncome": 892000,
    "netIncomeRatio": 0.0479363715,
    "eps": 0.0078,
    "epsdiluted": 0.0077,
    "weightedAverageShsOut": 115783110,
    "weightedAverageShsOutDil": 116080614,
    "link": "https://www.sec.gov/Archives/edgar/data/947484/000091205701539870/0000912057-01-539870-index.htm",
    "finalLink": "https://www.sec.gov/Archives/edgar/data/947484/000091205701539870/a2063466z10-q.txt"
  },
  {
    "date": "2001-06-30",
    "symbol": "ACGL",
    "reportedCurrency": "USD",
    "cik": "0000947484",
    "fillingDate": "2001-08-14",
    "acceptedDate": "2001-08-14 00:00:00",
    "calendarYear": "2001",
    "period": "Q2",
    "revenue": 23191000,
    "costOfRevenue": 5526000,
    "grossProfit": 17665000,
    "grossProfitRatio": 0.7617179078,
    "researchAndDevelopmentExpenses": 0,
    "generalAndAdministrativeExpenses": 0,
    "sellingAndMarketingExpenses": 0,
    "sellingGeneralAndAdministrativeExpenses": 0,
    "otherExpenses": 5036000,
    "operatingExpenses": 5036000,
    "costAndExpenses": 10562000,
    "interestIncome": 0,
    "interestExpense": 0,
    "depreciationAndAmortization": 0,
    "ebitda": 12629000,
    "ebitdaratio": 0.5445647018,
    "operatingIncome": 12629000,
    "operatingIncomeRatio": 0.5445647018,
    "totalOtherIncomeExpensesNet": 0,
    "incomeBeforeTax": 12629000,
    "incomeBeforeTaxRatio": 0.5445647018,
    "incomeTaxExpense": 4229000,
    "netIncome": 8400000,
    "netIncomeRatio": 0.3622094778,
    "eps": 0.0722,
    "epsdiluted": 0.0722,
    "weightedAverageShsOut": 115490349,
    "weightedAverageShsOutDil": 115596000,
    "link": "https://www.sec.gov/Archives/edgar/data/947484/000091205701528680/0000912057-01-528680-index.htm",
    "finalLink": "https://www.sec.gov/Archives/edgar/data/947484/000091205701528680/a2056977z10-q.txt"
  },
  {
    "date": "2001-03-31",
    "symbol": "ACGL",
    "reportedCurrency": "USD",
    "cik": "0000947484",
    "fillingDate": "2001-05-15",
    "acceptedDate": "2001-05-15 00:00:00",
    "calendarYear": "2001",
    "period": "Q1",
    "revenue": 16882000,
    "costOfRevenue": 1545000,
    "grossProfit": 15337000,
    "grossProfitRatio": 0.9084824073,
    "researchAndDevelopmentExpenses": 0,
    "generalAndAdministrativeExpenses": 0,
    "sellingAndMarketingExpenses": 0,
    "sellingGeneralAndAdministrativeExpenses": 0,
    "otherExpenses": 4038000,
    "operatingExpenses": 4038000,
    "costAndExpenses": 5583000,
    "interestIncome": 0,
    "interestExpense": 0,
    "depreciationAndAmortization": 0,
    "ebitda": 11299000,
    "ebitdaratio": 0.6692927378,
    "operatingIncome": 11299000,
    "operatingIncomeRatio": 0.6692927378,
    "totalOtherIncomeExpensesNet": 0,
    "incomeBeforeTax": 11299000,
    "incomeBeforeTaxRatio": 0.6692927378,
    "incomeTaxExpense": 3306000,
    "netIncome": 7993000,
    "netIncomeRatio": 0.4734628599,
    "eps": 0.0711,
    "epsdiluted": 0.0711,
    "weightedAverageShsOut": 115079679,
    "weightedAverageShsOutDil": 115132032,
    "link": "https://www.sec.gov/Archives/edgar/data/947484/000091205701516210/0000912057-01-516210-index.htm",
    "finalLink": "https://www.sec.gov/Archives/edgar/data/947484/000091205701516210/a2049590z10-q.txt"
  },
  {
    "date": "2000-12-31",
    "symbol": "ACGL",
    "reportedCurrency": "USD",
    "cik": "0000947484",
    "fillingDate": "2001-04-02",
    "acceptedDate": "2001-04-02 00:00:00",
    "calendarYear": "2000",
    "period": "Q4",
    "revenue": -9772000,
    "costOfRevenue": 0,
    "grossProfit": -9772000,
    "grossProfitRatio": 1,
    "researchAndDevelopmentExpenses": 0,
    "generalAndAdministrativeExpenses": 0,
    "sellingAndMarketingExpenses": 0,
    "sellingGeneralAndAdministrativeExpenses": 0,
    "otherExpenses": 17205000,
    "operatingExpenses": 17205000,
    "costAndExpenses": 17205000,
    "interestIncome": 0,
    "interestExpense": 0,
    "depreciationAndAmortization": 0,
    "ebitda": 0,
    "ebitdaratio": 0,
    "operatingIncome": -26977000,
    "operatingIncomeRatio": 2.7606426525,
    "totalOtherIncomeExpensesNet": 0,
    "incomeBeforeTax": -26977000,
    "incomeBeforeTaxRatio": 2.7606426525,
    "incomeTaxExpense": -12605000,
    "netIncome": -14256000,
    "netIncomeRatio": 1.4588620549,
    "eps": -0.12,
    "epsdiluted": -0.12,
    "weightedAverageShsOut": 115079679,
    "weightedAverageShsOutDil": 115132032,
    "link": "https://www.sec.gov/Archives/edgar/data/947484/000091205701506237/0000912057-01-506237-index.htm",
    "finalLink": "https://www.sec.gov/Archives/edgar/data/947484/000091205701506237/a2043765z10-k405.txt"
  },
  {
    "date": "2000-09-30",
    "symbol": "ACGL",
    "reportedCurrency": "USD",
    "cik": "0000947484",
    "fillingDate": "2000-11-14",
    "acceptedDate": "2000-11-14 00:00:00",
    "calendarYear": "2000",
    "period": "Q3",
    "revenue": 4087000,
    "costOfRevenue": 0,
    "grossProfit": 4087000,
    "grossProfitRatio": 1,
    "researchAndDevelopmentExpenses": 0,
    "generalAndAdministrativeExpenses": 0,
    "sellingAndMarketingExpenses": 0,
    "sellingGeneralAndAdministrativeExpenses": 0,
    "otherExpenses": 1502000,
    "operatingExpenses": 1502000,
    "costAndExpenses": 1502000,
    "interestIncome": 0,
    "interestExpense": 0,
    "depreciationAndAmortization": 0,
    "ebitda": 0,
    "ebitdaratio": 0,
    "operatingIncome": 2585000,
    "operatingIncomeRatio": 0.6324932713,
    "totalOtherIncomeExpensesNet": 0,
    "incomeBeforeTax": 2585000,
    "incomeBeforeTaxRatio": 0.6324932713,
    "incomeTaxExpense": 870000,
    "netIncome": 2259000,
    "netIncomeRatio": 0.5527281625,
    "eps": 0.02,
    "epsdiluted": 0.02,
    "weightedAverageShsOut": 111624237,
    "weightedAverageShsOutDil": 111645909,
    "link": "https://www.sec.gov/Archives/edgar/data/947484/000091205700049933/0000912057-00-049933-index.htm",
    "finalLink": "https://www.sec.gov/Archives/edgar/data/947484/000091205700049933/a2031117z10-q.txt"
  },
  {
    "date": "2000-06-30",
    "symbol": "ACGL",
    "reportedCurrency": "USD",
    "cik": "0000947484",
    "fillingDate": "2000-08-14",
    "acceptedDate": "2000-08-14 00:00:00",
    "calendarYear": "2000",
    "period": "Q2",
    "revenue": 36302000,
    "costOfRevenue": 32391000,
    "grossProfit": 3911000,
    "grossProfitRatio": 0.107735111,
    "researchAndDevelopmentExpenses": 0,
    "generalAndAdministrativeExpenses": 0,
    "sellingAndMarketingExpenses": 0,
    "sellingGeneralAndAdministrativeExpenses": 0,
    "otherExpenses": 1678000,
    "operatingExpenses": 1678000,
    "costAndExpenses": 34069000,
    "interestIncome": 0,
    "interestExpense": 0,
    "depreciationAndAmortization": 0,
    "ebitda": 2233000,
    "ebitdaratio": 0.0615117624,
    "operatingIncome": 2233000,
    "operatingIncomeRatio": 0.0615117624,
    "totalOtherIncomeExpensesNet": 0,
    "incomeBeforeTax": 2233000,
    "incomeBeforeTaxRatio": 0.0615117624,
    "incomeTaxExpense": 4840000,
    "netIncome": -2607000,
    "netIncomeRatio": -0.0718142251,
    "eps": -0.0229,
    "epsdiluted": -0.0229,
    "weightedAverageShsOut": 111414339,
    "weightedAverageShsOutDil": 111434184,
    "link": "https://www.sec.gov/Archives/edgar/data/947484/000091205700037521/0000912057-00-037521-index.htm",
    "finalLink": "https://www.sec.gov/Archives/edgar/data/947484/000091205700037521/a10-q.txt"
  },
  {
    "date": "2000-03-31",
    "symbol": "ACGL",
    "reportedCurrency": "USD",
    "cik": "0000947484",
    "fillingDate": "2000-05-15",
    "acceptedDate": "2000-05-15 00:00:00",
    "calendarYear": "2000",
    "period": "Q1",
    "revenue": 92752000,
    "costOfRevenue": 70675000,
    "grossProfit": 22077000,
    "grossProfitRatio": 0.2380218216,
    "researchAndDevelopmentExpenses": 0,
    "generalAndAdministrativeExpenses": 0,
    "sellingAndMarketingExpenses": 0,
    "sellingGeneralAndAdministrativeExpenses": 0,
    "otherExpenses": 3680000,
    "operatingExpenses": 3680000,
    "costAndExpenses": 74355000,
    "interestIncome": 0,
    "interestExpense": 0,
    "depreciationAndAmortization": 0,
    "ebitda": 18397000,
    "ebitdaratio": 0.1983461273,
    "operatingIncome": 18397000,
    "operatingIncomeRatio": 0.1983461273,
    "totalOtherIncomeExpensesNet": 0,
    "incomeBeforeTax": 18397000,
    "incomeBeforeTaxRatio": 0.1983461273,
    "incomeTaxExpense": 12619000,
    "netIncome": 5808000,
    "netIncomeRatio": 0.0626185958,
    "eps": 0.0411,
    "epsdiluted": 0.0411,
    "weightedAverageShsOut": 139654467,
    "weightedAverageShsOutDil": 139665069,
    "link": "https://www.sec.gov/Archives/edgar/data/947484/000091205700024860/0000912057-00-024860-index.htm",
    "finalLink": "https://www.sec.gov/Archives/edgar/data/947484/000091205700024860/0000912057-00-024860.txt"
  },
  {
    "date": "1999-12-31",
    "symbol": "ACGL",
    "reportedCurrency": "USD",
    "cik": "0000947484",
    "fillingDate": "2000-03-30",
    "acceptedDate": "2000-03-30 00:00:00",
    "calendarYear": "1999",
    "period": "Q4",
    "revenue": 75268000,
    "costOfRevenue": 17600000,
    "grossProfit": 57668000,
    "grossProfitRatio": 0.7661688898,
    "researchAndDevelopmentExpenses": 0,
    "generalAndAdministrativeExpenses": 0,
    "sellingAndMarketingExpenses": 0,
    "sellingGeneralAndAdministrativeExpenses": 0,
    "otherExpenses": 320499000,
    "operatingExpenses": 320499000,
    "costAndExpenses": 338099000,
    "interestIncome": 0,
    "interestExpense": 0,
    "depreciationAndAmortization": 0,
    "ebitda": -262831000,
    "ebitdaratio": -3.4919354839,
    "operatingIncome": -262831000,
    "operatingIncomeRatio": -3.4919354839,
    "totalOtherIncomeExpensesNet": 210600000,
    "incomeBeforeTax": -52231000,
    "incomeBeforeTaxRatio": -0.693933677,
    "incomeTaxExpense": -11057000,
    "netIncome": -19636000,
    "netIncomeRatio": -0.2608811181,
    "eps": -0.14,
    "epsdiluted": -0.14,
    "weightedAverageShsOut": 139654467,
    "weightedAverageShsOutDil": 139665069,
    "link": "https://www.sec.gov/Archives/edgar/data/947484/000095016200000518/0000950162-00-000518-index.htm",
    "finalLink": "https://www.sec.gov/Archives/edgar/data/947484/000095016200000518/0000950162-00-000518.txt"
  },
  {
    "date": "1999-09-30",
    "symbol": "ACGL",
    "reportedCurrency": "USD",
    "cik": "0000947484",
    "fillingDate": "1999-11-15",
    "acceptedDate": "1999-11-15 00:00:00",
    "calendarYear": "1999",
    "period": "Q3",
    "revenue": 92100000,
    "costOfRevenue": 20500000,
    "grossProfit": 71600000,
    "grossProfitRatio": 0.7774158523,
    "researchAndDevelopmentExpenses": 0,
    "generalAndAdministrativeExpenses": 0,
    "sellingAndMarketingExpenses": 0,
    "sellingGeneralAndAdministrativeExpenses": 0,
    "otherExpenses": 0,
    "operatingExpenses": 0,
    "costAndExpenses": 20500000,
    "interestIncome": 0,
    "interestExpense": 0,
    "depreciationAndAmortization": 0,
    "ebitda": 71600000,
    "ebitdaratio": 0.7774158523,
    "operatingIncome": 71600000,
    "operatingIncomeRatio": 0.7774158523,
    "totalOtherIncomeExpensesNet": -78100000,
    "incomeBeforeTax": -6500000,
    "incomeBeforeTaxRatio": -0.0705754615,
    "incomeTaxExpense": -2800000,
    "netIncome": -3700000,
    "netIncomeRatio": -0.0401737242,
    "eps": -0.0241,
    "epsdiluted": -0.0241,
    "weightedAverageShsOut": 153792000,
    "weightedAverageShsOutDil": 153792000,
    "link": "https://www.sec.gov/Archives/edgar/data/947484/000091205799006248/0000912057-99-006248-index.htm",
    "finalLink": "https://www.sec.gov/Archives/edgar/data/947484/000091205799006248/0000912057-99-006248.txt"
  },
  {
    "date": "1999-06-30",
    "symbol": "ACGL",
    "reportedCurrency": "USD",
    "cik": "0000947484",
    "fillingDate": "1999-08-12",
    "acceptedDate": "1999-08-12 00:00:00",
    "calendarYear": "1999",
    "period": "Q2",
    "revenue": 115387000,
    "costOfRevenue": 22900000,
    "grossProfit": 92487000,
    "grossProfitRatio": 0.8015374349,
    "researchAndDevelopmentExpenses": 0,
    "generalAndAdministrativeExpenses": 0,
    "sellingAndMarketingExpenses": 0,
    "sellingGeneralAndAdministrativeExpenses": 0,
    "otherExpenses": 0,
    "operatingExpenses": 0,
    "costAndExpenses": 22900000,
    "interestIncome": 0,
    "interestExpense": 0,
    "depreciationAndAmortization": 0,
    "ebitda": 92487000,
    "ebitdaratio": 0.8015374349,
    "operatingIncome": 92487000,
    "operatingIncomeRatio": 0.8015374349,
    "totalOtherIncomeExpensesNet": -68729000,
    "incomeBeforeTax": 23758000,
    "incomeBeforeTaxRatio": 0.2058984114,
    "incomeTaxExpense": 7875000,
    "netIncome": 15883000,
    "netIncomeRatio": 0.1376498219,
    "eps": 0.1,
    "epsdiluted": 0.1,
    "weightedAverageShsOut": 153772434,
    "weightedAverageShsOutDil": 153772434,
    "link": "https://www.sec.gov/Archives/edgar/data/947484/000100547799003622/0001005477-99-003622-index.htm",
    "finalLink": "https://www.sec.gov/Archives/edgar/data/947484/000100547799003622/0001005477-99-003622.txt"
  },
  {
    "date": "1999-03-31",
    "symbol": "ACGL",
    "reportedCurrency": "USD",
    "cik": "0000947484",
    "fillingDate": "1999-05-14",
    "acceptedDate": "1999-05-14 00:00:00",
    "calendarYear": "1999",
    "period": "Q1",
    "revenue": 66090000,
    "costOfRevenue": 19500000,
    "grossProfit": 46590000,
    "grossProfitRatio": 0.7049477985,
    "researchAndDevelopmentExpenses": 0,
    "generalAndAdministrativeExpenses": 0,
    "sellingAndMarketingExpenses": 0,
    "sellingGeneralAndAdministrativeExpenses": 0,
    "otherExpenses": 0,
    "operatingExpenses": 0,
    "costAndExpenses": 19500000,
    "interestIncome": 0,
    "interestExpense": 0,
    "depreciationAndAmortization": 0,
    "ebitda": 46590000,
    "ebitdaratio": 0.7049477985,
    "operatingIncome": 46590000,
    "operatingIncomeRatio": 0.7049477985,
    "totalOtherIncomeExpensesNet": -84819000,
    "incomeBeforeTax": -38229000,
    "incomeBeforeTaxRatio": -0.578438493,
    "incomeTaxExpense": -13621000,
    "netIncome": -24991000,
    "netIncomeRatio": -0.3781358753,
    "eps": -0.16,
    "epsdiluted": -0.16,
    "weightedAverageShsOut": 153779409,
    "weightedAverageShsOutDil": 153921177,
    "link": "https://www.sec.gov/Archives/edgar/data/947484/000104746999020534/0001047469-99-020534-index.htm",
    "finalLink": "https://www.sec.gov/Archives/edgar/data/947484/0001047469-99-020534.txt"
  },
  {
    "date": "1998-12-31",
    "symbol": "ACGL",
    "reportedCurrency": "USD",
    "cik": "0000947484",
    "fillingDate": "1999-03-30",
    "acceptedDate": "1999-03-30 00:00:00",
    "calendarYear": "1998",
    "period": "Q4",
    "revenue": 89633000,
    "costOfRevenue": 17200000,
    "grossProfit": 72433000,
    "grossProfitRatio": 0.8081063894,
    "researchAndDevelopmentExpenses": 0,
    "generalAndAdministrativeExpenses": 0,
    "sellingAndMarketingExpenses": 0,
    "sellingGeneralAndAdministrativeExpenses": 0,
    "otherExpenses": 192171000,
    "operatingExpenses": 192171000,
    "costAndExpenses": 209371000,
    "interestIncome": 0,
    "interestExpense": 0,
    "depreciationAndAmortization": 0,
    "ebitda": -119738000,
    "ebitdaratio": -1.3358696016,
    "operatingIncome": -119738000,
    "operatingIncomeRatio": -1.3358696016,
    "totalOtherIncomeExpensesNet": 124200000,
    "incomeBeforeTax": 4462000,
    "incomeBeforeTaxRatio": 0.0497807727,
    "incomeTaxExpense": 2735000,
    "netIncome": 4991000,
    "netIncomeRatio": 0.0556826169,
    "eps": 0.032,
    "epsdiluted": 0.032,
    "weightedAverageShsOut": 153783000,
    "weightedAverageShsOutDil": 153918000,
    "link": "https://www.sec.gov/Archives/edgar/data/947484/000100547799001495/0001005477-99-001495-index.htm",
    "finalLink": "https://www.sec.gov/Archives/edgar/data/947484/0001005477-99-001495.txt"
  },
  {
    "date": "1998-09-30",
    "symbol": "ACGL",
    "reportedCurrency": "USD",
    "cik": "0000947484",
    "fillingDate": "1998-11-13",
    "acceptedDate": "1998-11-13 00:00:00",
    "calendarYear": "1998",
    "period": "Q3",
    "revenue": 55200000,
    "costOfRevenue": 10600000,
    "grossProfit": 44600000,
    "grossProfitRatio": 0.8079710145,
    "researchAndDevelopmentExpenses": 0,
    "generalAndAdministrativeExpenses": 0,
    "sellingAndMarketingExpenses": 0,
    "sellingGeneralAndAdministrativeExpenses": 0,
    "otherExpenses": 0,
    "operatingExpenses": 0,
    "costAndExpenses": 10600000,
    "interestIncome": 0,
    "interestExpense": 0,
    "depreciationAndAmortization": 0,
    "ebitda": 44600000,
    "ebitdaratio": 0.8079710145,
    "operatingIncome": 44600000,
    "operatingIncomeRatio": 0.8079710145,
    "totalOtherIncomeExpensesNet": -54700000,
    "incomeBeforeTax": -10100000,
    "incomeBeforeTaxRatio": -0.1829710145,
    "incomeTaxExpense": -3500000,
    "netIncome": -6600000,
    "netIncomeRatio": -0.1195652174,
    "eps": -0.043,
    "epsdiluted": -0.0411,
    "weightedAverageShsOut": 153594000,
    "weightedAverageShsOutDil": 160605000,
    "link": "https://www.sec.gov/Archives/edgar/data/947484/000100547798003176/0001005477-98-003176-index.htm",
    "finalLink": "https://www.sec.gov/Archives/edgar/data/947484/0001005477-98-003176.txt"
  },
  {
    "date": "1998-06-30",
    "symbol": "ACGL",
    "reportedCurrency": "USD",
    "cik": "0000947484",
    "fillingDate": "1998-08-14",
    "acceptedDate": "1998-08-14 00:00:00",
    "calendarYear": "1998",
    "period": "Q2",
    "revenue": 56000000,
    "costOfRevenue": 12700000,
    "grossProfit": 43300000,
    "grossProfitRatio": 0.7732142857,
    "researchAndDevelopmentExpenses": 0,
    "generalAndAdministrativeExpenses": 0,
    "sellingAndMarketingExpenses": 0,
    "sellingGeneralAndAdministrativeExpenses": 0,
    "otherExpenses": 0,
    "operatingExpenses": 0,
    "costAndExpenses": 12700000,
    "interestIncome": 0,
    "interestExpense": 0,
    "depreciationAndAmortization": 0,
    "ebitda": 43300000,
    "ebitdaratio": 0.7732142857,
    "operatingIncome": 43300000,
    "operatingIncomeRatio": 0.7732142857,
    "totalOtherIncomeExpensesNet": -39100000,
    "incomeBeforeTax": 4200000,
    "incomeBeforeTaxRatio": 0.075,
    "incomeTaxExpense": 1000000,
    "netIncome": 3200000,
    "netIncomeRatio": 0.0571428571,
    "eps": 0.0211,
    "epsdiluted": 0.02,
    "weightedAverageShsOut": 151578947,
    "weightedAverageShsOutDil": 160000000,
    "link": "https://www.sec.gov/Archives/edgar/data/947484/000104746998031647/0001047469-98-031647-index.htm",
    "finalLink": "https://www.sec.gov/Archives/edgar/data/947484/0001047469-98-031647.txt"
  },
  {
    "date": "1998-03-31",
    "symbol": "ACGL",
    "reportedCurrency": "USD",
    "cik": "0000947484",
    "fillingDate": "1998-05-14",
    "acceptedDate": "1998-05-14 00:00:00",
    "calendarYear": "1998",
    "period": "Q1",
    "revenue": 46400000,
    "costOfRevenue": 9900000,
    "grossProfit": 36500000,
    "grossProfitRatio": 0.786637931,
    "researchAndDevelopmentExpenses": 0,
    "generalAndAdministrativeExpenses": 0,
    "sellingAndMarketingExpenses": 0,
    "sellingGeneralAndAdministrativeExpenses": 0,
    "otherExpenses": 0,
    "operatingExpenses": 0,
    "costAndExpenses": 9900000,
    "interestIncome": 0,
    "interestExpense": 0,
    "depreciationAndAmortization": 0,
    "ebitda": 36500000,
    "ebitdaratio": 0.786637931,
    "operatingIncome": 36500000,
    "operatingIncomeRatio": 0.786637931,
    "totalOtherIncomeExpensesNet": 0,
    "incomeBeforeTax": 36500000,
    "incomeBeforeTaxRatio": 0.786637931,
    "incomeTaxExpense": 0,
    "netIncome": 1600000,
    "netIncomeRatio": 0.0344827586,
    "eps": 0.01,
    "epsdiluted": 0.01,
    "weightedAverageShsOut": 153522000,
    "weightedAverageShsOutDil": 159147000,
    "link": "https://www.sec.gov/Archives/edgar/data/947484/000100547798001600/0001005477-98-001600-index.htm",
    "finalLink": "https://www.sec.gov/Archives/edgar/data/947484/0001005477-98-001600.txt"
  },
  {
    "date": "1997-12-31",
    "symbol": "ACGL",
    "reportedCurrency": "USD",
    "cik": "0000947484",
    "fillingDate": "1998-03-27",
    "acceptedDate": "1998-03-27 00:00:00",
    "calendarYear": "1997",
    "period": "Q4",
    "revenue": 41472000,
    "costOfRevenue": 13800000,
    "grossProfit": 27672000,
    "grossProfitRatio": 0.6672453704,
    "researchAndDevelopmentExpenses": 0,
    "generalAndAdministrativeExpenses": 0,
    "sellingAndMarketingExpenses": 0,
    "sellingGeneralAndAdministrativeExpenses": 0,
    "otherExpenses": 87579000,
    "operatingExpenses": 87579000,
    "costAndExpenses": 101379000,
    "interestIncome": 0,
    "interestExpense": 0,
    "depreciationAndAmortization": 0,
    "ebitda": -59907000,
    "ebitdaratio": -1.4445167824,
    "operatingIncome": -59907000,
    "operatingIncomeRatio": -1.4445167824,
    "totalOtherIncomeExpensesNet": 61800000,
    "incomeBeforeTax": 1893000,
    "incomeBeforeTaxRatio": 0.0456452546,
    "incomeTaxExpense": -1538000,
    "netIncome": -1761000,
    "netIncomeRatio": -0.0424623843,
    "eps": -0.0115,
    "epsdiluted": -0.0111,
    "weightedAverageShsOut": 153522000,
    "weightedAverageShsOutDil": 159147000,
    "link": "https://www.sec.gov/Archives/edgar/data/947484/000100547798000922/0001005477-98-000922-index.htm",
    "finalLink": "https://www.sec.gov/Archives/edgar/data/947484/000100547798000922/"
  },
  {
    "date": "1997-09-30",
    "symbol": "ACGL",
    "reportedCurrency": "USD",
    "cik": "0000947484",
    "fillingDate": "1997-11-14",
    "acceptedDate": "1997-11-14 00:00:00",
    "calendarYear": "1997",
    "period": "Q3",
    "revenue": 32500000,
    "costOfRevenue": 6200000,
    "grossProfit": 26300000,
    "grossProfitRatio": 0.8092307692,
    "researchAndDevelopmentExpenses": 0,
    "generalAndAdministrativeExpenses": 0,
    "sellingAndMarketingExpenses": 0,
    "sellingGeneralAndAdministrativeExpenses": 0,
    "otherExpenses": 0,
    "operatingExpenses": 0,
    "costAndExpenses": 6200000,
    "interestIncome": 0,
    "interestExpense": 0,
    "depreciationAndAmortization": 0,
    "ebitda": 26300000,
    "ebitdaratio": 0.8092307692,
    "operatingIncome": 26300000,
    "operatingIncomeRatio": 0.8092307692,
    "totalOtherIncomeExpensesNet": -21600000,
    "incomeBeforeTax": 4700000,
    "incomeBeforeTaxRatio": 0.1446153846,
    "incomeTaxExpense": 1400000,
    "netIncome": 3300000,
    "netIncomeRatio": 0.1015384615,
    "eps": 0.0211,
    "epsdiluted": 0.0211,
    "weightedAverageShsOut": 156315789,
    "weightedAverageShsOutDil": 156315789,
    "link": "https://www.sec.gov/Archives/edgar/data/947484/000104746997004785/0001047469-97-004785-index.htm",
    "finalLink": "https://www.sec.gov/Archives/edgar/data/947484/0001047469-97-004785.txt"
  },
  {
    "date": "1997-06-30",
    "symbol": "ACGL",
    "reportedCurrency": "USD",
    "cik": "0000947484",
    "fillingDate": "1997-08-14",
    "acceptedDate": "1997-08-14 00:00:00",
    "calendarYear": "1997",
    "period": "Q2",
    "revenue": 22800000,
    "costOfRevenue": 5400000,
    "grossProfit": 17400000,
    "grossProfitRatio": 0.7631578947,
    "researchAndDevelopmentExpenses": 0,
    "generalAndAdministrativeExpenses": 0,
    "sellingAndMarketingExpenses": 0,
    "sellingGeneralAndAdministrativeExpenses": 0,
    "otherExpenses": 0,
    "operatingExpenses": 0,
    "costAndExpenses": 5400000,
    "interestIncome": 0,
    "interestExpense": 0,
    "depreciationAndAmortization": 0,
    "ebitda": 17400000,
    "ebitdaratio": 0.7631578947,
    "operatingIncome": 17400000,
    "operatingIncomeRatio": 0.7631578947,
    "totalOtherIncomeExpensesNet": -17200000,
    "incomeBeforeTax": 200000,
    "incomeBeforeTaxRatio": 0.0087719298,
    "incomeTaxExpense": -100000,
    "netIncome": 300000,
    "netIncomeRatio": 0.0131578947,
    "eps": 0.0022,
    "epsdiluted": 0.0022,
    "weightedAverageShsOut": 153207000,
    "weightedAverageShsOutDil": 153207000,
    "link": "https://www.sec.gov/Archives/edgar/data/947484/000091205797027997/0000912057-97-027997-index.htm",
    "finalLink": "https://www.sec.gov/Archives/edgar/data/947484/0000912057-97-027997.txt"
  },
  {
    "date": "1997-03-31",
    "symbol": "ACGL",
    "reportedCurrency": "USD",
    "cik": "0000947484",
    "fillingDate": "1997-05-14",
    "acceptedDate": "1997-05-14 00:00:00",
    "calendarYear": "1997",
    "period": "Q1",
    "revenue": 24500000,
    "costOfRevenue": 6100000,
    "grossProfit": 18400000,
    "grossProfitRatio": 0.7510204082,
    "researchAndDevelopmentExpenses": 0,
    "generalAndAdministrativeExpenses": 0,
    "sellingAndMarketingExpenses": 0,
    "sellingGeneralAndAdministrativeExpenses": 0,
    "otherExpenses": 0,
    "operatingExpenses": 0,
    "costAndExpenses": 6100000,
    "interestIncome": 0,
    "interestExpense": 0,
    "depreciationAndAmortization": 0,
    "ebitda": 18400000,
    "ebitdaratio": 0.7510204082,
    "operatingIncome": 18400000,
    "operatingIncomeRatio": 0.7510204082,
    "totalOtherIncomeExpensesNet": 0,
    "incomeBeforeTax": 18400000,
    "incomeBeforeTaxRatio": 0.7510204082,
    "incomeTaxExpense": -200000,
    "netIncome": 200000,
    "netIncomeRatio": 0.0081632653,
    "eps": 0.0011,
    "epsdiluted": 0.0011,
    "weightedAverageShsOut": 153225000,
    "weightedAverageShsOutDil": 153225000,
    "link": "https://www.sec.gov/Archives/edgar/data/947484/000100547797001393/0001005477-97-001393-index.htm",
    "finalLink": "https://www.sec.gov/Archives/edgar/data/947484/0001005477-97-001393.txt"
  },
  {
    "date": "1996-12-31",
    "symbol": "ACGL",
    "reportedCurrency": "USD",
    "cik": "0000947484",
    "fillingDate": "1997-03-31",
    "acceptedDate": "1997-03-31 00:00:00",
    "calendarYear": "1996",
    "period": "Q4",
    "revenue": 21971000,
    "costOfRevenue": 0,
    "grossProfit": 21971000,
    "grossProfitRatio": 1,
    "researchAndDevelopmentExpenses": 0,
    "generalAndAdministrativeExpenses": 0,
    "sellingAndMarketingExpenses": 0,
    "sellingGeneralAndAdministrativeExpenses": 0,
    "otherExpenses": 0,
    "operatingExpenses": 0,
    "costAndExpenses": 0,
    "interestIncome": 0,
    "interestExpense": 0,
    "depreciationAndAmortization": 0,
    "ebitda": 21971000,
    "ebitdaratio": 1,
    "operatingIncome": 21971000,
    "operatingIncomeRatio": 1,
    "totalOtherIncomeExpensesNet": 0,
    "incomeBeforeTax": 21971000,
    "incomeBeforeTaxRatio": 1,
    "incomeTaxExpense": 0,
    "netIncome": 1412000,
    "netIncomeRatio": 0.0642665332,
    "eps": 0.0092,
    "epsdiluted": 0.0092,
    "weightedAverageShsOut": 153225000,
    "weightedAverageShsOutDil": 153225000,
    "link": "https://www.sec.gov/Archives/edgar/data/947484/000089016397000059/0000890163-97-000059-index.htm",
    "finalLink": "https://www.sec.gov/Archives/edgar/data/947484/0000890163-97-000059.txt"
  },
  {
    "date": "1996-09-30",
    "symbol": "ACGL",
    "reportedCurrency": "USD",
    "cik": "0000947484",
    "fillingDate": "1996-11-14",
    "acceptedDate": "1996-11-14 00:00:00",
    "calendarYear": "1996",
    "period": "Q3",
    "revenue": 15800000,
    "costOfRevenue": 0,
    "grossProfit": 15800000,
    "grossProfitRatio": 1,
    "researchAndDevelopmentExpenses": 0,
    "generalAndAdministrativeExpenses": 0,
    "sellingAndMarketingExpenses": 0,
    "sellingGeneralAndAdministrativeExpenses": 0,
    "otherExpenses": 0,
    "operatingExpenses": 0,
    "costAndExpenses": 0,
    "interestIncome": 0,
    "interestExpense": 0,
    "depreciationAndAmortization": 0,
    "ebitda": 15800000,
    "ebitdaratio": 1,
    "operatingIncome": 15800000,
    "operatingIncomeRatio": 1,
    "totalOtherIncomeExpensesNet": 0,
    "incomeBeforeTax": 15800000,
    "incomeBeforeTaxRatio": 1,
    "incomeTaxExpense": 0,
    "netIncome": 900000,
    "netIncomeRatio": 0.0569620253,
    "eps": 0.0056,
    "epsdiluted": 0.0056,
    "weightedAverageShsOut": 162000000,
    "weightedAverageShsOutDil": 162000000,
    "link": "https://www.sec.gov/Archives/edgar/data/947484/000089155496000818/0000891554-96-000818-index.htm",
    "finalLink": "https://www.sec.gov/Archives/edgar/data/947484/0000891554-96-000818.txt"
  },
  {
    "date": "1996-06-30",
    "symbol": "ACGL",
    "reportedCurrency": "USD",
    "cik": "0000947484",
    "fillingDate": "1996-08-14",
    "acceptedDate": "1996-08-14 00:00:00",
    "calendarYear": "1996",
    "period": "Q2",
    "revenue": 7400000,
    "costOfRevenue": 0,
    "grossProfit": 7400000,
    "grossProfitRatio": 1,
    "researchAndDevelopmentExpenses": 0,
    "generalAndAdministrativeExpenses": 0,
    "sellingAndMarketingExpenses": 0,
    "sellingGeneralAndAdministrativeExpenses": 0,
    "otherExpenses": 0,
    "operatingExpenses": 0,
    "costAndExpenses": 0,
    "interestIncome": 0,
    "interestExpense": 0,
    "depreciationAndAmortization": 0,
    "ebitda": 7400000,
    "ebitdaratio": 1,
    "operatingIncome": 7400000,
    "operatingIncomeRatio": 1,
    "totalOtherIncomeExpensesNet": -6300000,
    "incomeBeforeTax": 1100000,
    "incomeBeforeTaxRatio": 0.1486486486,
    "incomeTaxExpense": 100000,
    "netIncome": 1000000,
    "netIncomeRatio": 0.1351351351,
    "eps": 0.0067,
    "epsdiluted": 0.0067,
    "weightedAverageShsOut": 150000000,
    "weightedAverageShsOutDil": 150000000,
    "link": "https://www.sec.gov/Archives/edgar/data/947484/000095011296002880/0000950112-96-002880-index.htm",
    "finalLink": "https://www.sec.gov/Archives/edgar/data/947484/0000950112-96-002880.txt"
  },
  {
    "date": "1996-03-31",
    "symbol": "ACGL",
    "reportedCurrency": "USD",
    "cik": "0000947484",
    "fillingDate": "1996-05-14",
    "acceptedDate": "1996-05-14 00:00:00",
    "calendarYear": "1996",
    "period": "Q1",
    "revenue": 5000000,
    "costOfRevenue": 0,
    "grossProfit": 5000000,
    "grossProfitRatio": 1,
    "researchAndDevelopmentExpenses": 0,
    "generalAndAdministrativeExpenses": 0,
    "sellingAndMarketingExpenses": 0,
    "sellingGeneralAndAdministrativeExpenses": 0,
    "otherExpenses": 0,
    "operatingExpenses": 0,
    "costAndExpenses": 0,
    "interestIncome": 0,
    "interestExpense": 0,
    "depreciationAndAmortization": 0,
    "ebitda": 5000000,
    "ebitdaratio": 1,
    "operatingIncome": 5000000,
    "operatingIncomeRatio": 1,
    "totalOtherIncomeExpensesNet": -4300000,
    "incomeBeforeTax": 700000,
    "incomeBeforeTaxRatio": 0.14,
    "incomeTaxExpense": -100000,
    "netIncome": 800000,
    "netIncomeRatio": 0.16,
    "eps": 0.0056,
    "epsdiluted": 0.0056,
    "weightedAverageShsOut": 144000000,
    "weightedAverageShsOutDil": 144000000,
    "link": "https://www.sec.gov/Archives/edgar/data/947484/000089155496000270/0000891554-96-000270-index.htm",
    "finalLink": "https://www.sec.gov/Archives/edgar/data/947484/0000891554-96-000270.txt"
  },
  {
    "date": "1995-09-30",
    "symbol": "ACGL",
    "reportedCurrency": "USD",
    "cik": "0000947484",
    "fillingDate": "1995-09-30",
    "acceptedDate": "1995-09-30 00:00:00",
    "calendarYear": "1995",
    "period": "Q3",
    "revenue": 500000,
    "costOfRevenue": 0,
    "grossProfit": 500000,
    "grossProfitRatio": 1,
    "researchAndDevelopmentExpenses": 0,
    "generalAndAdministrativeExpenses": 0,
    "sellingAndMarketingExpenses": 0,
    "sellingGeneralAndAdministrativeExpenses": 0,
    "otherExpenses": 500000,
    "operatingExpenses": 500000,
    "costAndExpenses": 500000,
    "interestIncome": 0,
    "interestExpense": 0,
    "depreciationAndAmortization": 0,
    "ebitda": 0,
    "ebitdaratio": 0,
    "operatingIncome": 0,
    "operatingIncomeRatio": 0,
    "totalOtherIncomeExpensesNet": 0,
    "incomeBeforeTax": 0,
    "incomeBeforeTaxRatio": 0,
    "incomeTaxExpense": -100000,
    "netIncome": -100000,
    "netIncomeRatio": -0.2,
    "eps": -0.0007,
    "epsdiluted": -0.0007,
    "weightedAverageShsOut": 142605000,
    "weightedAverageShsOutDil": 142605000,
    "link": "",
    "finalLink": ""
  }
]