[
  {
    "date": "2025-08-02",
    "symbol": "ADI",
    "reportedCurrency": "USD",
    "cik": "0000006281",
    "fillingDate": "2025-08-20",
    "acceptedDate": "2025-08-20 07:08:46",
    "calendarYear": "2025",
    "period": "Q3",
    "revenue": 2880348000,
    "costOfRevenue": 1090600000,
    "grossProfit": 1789748000,
    "grossProfitRatio": 0.6213651961,
    "researchAndDevelopmentExpenses": 454251000,
    "generalAndAdministrativeExpenses": 0,
    "sellingAndMarketingExpenses": 0,
    "sellingGeneralAndAdministrativeExpenses": 325706000,
    "otherExpenses": 191763000,
    "operatingExpenses": 971720000,
    "costAndExpenses": 2062320000,
    "interestIncome": 27083000,
    "interestExpense": 79592000,
    "depreciationAndAmortization": 487292000,
    "ebitda": 1330293000,
    "ebitdaratio": 0.4618514846,
    "operatingIncome": 818028000,
    "operatingIncomeRatio": 0.2840031829,
    "totalOtherIncomeExpensesNet": -54619000,
    "incomeBeforeTax": 763409000,
    "incomeBeforeTaxRatio": 0.2650405437,
    "incomeTaxExpense": 244891000,
    "netIncome": 518518000,
    "netIncomeRatio": 0.1800192199,
    "eps": 1.05,
    "epsdiluted": 1.04,
    "weightedAverageShsOut": 494390000,
    "weightedAverageShsOutDil": 496726000,
    "link": "https://www.sec.gov/Archives/edgar/data/6281/000000628125000144/0000006281-25-000144-index.htm",
    "finalLink": "https://www.sec.gov/Archives/edgar/data/6281/000000628125000144/adi-20250802.htm"
  },
  {
    "date": "2025-05-03",
    "symbol": "ADI",
    "reportedCurrency": "USD",
    "cik": "0000006281",
    "fillingDate": "2025-05-22",
    "acceptedDate": "2025-05-22 07:05:43",
    "calendarYear": "2025",
    "period": "Q2",
    "revenue": 2640068000,
    "costOfRevenue": 1028458000,
    "grossProfit": 1611610000,
    "grossProfitRatio": 0.6104426098,
    "researchAndDevelopmentExpenses": 441837000,
    "generalAndAdministrativeExpenses": 0,
    "sellingAndMarketingExpenses": 0,
    "sellingGeneralAndAdministrativeExpenses": 302669000,
    "otherExpenses": 189160000,
    "operatingExpenses": 933666000,
    "costAndExpenses": 1962124000,
    "interestIncome": 21725000,
    "interestExpense": 74703000,
    "depreciationAndAmortization": 500607000,
    "ebitda": 1201238000,
    "ebitdaratio": 0.4550026742,
    "operatingIncome": 677944000,
    "operatingIncomeRatio": 0.2567903554,
    "totalOtherIncomeExpensesNet": -52016000,
    "incomeBeforeTax": 625928000,
    "incomeBeforeTaxRatio": 0.2370878326,
    "incomeTaxExpense": 56158000,
    "netIncome": 569770000,
    "netIncomeRatio": 0.2158164108,
    "eps": 1.15,
    "epsdiluted": 1.14,
    "weightedAverageShsOut": 496173000,
    "weightedAverageShsOutDil": 498201000,
    "link": "https://www.sec.gov/Archives/edgar/data/6281/000000628125000125/0000006281-25-000125-index.htm",
    "finalLink": "https://www.sec.gov/Archives/edgar/data/6281/000000628125000125/adi-20250503.htm"
  },
  {
    "date": "2025-02-01",
    "symbol": "ADI",
    "reportedCurrency": "USD",
    "cik": "0000006281",
    "fillingDate": "2025-02-19",
    "acceptedDate": "2025-02-19 07:15:01",
    "calendarYear": "2025",
    "period": "Q1",
    "revenue": 2423174000,
    "costOfRevenue": 992871000,
    "grossProfit": 1430303000,
    "grossProfitRatio": 0.5902601299,
    "researchAndDevelopmentExpenses": 402892000,
    "generalAndAdministrativeExpenses": 0,
    "sellingAndMarketingExpenses": 0,
    "sellingGeneralAndAdministrativeExpenses": 284796000,
    "otherExpenses": 251302000,
    "operatingExpenses": 938990000,
    "costAndExpenses": 1931861000,
    "interestIncome": 23487000,
    "interestExpense": 75264000,
    "depreciationAndAmortization": 515603000,
    "ebitda": 1026443000,
    "ebitdaratio": 0.4235944262,
    "operatingIncome": 491313000,
    "operatingIncomeRatio": 0.2027559721,
    "totalOtherIncomeExpensesNet": -55737000,
    "incomeBeforeTax": 435576000,
    "incomeBeforeTaxRatio": 0.1797543222,
    "incomeTaxExpense": 44260000,
    "netIncome": 391316000,
    "netIncomeRatio": 0.1614890222,
    "eps": 0.79,
    "epsdiluted": 0.78,
    "weightedAverageShsOut": 496116000,
    "weightedAverageShsOutDil": 498668000,
    "link": "https://www.sec.gov/Archives/edgar/data/6281/000000628125000023/0000006281-25-000023-index.htm",
    "finalLink": "https://www.sec.gov/Archives/edgar/data/6281/000000628125000023/adi-20250201.htm"
  },
  {
    "date": "2024-11-02",
    "symbol": "ADI",
    "reportedCurrency": "USD",
    "cik": "0000006281",
    "fillingDate": "2024-11-26",
    "acceptedDate": "2024-11-26 16:01:53",
    "calendarYear": "2024",
    "period": "Q4",
    "revenue": 2443205000,
    "costOfRevenue": 1027077000,
    "grossProfit": 1416128000,
    "grossProfitRatio": 0.5796189841,
    "researchAndDevelopmentExpenses": 378903000,
    "generalAndAdministrativeExpenses": 0,
    "sellingAndMarketingExpenses": 0,
    "sellingGeneralAndAdministrativeExpenses": 283888000,
    "otherExpenses": 183945000,
    "operatingExpenses": 846736000,
    "costAndExpenses": 1873813000,
    "interestIncome": 27947000,
    "interestExpense": 82804000,
    "depreciationAndAmortization": 520461000,
    "ebitda": 1119593000,
    "ebitdaratio": 0.4582476706,
    "operatingIncome": 569392000,
    "operatingIncomeRatio": 0.2330512585,
    "totalOtherIncomeExpensesNet": -53064000,
    "incomeBeforeTax": 516328000,
    "incomeBeforeTaxRatio": 0.211332246,
    "incomeTaxExpense": 38256000,
    "netIncome": 478072000,
    "netIncomeRatio": 0.1956741248,
    "eps": 0.96,
    "epsdiluted": 0.96,
    "weightedAverageShsOut": 496166000,
    "weightedAverageShsOutDil": 498722000,
    "link": "https://www.sec.gov/Archives/edgar/data/6281/000000628124000204/0000006281-24-000204-index.htm",
    "finalLink": "https://www.sec.gov/Archives/edgar/data/6281/000000628124000204/adi-20241102.htm"
  },
  {
    "date": "2024-08-03",
    "symbol": "ADI",
    "reportedCurrency": "USD",
    "cik": "0000006281",
    "fillingDate": "2024-08-21",
    "acceptedDate": "2024-08-21 07:04:09",
    "calendarYear": "2024",
    "period": "Q3",
    "revenue": 2312209000,
    "costOfRevenue": 1000970000,
    "grossProfit": 1311239000,
    "grossProfitRatio": 0.5670936321,
    "researchAndDevelopmentExpenses": 362671000,
    "generalAndAdministrativeExpenses": 0,
    "sellingAndMarketingExpenses": 0,
    "sellingGeneralAndAdministrativeExpenses": 257213000,
    "otherExpenses": 200036000,
    "operatingExpenses": 819920000,
    "costAndExpenses": 1820890000,
    "interestIncome": 26432000,
    "interestExpense": 85179000,
    "depreciationAndAmortization": 530307000,
    "ebitda": 1038477000,
    "ebitdaratio": 0.4491276524,
    "operatingIncome": 491319000,
    "operatingIncomeRatio": 0.2124890094,
    "totalOtherIncomeExpensesNet": -68328000,
    "incomeBeforeTax": 422991000,
    "incomeBeforeTaxRatio": 0.1829380476,
    "incomeTaxExpense": 30759000,
    "netIncome": 392232000,
    "netIncomeRatio": 0.1696351844,
    "eps": 0.79,
    "epsdiluted": 0.79,
    "weightedAverageShsOut": 496338000,
    "weightedAverageShsOutDil": 498794000,
    "link": "https://www.sec.gov/Archives/edgar/data/6281/000000628124000159/0000006281-24-000159-index.htm",
    "finalLink": "https://www.sec.gov/Archives/edgar/data/6281/000000628124000159/adi-20240803.htm"
  },
  {
    "date": "2024-05-04",
    "symbol": "ADI",
    "reportedCurrency": "USD",
    "cik": "0000006281",
    "fillingDate": "2024-05-22",
    "acceptedDate": "2024-05-22 07:08:10",
    "calendarYear": "2024",
    "period": "Q2",
    "revenue": 2159039000,
    "costOfRevenue": 979004000,
    "grossProfit": 1180035000,
    "grossProfitRatio": 0.5465556667,
    "researchAndDevelopmentExpenses": 354862000,
    "generalAndAdministrativeExpenses": 0,
    "sellingAndMarketingExpenses": 0,
    "sellingGeneralAndAdministrativeExpenses": 244129000,
    "otherExpenses": 194921000,
    "operatingExpenses": 793912000,
    "costAndExpenses": 1772916000,
    "interestIncome": 15269000,
    "interestExpense": 77103000,
    "depreciationAndAmortization": 528297000,
    "ebitda": 930003000,
    "ebitdaratio": 0.4307485877,
    "operatingIncome": 386123000,
    "operatingIncomeRatio": 0.1788402155,
    "totalOtherIncomeExpensesNet": -61520000,
    "incomeBeforeTax": 324603000,
    "incomeBeforeTaxRatio": 0.1503460567,
    "incomeTaxExpense": 22361000,
    "netIncome": 302242000,
    "netIncomeRatio": 0.1399891341,
    "eps": 0.61,
    "epsdiluted": 0.61,
    "weightedAverageShsOut": 496130000,
    "weightedAverageShsOutDil": 498533000,
    "link": "https://www.sec.gov/Archives/edgar/data/6281/000000628124000132/0000006281-24-000132-index.htm",
    "finalLink": "https://www.sec.gov/Archives/edgar/data/6281/000000628124000132/adi-20240504.htm"
  },
  {
    "date": "2024-02-03",
    "symbol": "ADI",
    "reportedCurrency": "USD",
    "cik": "0000006281",
    "fillingDate": "2024-02-21",
    "acceptedDate": "2024-02-21 07:10:52",
    "calendarYear": "2024",
    "period": "Q1",
    "revenue": 2512704000,
    "costOfRevenue": 1038762999,
    "grossProfit": 1473941000,
    "grossProfitRatio": 0.586595556,
    "researchAndDevelopmentExpenses": 391427000,
    "generalAndAdministrativeExpenses": 0,
    "sellingAndMarketingExpenses": 0,
    "sellingGeneralAndAdministrativeExpenses": 290078000,
    "otherExpenses": 206472000,
    "operatingExpenses": 887977000,
    "costAndExpenses": 1926740000,
    "interestIncome": 9169000,
    "interestExpense": 77141000,
    "depreciationAndAmortization": 525251000,
    "ebitda": 1115810000,
    "ebitdaratio": 0.444067427,
    "operatingIncome": 585964000,
    "operatingIncomeRatio": 0.233200568,
    "totalOtherIncomeExpensesNet": -72546000,
    "incomeBeforeTax": 513418000,
    "incomeBeforeTaxRatio": 0.2043288824,
    "incomeTaxExpense": 50691000,
    "netIncome": 462727000,
    "netIncomeRatio": 0.184154998,
    "eps": 0.93,
    "epsdiluted": 0.93,
    "weightedAverageShsOut": 495765000,
    "weightedAverageShsOutDil": 498741000,
    "link": "https://www.sec.gov/Archives/edgar/data/6281/000000628124000034/0000006281-24-000034-index.htm",
    "finalLink": "https://www.sec.gov/Archives/edgar/data/6281/000000628124000034/adi-20240203.htm"
  },
  {
    "date": "2023-10-28",
    "symbol": "ADI",
    "reportedCurrency": "USD",
    "cik": "0000006281",
    "fillingDate": "2023-11-21",
    "acceptedDate": "2023-11-21 16:24:08",
    "calendarYear": "2023",
    "period": "Q4",
    "revenue": 2716484000,
    "costOfRevenue": 1069768000,
    "grossProfit": 1646716000,
    "grossProfitRatio": 0.6061938889,
    "researchAndDevelopmentExpenses": 406594000,
    "generalAndAdministrativeExpenses": 0,
    "sellingAndMarketingExpenses": 0,
    "sellingGeneralAndAdministrativeExpenses": 293814000,
    "otherExpenses": 311893000,
    "operatingExpenses": 1012301000,
    "costAndExpenses": 2082069000,
    "interestIncome": 9089000,
    "interestExpense": 71590000,
    "depreciationAndAmortization": 536117000,
    "ebitda": 1179493000,
    "ebitdaratio": 0.4341983976,
    "operatingIncome": 634415000,
    "operatingIncomeRatio": 0.2335426971,
    "totalOtherIncomeExpensesNet": -62629000,
    "incomeBeforeTax": 571786000,
    "incomeBeforeTaxRatio": 0.2104875273,
    "incomeTaxExpense": 73356000,
    "netIncome": 498430000,
    "netIncomeRatio": 0.1834835029,
    "eps": 0.99,
    "epsdiluted": 0.99,
    "weightedAverageShsOut": 497073000,
    "weightedAverageShsOutDil": 505959000,
    "link": "https://www.sec.gov/Archives/edgar/data/6281/000000628123000203/0000006281-23-000203-index.htm",
    "finalLink": "https://www.sec.gov/Archives/edgar/data/6281/000000628123000203/adi-20231028.htm"
  },
  {
    "date": "2023-07-29",
    "symbol": "ADI",
    "reportedCurrency": "USD",
    "cik": "0000006281",
    "fillingDate": "2023-08-23",
    "acceptedDate": "2023-08-23 07:05:46",
    "calendarYear": "2023",
    "period": "Q3",
    "revenue": 3076495000,
    "costOfRevenue": 1114880000,
    "grossProfit": 1961615000,
    "grossProfitRatio": 0.637613583,
    "researchAndDevelopmentExpenses": 423751000,
    "generalAndAdministrativeExpenses": 0,
    "sellingAndMarketingExpenses": 0,
    "sellingGeneralAndAdministrativeExpenses": 334113000,
    "otherExpenses": 274258000,
    "operatingExpenses": 1032122000,
    "costAndExpenses": 2147002000,
    "interestIncome": 8794000,
    "interestExpense": 69346000,
    "depreciationAndAmortization": 587692000,
    "ebitda": 1531859000,
    "ebitdaratio": 0.4979234486,
    "operatingIncome": 929493000,
    "operatingIncomeRatio": 0.3021272585,
    "totalOtherIncomeExpensesNet": -54672000,
    "incomeBeforeTax": 874821000,
    "incomeBeforeTaxRatio": 0.2843563861,
    "incomeTaxExpense": -2198000,
    "netIncome": 877019000,
    "netIncomeRatio": 0.2850708355,
    "eps": 1.75,
    "epsdiluted": 1.74,
    "weightedAverageShsOut": 500018000,
    "weightedAverageShsOutDil": 503503000,
    "link": "https://www.sec.gov/Archives/edgar/data/6281/000000628123000179/0000006281-23-000179-index.htm",
    "finalLink": "https://www.sec.gov/Archives/edgar/data/6281/000000628123000179/adi-20230729.htm"
  },
  {
    "date": "2023-04-29",
    "symbol": "ADI",
    "reportedCurrency": "USD",
    "cik": "0000006281",
    "fillingDate": "2023-05-24",
    "acceptedDate": "2023-05-24 07:03:48",
    "calendarYear": "2023",
    "period": "Q2",
    "revenue": 3262930000,
    "costOfRevenue": 1118384000,
    "grossProfit": 2144545999,
    "grossProfitRatio": 0.6572454815,
    "researchAndDevelopmentExpenses": 415754000,
    "generalAndAdministrativeExpenses": 0,
    "sellingAndMarketingExpenses": 0,
    "sellingGeneralAndAdministrativeExpenses": 324251000,
    "otherExpenses": 276157000,
    "operatingExpenses": 1016162000,
    "costAndExpenses": 2134546000,
    "interestIncome": 12575000,
    "interestExpense": 63252000,
    "depreciationAndAmortization": 581796000,
    "ebitda": 1732971000,
    "ebitdaratio": 0.53110885,
    "operatingIncome": 1128384000,
    "operatingIncomeRatio": 0.3458192483,
    "totalOtherIncomeExpensesNet": -40461000,
    "incomeBeforeTax": 1087923000,
    "incomeBeforeTaxRatio": 0.3334190436,
    "incomeTaxExpense": 110267000,
    "netIncome": 977656000,
    "netIncomeRatio": 0.2996251835,
    "eps": 1.94,
    "epsdiluted": 1.92,
    "weightedAverageShsOut": 504715000,
    "weightedAverageShsOutDil": 508725000,
    "link": "https://www.sec.gov/Archives/edgar/data/6281/000000628123000152/0000006281-23-000152-index.htm",
    "finalLink": "https://www.sec.gov/Archives/edgar/data/6281/000000628123000152/adi-20230429.htm"
  },
  {
    "date": "2023-01-28",
    "symbol": "ADI",
    "reportedCurrency": "USD",
    "cik": "0000006281",
    "fillingDate": "2023-02-15",
    "acceptedDate": "2023-02-15 07:06:29",
    "calendarYear": "2023",
    "period": "Q1",
    "revenue": 3249630000,
    "costOfRevenue": 1125289000,
    "grossProfit": 2124341000,
    "grossProfitRatio": 0.6537178079,
    "researchAndDevelopmentExpenses": 414095000,
    "generalAndAdministrativeExpenses": 0,
    "sellingAndMarketingExpenses": 0,
    "sellingGeneralAndAdministrativeExpenses": 326284000,
    "otherExpenses": 253142000,
    "operatingExpenses": 993521000,
    "costAndExpenses": 2118810000,
    "interestIncome": 10829000,
    "interestExpense": 60453000,
    "depreciationAndAmortization": 587498000,
    "ebitda": 1721424000,
    "ebitdaratio": 0.5297292307,
    "operatingIncome": 1130820000,
    "operatingIncomeRatio": 0.3479842321,
    "totalOtherIncomeExpensesNet": -57347000,
    "incomeBeforeTax": 1073473000,
    "incomeBeforeTaxRatio": 0.3303369922,
    "incomeTaxExpense": 111999000,
    "netIncome": 961474000,
    "netIncomeRatio": 0.2958718377,
    "eps": 1.9,
    "epsdiluted": 1.88,
    "weightedAverageShsOut": 507121000,
    "weightedAverageShsOutDil": 511184000,
    "link": "https://www.sec.gov/Archives/edgar/data/6281/000000628123000031/0000006281-23-000031-index.htm",
    "finalLink": "https://www.sec.gov/Archives/edgar/data/6281/000000628123000031/adi-20230128.htm"
  },
  {
    "date": "2022-10-29",
    "symbol": "ADI",
    "reportedCurrency": "USD",
    "cik": "0000006281",
    "fillingDate": "2022-11-22",
    "acceptedDate": "2022-11-22 16:02:20",
    "calendarYear": "2022",
    "period": "Q4",
    "revenue": 3247716000,
    "costOfRevenue": 1104901000,
    "grossProfit": 2142815000,
    "grossProfitRatio": 0.6597913734,
    "researchAndDevelopmentExpenses": 421008000,
    "generalAndAdministrativeExpenses": 0,
    "sellingAndMarketingExpenses": 0,
    "sellingGeneralAndAdministrativeExpenses": 340432000,
    "otherExpenses": 278899000,
    "operatingExpenses": 1040339000,
    "costAndExpenses": 2145240000,
    "interestIncome": 4328000,
    "interestExpense": 47707000,
    "depreciationAndAmortization": 572614000,
    "ebitda": 1668333000,
    "ebitdaratio": 0.5136942393,
    "operatingIncome": 1102476000,
    "operatingIncomeRatio": 0.339461948,
    "totalOtherIncomeExpensesNet": -54464000,
    "incomeBeforeTax": 1048012000,
    "incomeBeforeTaxRatio": 0.3226920088,
    "incomeTaxExpense": 111786000,
    "netIncome": 936226000,
    "netIncomeRatio": 0.2882721272,
    "eps": 1.83,
    "epsdiluted": 1.82,
    "weightedAverageShsOut": 512231000,
    "weightedAverageShsOutDil": 515757000,
    "link": "https://www.sec.gov/Archives/edgar/data/6281/000000628122000250/0000006281-22-000250-index.htm",
    "finalLink": "https://www.sec.gov/Archives/edgar/data/6281/000000628122000250/adi-20221029.htm"
  },
  {
    "date": "2022-07-30",
    "symbol": "ADI",
    "reportedCurrency": "USD",
    "cik": "0000006281",
    "fillingDate": "2022-08-17",
    "acceptedDate": "2022-08-17 07:07:02",
    "calendarYear": "2022",
    "period": "Q3",
    "revenue": 3109880000,
    "costOfRevenue": 1066738000,
    "grossProfit": 2043142000,
    "grossProfitRatio": 0.6569841923,
    "researchAndDevelopmentExpenses": 431829000,
    "generalAndAdministrativeExpenses": 0,
    "sellingAndMarketingExpenses": 0,
    "sellingGeneralAndAdministrativeExpenses": 326942000,
    "otherExpenses": 391065000,
    "operatingExpenses": 1149836000,
    "costAndExpenses": 2216574000,
    "interestIncome": 1797000,
    "interestExpense": 51189000,
    "depreciationAndAmortization": 578969000,
    "ebitda": 1478095000,
    "ebitdaratio": 0.4752900433,
    "operatingIncome": 893306000,
    "operatingIncomeRatio": 0.2872477395,
    "totalOtherIncomeExpensesNet": -45369000,
    "incomeBeforeTax": 847937000,
    "incomeBeforeTaxRatio": 0.2726590737,
    "incomeTaxExpense": 98952000,
    "netIncome": 748985000,
    "netIncomeRatio": 0.2408404826,
    "eps": 1.45,
    "epsdiluted": 1.44,
    "weightedAverageShsOut": 517010999,
    "weightedAverageShsOutDil": 520549999,
    "link": "https://www.sec.gov/Archives/edgar/data/6281/000000628122000224/0000006281-22-000224-index.htm",
    "finalLink": "https://www.sec.gov/Archives/edgar/data/6281/000000628122000224/adi-20220730.htm"
  },
  {
    "date": "2022-04-30",
    "symbol": "ADI",
    "reportedCurrency": "USD",
    "cik": "0000006281",
    "fillingDate": "2022-05-18",
    "acceptedDate": "2022-05-18 07:06:59",
    "calendarYear": "2022",
    "period": "Q2",
    "revenue": 2972064000,
    "costOfRevenue": 1027544000,
    "grossProfit": 1944520000,
    "grossProfitRatio": 0.654265857,
    "researchAndDevelopmentExpenses": 420901000,
    "generalAndAdministrativeExpenses": 0,
    "sellingAndMarketingExpenses": 0,
    "sellingGeneralAndAdministrativeExpenses": 305308000,
    "otherExpenses": 300150000,
    "operatingExpenses": 1026359000,
    "costAndExpenses": 2053903000,
    "interestIncome": 563000,
    "interestExpense": 49548000,
    "depreciationAndAmortization": 576106000,
    "ebitda": 1504899000,
    "ebitdaratio": 0.5063481136,
    "operatingIncome": 918161000,
    "operatingIncomeRatio": 0.3089304268,
    "totalOtherIncomeExpensesNet": -38916000,
    "incomeBeforeTax": 879245000,
    "incomeBeforeTaxRatio": 0.2958364961,
    "incomeTaxExpense": 95972000,
    "netIncome": 783273000,
    "netIncomeRatio": 0.2635451323,
    "eps": 1.49,
    "epsdiluted": 1.49,
    "weightedAverageShsOut": 522370000,
    "weightedAverageShsOutDil": 526264000,
    "link": "https://www.sec.gov/Archives/edgar/data/6281/000000628122000168/0000006281-22-000168-index.htm",
    "finalLink": "https://www.sec.gov/Archives/edgar/data/6281/000000628122000168/adi-20220430.htm"
  },
  {
    "date": "2022-01-29",
    "symbol": "ADI",
    "reportedCurrency": "USD",
    "cik": "0000006281",
    "fillingDate": "2022-02-16",
    "acceptedDate": "2022-02-16 07:11:36",
    "calendarYear": "2022",
    "period": "Q1",
    "revenue": 2684293000,
    "costOfRevenue": 1010900000,
    "grossProfit": 1673393000,
    "grossProfitRatio": 0.6234017672,
    "researchAndDevelopmentExpenses": 426780000,
    "generalAndAdministrativeExpenses": 0,
    "sellingAndMarketingExpenses": 0,
    "sellingGeneralAndAdministrativeExpenses": 297365000,
    "otherExpenses": 584491000,
    "operatingExpenses": 1308636000,
    "costAndExpenses": 2319536000,
    "interestIncome": 218000,
    "interestExpense": 51964000,
    "depreciationAndAmortization": 569810000,
    "ebitda": 945329000,
    "ebitdaratio": 0.3521705715,
    "operatingIncome": 364757000,
    "operatingIncomeRatio": 0.1358856876,
    "totalOtherIncomeExpensesNet": -41202000,
    "incomeBeforeTax": 323555000,
    "incomeBeforeTaxRatio": 0.1205363945,
    "incomeTaxExpense": 43478000,
    "netIncome": 280077000,
    "netIncomeRatio": 0.1043392059,
    "eps": 0.53,
    "epsdiluted": 0.53,
    "weightedAverageShsOut": 525291000,
    "weightedAverageShsOutDil": 530142000,
    "link": "https://www.sec.gov/Archives/edgar/data/6281/000000628122000020/0000006281-22-000020-index.htm",
    "finalLink": "https://www.sec.gov/Archives/edgar/data/6281/000000628122000020/adi-20220129.htm"
  },
  {
    "date": "2021-10-30",
    "symbol": "ADI",
    "reportedCurrency": "USD",
    "cik": "0000006281",
    "fillingDate": "2021-12-03",
    "acceptedDate": "2021-12-03 16:02:52",
    "calendarYear": "2021",
    "period": "Q4",
    "revenue": 2339568000,
    "costOfRevenue": 886665000,
    "grossProfit": 1452903000,
    "grossProfitRatio": 0.6210133666,
    "researchAndDevelopmentExpenses": 399121000,
    "generalAndAdministrativeExpenses": 0,
    "sellingAndMarketingExpenses": 0,
    "sellingGeneralAndAdministrativeExpenses": 320734000,
    "otherExpenses": 634043000,
    "operatingExpenses": 1353898000,
    "costAndExpenses": 2240563000,
    "interestIncome": 421000,
    "interestExpense": 54621000,
    "depreciationAndAmortization": 478963000,
    "ebitda": 377417000,
    "ebitdaratio": 0.1613190982,
    "operatingIncome": 99005000,
    "operatingIncomeRatio": 0.0423176415,
    "totalOtherIncomeExpensesNet": -255172000,
    "incomeBeforeTax": -156167000,
    "incomeBeforeTaxRatio": -0.0667503573,
    "incomeTaxExpense": -231854000,
    "netIncome": 75687000,
    "netIncomeRatio": 0.0323508443,
    "eps": 0.16,
    "epsdiluted": 0.16,
    "weightedAverageShsOut": 483345000,
    "weightedAverageShsOutDil": 487781000,
    "link": "https://www.sec.gov/Archives/edgar/data/6281/000000628121000294/0000006281-21-000294-index.htm",
    "finalLink": "https://www.sec.gov/Archives/edgar/data/6281/000000628121000294/adi-20211030.htm"
  },
  {
    "date": "2021-07-31",
    "symbol": "ADI",
    "reportedCurrency": "USD",
    "cik": "0000006281",
    "fillingDate": "2021-08-18",
    "acceptedDate": "2021-08-18 07:06:20",
    "calendarYear": "2021",
    "period": "Q3",
    "revenue": 1758853000,
    "costOfRevenue": 537669000,
    "grossProfit": 1221184000,
    "grossProfitRatio": 0.6943070285,
    "researchAndDevelopmentExpenses": 306617000,
    "generalAndAdministrativeExpenses": 0,
    "sellingAndMarketingExpenses": 0,
    "sellingGeneralAndAdministrativeExpenses": 206076000,
    "otherExpenses": 98845000,
    "operatingExpenses": 611538000,
    "costAndExpenses": 1149207000,
    "interestIncome": 300000,
    "interestExpense": 44659000,
    "depreciationAndAmortization": 196151000,
    "ebitda": 813088000,
    "ebitdaratio": 0.4622830902,
    "operatingIncome": 609646000,
    "operatingIncomeRatio": 0.3466156637,
    "totalOtherIncomeExpensesNet": -37368000,
    "incomeBeforeTax": 572278000,
    "incomeBeforeTaxRatio": 0.3253699997,
    "incomeTaxExpense": 68967000,
    "netIncome": 503311000,
    "netIncomeRatio": 0.28615865,
    "eps": 1.37,
    "epsdiluted": 1.35,
    "weightedAverageShsOut": 368476000,
    "weightedAverageShsOutDil": 371849000,
    "link": "https://www.sec.gov/Archives/edgar/data/6281/000000628121000197/0000006281-21-000197-index.htm",
    "finalLink": "https://www.sec.gov/Archives/edgar/data/6281/000000628121000197/adi-20210731.htm"
  },
  {
    "date": "2021-05-01",
    "symbol": "ADI",
    "reportedCurrency": "USD",
    "cik": "0000006281",
    "fillingDate": "2021-05-19",
    "acceptedDate": "2021-05-19 07:03:55",
    "calendarYear": "2021",
    "period": "Q2",
    "revenue": 1661407000,
    "costOfRevenue": 524770000,
    "grossProfit": 1136637000,
    "grossProfitRatio": 0.6841412128,
    "researchAndDevelopmentExpenses": 302238000,
    "generalAndAdministrativeExpenses": 0,
    "sellingAndMarketingExpenses": 0,
    "sellingGeneralAndAdministrativeExpenses": 206612000,
    "otherExpenses": 108097000,
    "operatingExpenses": 616947000,
    "costAndExpenses": 1141717000,
    "interestIncome": 290000,
    "interestExpense": 43066000,
    "depreciationAndAmortization": 198167000,
    "ebitda": 717218000,
    "ebitdaratio": 0.4316931372,
    "operatingIncome": 519690000,
    "operatingIncomeRatio": 0.3128011378,
    "totalOtherIncomeExpensesNet": -43705000,
    "incomeBeforeTax": 475985000,
    "incomeBeforeTaxRatio": 0.2864951213,
    "incomeTaxExpense": 53080000,
    "netIncome": 422905000,
    "netIncomeRatio": 0.2545462972,
    "eps": 1.15,
    "epsdiluted": 1.14,
    "weightedAverageShsOut": 368823000,
    "weightedAverageShsOutDil": 372418000,
    "link": "https://www.sec.gov/Archives/edgar/data/6281/000000628121000169/0000006281-21-000169-index.htm",
    "finalLink": "https://www.sec.gov/Archives/edgar/data/6281/000000628121000169/adi-20210501.htm"
  },
  {
    "date": "2021-01-30",
    "symbol": "ADI",
    "reportedCurrency": "USD",
    "cik": "0000006281",
    "fillingDate": "2021-02-17",
    "acceptedDate": "2021-02-17 08:05:18",
    "calendarYear": "2021",
    "period": "Q1",
    "revenue": 1558458000,
    "costOfRevenue": 513087000,
    "grossProfit": 1045371000,
    "grossProfitRatio": 0.6707726483,
    "researchAndDevelopmentExpenses": 288150000,
    "generalAndAdministrativeExpenses": 0,
    "sellingAndMarketingExpenses": 0,
    "sellingGeneralAndAdministrativeExpenses": 185275000,
    "otherExpenses": 108086000,
    "operatingExpenses": 581511000,
    "costAndExpenses": 1094598000,
    "interestIncome": 209000,
    "interestExpense": 42479000,
    "depreciationAndAmortization": 201353000,
    "ebitda": 680450000,
    "ebitdaratio": 0.436617477,
    "operatingIncome": 463860000,
    "operatingIncomeRatio": 0.2976403599,
    "totalOtherIncomeExpensesNet": -27242000,
    "incomeBeforeTax": 436618000,
    "incomeBeforeTaxRatio": 0.280160261,
    "incomeTaxExpense": 48099000,
    "netIncome": 388519000,
    "netIncomeRatio": 0.2492970616,
    "eps": 1.05,
    "epsdiluted": 1.04,
    "weightedAverageShsOut": 369203000,
    "weightedAverageShsOutDil": 373106000,
    "link": "https://www.sec.gov/Archives/edgar/data/6281/000000628121000022/0000006281-21-000022-index.htm",
    "finalLink": "https://www.sec.gov/Archives/edgar/data/6281/000000628121000022/adi-20210130.htm"
  },
  {
    "date": "2020-10-31",
    "symbol": "ADI",
    "reportedCurrency": "USD",
    "cik": "0000006281",
    "fillingDate": "2020-11-24",
    "acceptedDate": "2020-11-24 08:08:16",
    "calendarYear": "2020",
    "period": "Q4",
    "revenue": 1526295000,
    "costOfRevenue": 503211000,
    "grossProfit": 1023084000,
    "grossProfitRatio": 0.6703055438,
    "researchAndDevelopmentExpenses": 280239000,
    "generalAndAdministrativeExpenses": 0,
    "sellingAndMarketingExpenses": 0,
    "sellingGeneralAndAdministrativeExpenses": 166116000,
    "otherExpenses": 115057000,
    "operatingExpenses": 561412000,
    "costAndExpenses": 1064623000,
    "interestIncome": 527000,
    "interestExpense": 48593000,
    "depreciationAndAmortization": 202216000,
    "ebitda": 668119000,
    "ebitdaratio": 0.4377391002,
    "operatingIncome": 461672000,
    "operatingIncomeRatio": 0.3024788786,
    "totalOtherIncomeExpensesNet": -44362000,
    "incomeBeforeTax": 417310000,
    "incomeBeforeTaxRatio": 0.2734137241,
    "incomeTaxExpense": 30784000,
    "netIncome": 386526000,
    "netIncomeRatio": 0.2532446218,
    "eps": 1.05,
    "epsdiluted": 1.04,
    "weightedAverageShsOut": 369284000,
    "weightedAverageShsOutDil": 372322000,
    "link": "https://www.sec.gov/Archives/edgar/data/6281/000000628120000156/0000006281-20-000156-index.htm",
    "finalLink": "https://www.sec.gov/Archives/edgar/data/6281/000000628120000156/adi-20201031.htm"
  },
  {
    "date": "2020-08-01",
    "symbol": "ADI",
    "reportedCurrency": "USD",
    "cik": "0000006281",
    "fillingDate": "2020-08-19",
    "acceptedDate": "2020-08-19 08:05:57",
    "calendarYear": "2020",
    "period": "Q3",
    "revenue": 1456136000,
    "costOfRevenue": 483558000,
    "grossProfit": 972578000,
    "grossProfitRatio": 0.6679170078,
    "researchAndDevelopmentExpenses": 260793999,
    "generalAndAdministrativeExpenses": 0,
    "sellingAndMarketingExpenses": 0,
    "sellingGeneralAndAdministrativeExpenses": 153753000,
    "otherExpenses": 138907000,
    "operatingExpenses": 553454000,
    "costAndExpenses": 1037012000,
    "interestIncome": 504000,
    "interestExpense": 45914000,
    "depreciationAndAmortization": 201463000,
    "ebitda": 620406000,
    "ebitdaratio": 0.4260632249,
    "operatingIncome": 419124000,
    "operatingIncomeRatio": 0.2878330046,
    "totalOtherIncomeExpensesNet": -46095000,
    "incomeBeforeTax": 373029000,
    "incomeBeforeTaxRatio": 0.2561773076,
    "incomeTaxExpense": 10364000,
    "netIncome": 362665000,
    "netIncomeRatio": 0.2490598406,
    "eps": 0.98,
    "epsdiluted": 0.97,
    "weightedAverageShsOut": 368791000,
    "weightedAverageShsOutDil": 372003000,
    "link": "https://www.sec.gov/Archives/edgar/data/6281/000000628120000123/0000006281-20-000123-index.htm",
    "finalLink": "https://www.sec.gov/Archives/edgar/data/6281/000000628120000123/adi-20200801.htm"
  },
  {
    "date": "2020-05-02",
    "symbol": "ADI",
    "reportedCurrency": "USD",
    "cik": "0000006281",
    "fillingDate": "2020-05-20",
    "acceptedDate": "2020-05-20 11:20:35",
    "calendarYear": "2020",
    "period": "Q2",
    "revenue": 1317060000,
    "costOfRevenue": 470386000,
    "grossProfit": 846674000,
    "grossProfitRatio": 0.6428515026,
    "researchAndDevelopmentExpenses": 252413000,
    "generalAndAdministrativeExpenses": 0,
    "sellingAndMarketingExpenses": 0,
    "sellingGeneralAndAdministrativeExpenses": 141775000,
    "otherExpenses": 108466000,
    "operatingExpenses": 502654000,
    "costAndExpenses": 973040000,
    "interestIncome": 1334000,
    "interestExpense": 49985000,
    "depreciationAndAmortization": 203312000,
    "ebitda": 548358000,
    "ebitdaratio": 0.4163500524,
    "operatingIncome": 344020000,
    "operatingIncomeRatio": 0.2612029824,
    "totalOtherIncomeExpensesNet": -48959000,
    "incomeBeforeTax": 295061000,
    "incomeBeforeTaxRatio": 0.2240300366,
    "incomeTaxExpense": 27365000,
    "netIncome": 267696000,
    "netIncomeRatio": 0.2032526992,
    "eps": 0.73,
    "epsdiluted": 0.72,
    "weightedAverageShsOut": 368217000,
    "weightedAverageShsOutDil": 371305000,
    "link": "https://www.sec.gov/Archives/edgar/data/6281/000000628120000087/0000006281-20-000087-index.htm",
    "finalLink": "https://www.sec.gov/Archives/edgar/data/6281/000000628120000087/adi-20200502.htm"
  },
  {
    "date": "2020-02-01",
    "symbol": "ADI",
    "reportedCurrency": "USD",
    "cik": "0000006281",
    "fillingDate": "2020-02-19",
    "acceptedDate": "2020-02-19 08:49:53",
    "calendarYear": "2020",
    "period": "Q1",
    "revenue": 1303565000,
    "costOfRevenue": 455423000,
    "grossProfit": 848142000,
    "grossProfitRatio": 0.6506326881,
    "researchAndDevelopmentExpenses": 257072999,
    "generalAndAdministrativeExpenses": 0,
    "sellingAndMarketingExpenses": 0,
    "sellingGeneralAndAdministrativeExpenses": 199280000,
    "otherExpenses": 118361000,
    "operatingExpenses": 574714000,
    "costAndExpenses": 1030137000,
    "interestIncome": 1940000,
    "interestExpense": 48813000,
    "depreciationAndAmortization": 203932000,
    "ebitda": 478962000,
    "ebitdaratio": 0.3674247161,
    "operatingIncome": 273428000,
    "operatingIncomeRatio": 0.2097540207,
    "totalOtherIncomeExpensesNet": -47211000,
    "incomeBeforeTax": 226217000,
    "incomeBeforeTaxRatio": 0.1735371846,
    "incomeTaxExpense": 22343000,
    "netIncome": 203874000,
    "netIncomeRatio": 0.1563972644,
    "eps": 0.55,
    "epsdiluted": 0.55,
    "weightedAverageShsOut": 368241000,
    "weightedAverageShsOutDil": 372264000,
    "link": "https://www.sec.gov/Archives/edgar/data/6281/000000628120000013/0000006281-20-000013-index.htm",
    "finalLink": "https://www.sec.gov/Archives/edgar/data/6281/000000628120000013/adi-20200201.htm"
  },
  {
    "date": "2019-11-02",
    "symbol": "ADI",
    "reportedCurrency": "USD",
    "cik": "0000006281",
    "fillingDate": "2019-11-26",
    "acceptedDate": "2019-11-26 16:26:04",
    "calendarYear": "2019",
    "period": "Q4",
    "revenue": 1443219000,
    "costOfRevenue": 501028000,
    "grossProfit": 942191000,
    "grossProfitRatio": 0.6528399363,
    "researchAndDevelopmentExpenses": 291218000,
    "generalAndAdministrativeExpenses": 0,
    "sellingAndMarketingExpenses": 0,
    "sellingGeneralAndAdministrativeExpenses": 154602000,
    "otherExpenses": 158010000,
    "operatingExpenses": 603830000,
    "costAndExpenses": 1104858000,
    "interestIncome": 1988000,
    "interestExpense": 50775000,
    "depreciationAndAmortization": 205164000,
    "ebitda": 543766000,
    "ebitdaratio": 0.3767730331,
    "operatingIncome": 338361000,
    "operatingIncomeRatio": 0.2344488259,
    "totalOtherIncomeExpensesNet": -50534000,
    "incomeBeforeTax": 287827000,
    "incomeBeforeTaxRatio": 0.1994340429,
    "incomeTaxExpense": 10133000,
    "netIncome": 277694000,
    "netIncomeRatio": 0.1924129325,
    "eps": 0.75,
    "epsdiluted": 0.74,
    "weightedAverageShsOut": 369051000,
    "weightedAverageShsOutDil": 372584000,
    "link": "https://www.sec.gov/Archives/edgar/data/6281/000000628119000144/0000006281-19-000144-index.htm",
    "finalLink": "https://www.sec.gov/Archives/edgar/data/6281/000000628119000144/adi-20191102.htm"
  },
  {
    "date": "2019-08-03",
    "symbol": "ADI",
    "reportedCurrency": "USD",
    "cik": "0000006281",
    "fillingDate": "2019-08-21",
    "acceptedDate": "2019-08-21 08:07:58",
    "calendarYear": "2019",
    "period": "Q3",
    "revenue": 1480143000,
    "costOfRevenue": 482332000,
    "grossProfit": 997811000,
    "grossProfitRatio": 0.6741314859,
    "researchAndDevelopmentExpenses": 280102000,
    "generalAndAdministrativeExpenses": 0,
    "sellingAndMarketingExpenses": 0,
    "sellingGeneralAndAdministrativeExpenses": 162825000,
    "otherExpenses": 108158000,
    "operatingExpenses": 551085000,
    "costAndExpenses": 1033417000,
    "interestIncome": 2625000,
    "interestExpense": 59871000,
    "depreciationAndAmortization": 204127000,
    "ebitda": 653556000,
    "ebitdaratio": 0.4415492287,
    "operatingIncome": 446726000,
    "operatingIncomeRatio": 0.3018127303,
    "totalOtherIncomeExpensesNet": -57168000,
    "incomeBeforeTax": 389558000,
    "incomeBeforeTaxRatio": 0.2631894351,
    "incomeTaxExpense": 27184000,
    "netIncome": 362374000,
    "netIncomeRatio": 0.244823642,
    "eps": 0.98,
    "epsdiluted": 0.97,
    "weightedAverageShsOut": 369533000,
    "weightedAverageShsOutDil": 373077000,
    "link": "https://www.sec.gov/Archives/edgar/data/6281/000000628119000115/0000006281-19-000115-index.htm",
    "finalLink": "https://www.sec.gov/Archives/edgar/data/6281/000000628119000115/adiq31910-q.htm"
  },
  {
    "date": "2019-05-04",
    "symbol": "ADI",
    "reportedCurrency": "USD",
    "cik": "0000006281",
    "fillingDate": "2019-05-22",
    "acceptedDate": "2019-05-22 07:46:31",
    "calendarYear": "2019",
    "period": "Q2",
    "revenue": 1526602000,
    "costOfRevenue": 492510000,
    "grossProfit": 1034092000,
    "grossProfitRatio": 0.677381531,
    "researchAndDevelopmentExpenses": 285846000,
    "generalAndAdministrativeExpenses": 0,
    "sellingAndMarketingExpenses": 0,
    "sellingGeneralAndAdministrativeExpenses": 163128000,
    "otherExpenses": 115423000,
    "operatingExpenses": 564397000,
    "costAndExpenses": 1056907000,
    "interestIncome": 2928000,
    "interestExpense": 59701000,
    "depreciationAndAmortization": 201375000,
    "ebitda": 669473000,
    "ebitdaratio": 0.4385380079,
    "operatingIncome": 469695000,
    "operatingIncomeRatio": 0.3076735128,
    "totalOtherIncomeExpensesNet": -61298000,
    "incomeBeforeTax": 408397000,
    "incomeBeforeTaxRatio": 0.2675202836,
    "incomeTaxExpense": 40460000,
    "netIncome": 367937000,
    "netIncomeRatio": 0.2410169776,
    "eps": 0.99,
    "epsdiluted": 0.98,
    "weightedAverageShsOut": 369246000,
    "weightedAverageShsOutDil": 373342000,
    "link": "https://www.sec.gov/Archives/edgar/data/6281/000000628119000089/0000006281-19-000089-index.htm",
    "finalLink": "https://www.sec.gov/Archives/edgar/data/6281/000000628119000089/adiq210-q542019.htm"
  },
  {
    "date": "2019-02-02",
    "symbol": "ADI",
    "reportedCurrency": "USD",
    "cik": "0000006281",
    "fillingDate": "2019-02-20",
    "acceptedDate": "2019-02-20 08:15:01",
    "calendarYear": "2019",
    "period": "Q1",
    "revenue": 1541101000,
    "costOfRevenue": 501445000,
    "grossProfit": 1039656000,
    "grossProfitRatio": 0.6746189899,
    "researchAndDevelopmentExpenses": 287382000,
    "generalAndAdministrativeExpenses": 0,
    "sellingAndMarketingExpenses": 0,
    "sellingGeneralAndAdministrativeExpenses": 167342000,
    "otherExpenses": 129106000,
    "operatingExpenses": 583830000,
    "costAndExpenses": 1085275000,
    "interestIncome": 2688000,
    "interestExpense": 58728000,
    "depreciationAndAmortization": 200585000,
    "ebitda": 659259000,
    "ebitdaratio": 0.4277844217,
    "operatingIncome": 455826000,
    "operatingIncomeRatio": 0.295779446,
    "totalOtherIncomeExpensesNet": -55880000,
    "incomeBeforeTax": 399946000,
    "incomeBeforeTaxRatio": 0.2595196551,
    "incomeTaxExpense": 44940000,
    "netIncome": 355006000,
    "netIncomeRatio": 0.2303586851,
    "eps": 0.96,
    "epsdiluted": 0.95,
    "weightedAverageShsOut": 368703000,
    "weightedAverageShsOutDil": 372506000,
    "link": "https://www.sec.gov/Archives/edgar/data/6281/000000628119000013/0000006281-19-000013-index.htm",
    "finalLink": "https://www.sec.gov/Archives/edgar/data/6281/000000628119000013/adiq110-q222019.htm"
  },
  {
    "date": "2018-11-03",
    "symbol": "ADI",
    "reportedCurrency": "USD",
    "cik": "0000006281",
    "fillingDate": "2018-11-27",
    "acceptedDate": "2018-11-27 08:17:08",
    "calendarYear": "2018",
    "period": "Q4",
    "revenue": 1536128000,
    "costOfRevenue": 490363000,
    "grossProfit": 1045765000,
    "grossProfitRatio": 0.6807798569,
    "researchAndDevelopmentExpenses": 295336000,
    "generalAndAdministrativeExpenses": 0,
    "sellingAndMarketingExpenses": 0,
    "sellingGeneralAndAdministrativeExpenses": 176056000,
    "otherExpenses": 108130000,
    "operatingExpenses": 579522000,
    "costAndExpenses": 1069885000,
    "interestIncome": 2791000,
    "interestExpense": 59102000,
    "depreciationAndAmortization": 201190000,
    "ebitda": 717814000,
    "ebitdaratio": 0.4672878823,
    "operatingIncome": 466243000,
    "operatingIncomeRatio": 0.3035183266,
    "totalOtherIncomeExpensesNet": -56907000,
    "incomeBeforeTax": 409336000,
    "incomeBeforeTaxRatio": 0.2664725856,
    "incomeTaxExpense": 4481000,
    "netIncome": 404855000,
    "netIncomeRatio": 0.263555511,
    "eps": 1.09,
    "epsdiluted": 1.07,
    "weightedAverageShsOut": 368703000,
    "weightedAverageShsOutDil": 372506000,
    "link": "https://www.sec.gov/Archives/edgar/data/6281/000000628118000126/0000006281-18-000126-index.htm",
    "finalLink": "https://www.sec.gov/Archives/edgar/data/6281/000000628118000126/adi-1132018x10k.htm"
  },
  {
    "date": "2018-08-04",
    "symbol": "ADI",
    "reportedCurrency": "USD",
    "cik": "0000006281",
    "fillingDate": "2018-08-22",
    "acceptedDate": "2018-08-22 08:16:07",
    "calendarYear": "2018",
    "period": "Q3",
    "revenue": 1558189000,
    "costOfRevenue": 497631000,
    "grossProfit": 1060558000,
    "grossProfitRatio": 0.6806350192,
    "researchAndDevelopmentExpenses": 291642000,
    "generalAndAdministrativeExpenses": 0,
    "sellingAndMarketingExpenses": 0,
    "sellingGeneralAndAdministrativeExpenses": 171487000,
    "otherExpenses": 108478000,
    "operatingExpenses": 571607000,
    "costAndExpenses": 1069238000,
    "interestIncome": 2588000,
    "interestExpense": 61665000,
    "depreciationAndAmortization": 199865000,
    "ebitda": 692036000,
    "ebitdaratio": 0.444128408,
    "operatingIncome": 488951000,
    "operatingIncomeRatio": 0.3137944113,
    "totalOtherIncomeExpensesNet": -58445000,
    "incomeBeforeTax": 430506000,
    "incomeBeforeTaxRatio": 0.2762861245,
    "incomeTaxExpense": 21949000,
    "netIncome": 408557000,
    "netIncomeRatio": 0.2621999,
    "eps": 1.1,
    "epsdiluted": 1.08,
    "weightedAverageShsOut": 371315000,
    "weightedAverageShsOutDil": 375815000,
    "link": "https://www.sec.gov/Archives/edgar/data/6281/000000628118000106/0000006281-18-000106-index.htm",
    "finalLink": "https://www.sec.gov/Archives/edgar/data/6281/000000628118000106/adiq310-q842018.htm"
  },
  {
    "date": "2018-05-05",
    "symbol": "ADI",
    "reportedCurrency": "USD",
    "cik": "0000006281",
    "fillingDate": "2018-05-30",
    "acceptedDate": "2018-05-30 08:15:06",
    "calendarYear": "2018",
    "period": "Q2",
    "revenue": 1563502000,
    "costOfRevenue": 491112000,
    "grossProfit": 1072390000,
    "grossProfitRatio": 0.6858897526,
    "researchAndDevelopmentExpenses": 289472000,
    "generalAndAdministrativeExpenses": 0,
    "sellingAndMarketingExpenses": 0,
    "sellingGeneralAndAdministrativeExpenses": 172146000,
    "otherExpenses": 108218000,
    "operatingExpenses": 569836000,
    "costAndExpenses": 1060948000,
    "interestIncome": 1912000,
    "interestExpense": 64792000,
    "depreciationAndAmortization": 199543000,
    "ebitda": 704460000,
    "ebitdaratio": 0.4505654614,
    "operatingIncome": 502554000,
    "operatingIncomeRatio": 0.3214284344,
    "totalOtherIncomeExpensesNet": -62429000,
    "incomeBeforeTax": 440125000,
    "incomeBeforeTaxRatio": 0.28149948,
    "incomeTaxExpense": 39797000,
    "netIncome": 400328000,
    "netIncomeRatio": 0.256045723,
    "eps": 1.08,
    "epsdiluted": 1.06,
    "weightedAverageShsOut": 370384000,
    "weightedAverageShsOutDil": 374778000,
    "link": "https://www.sec.gov/Archives/edgar/data/6281/000000628118000084/0000006281-18-000084-index.htm",
    "finalLink": "https://www.sec.gov/Archives/edgar/data/6281/000000628118000084/adiq210-q552018.htm"
  },
  {
    "date": "2018-02-03",
    "symbol": "ADI",
    "reportedCurrency": "USD",
    "cik": "0000006281",
    "fillingDate": "2018-02-28",
    "acceptedDate": "2018-02-28 08:18:52",
    "calendarYear": "2018",
    "period": "Q1",
    "revenue": 1566870000,
    "costOfRevenue": 495187000,
    "grossProfit": 1071683000,
    "grossProfitRatio": 0.6839642089,
    "researchAndDevelopmentExpenses": 288597000,
    "generalAndAdministrativeExpenses": 0,
    "sellingAndMarketingExpenses": 0,
    "sellingGeneralAndAdministrativeExpenses": 176908000,
    "otherExpenses": 164337000,
    "operatingExpenses": 629842000,
    "costAndExpenses": 1125029000,
    "interestIncome": 2092000,
    "interestExpense": 68030000,
    "depreciationAndAmortization": 198465000,
    "ebitda": 641842000,
    "ebitdaratio": 0.4096332178,
    "operatingIncome": 441841000,
    "operatingIncomeRatio": 0.2819895716,
    "totalOtherIncomeExpensesNet": -66494000,
    "incomeBeforeTax": 375347000,
    "incomeBeforeTaxRatio": 0.2395521007,
    "incomeTaxExpense": 82107000,
    "netIncome": 293240000,
    "netIncomeRatio": 0.1871501784,
    "eps": 0.79,
    "epsdiluted": 0.78,
    "weightedAverageShsOut": 369093000,
    "weightedAverageShsOutDil": 374189000,
    "link": "https://www.sec.gov/Archives/edgar/data/6281/000000628118000018/0000006281-18-000018-index.htm",
    "finalLink": "https://www.sec.gov/Archives/edgar/data/6281/000000628118000018/adiq110-q232018.htm"
  },
  {
    "date": "2017-10-28",
    "symbol": "ADI",
    "reportedCurrency": "USD",
    "cik": "0000006281",
    "fillingDate": "2017-11-22",
    "acceptedDate": "2017-11-22 16:09:02",
    "calendarYear": "2017",
    "period": "Q4",
    "revenue": 1541170000,
    "costOfRevenue": 493105000,
    "grossProfit": 1048065000,
    "grossProfitRatio": 0.6800450307,
    "researchAndDevelopmentExpenses": 273746000,
    "generalAndAdministrativeExpenses": 0,
    "sellingAndMarketingExpenses": 0,
    "sellingGeneralAndAdministrativeExpenses": 138221000,
    "otherExpenses": 187888000,
    "operatingExpenses": 599855000,
    "costAndExpenses": 1092960000,
    "interestIncome": 2388000,
    "interestExpense": 63517000,
    "depreciationAndAmortization": 189736000,
    "ebitda": 634917000,
    "ebitdaratio": 0.4119707754,
    "operatingIncome": 448210000,
    "operatingIncomeRatio": 0.2908245035,
    "totalOtherIncomeExpensesNet": -66546000,
    "incomeBeforeTax": 381664000,
    "incomeBeforeTaxRatio": 0.2476456199,
    "incomeTaxExpense": 34014000,
    "netIncome": 347650000,
    "netIncomeRatio": 0.2255753746,
    "eps": 0.94,
    "epsdiluted": 0.93,
    "weightedAverageShsOut": 369093000,
    "weightedAverageShsOutDil": 374189000,
    "link": "https://www.sec.gov/Archives/edgar/data/6281/000000628117000144/0000006281-17-000144-index.htm",
    "finalLink": "https://www.sec.gov/Archives/edgar/data/6281/000000628117000144/adi-10282017x10k.htm"
  },
  {
    "date": "2017-07-29",
    "symbol": "ADI",
    "reportedCurrency": "USD",
    "cik": "0000006281",
    "fillingDate": "2017-08-30",
    "acceptedDate": "2017-08-30 08:21:21",
    "calendarYear": "2017",
    "period": "Q3",
    "revenue": 1433902000,
    "costOfRevenue": 471678000,
    "grossProfit": 962224000,
    "grossProfitRatio": 0.6710528335,
    "researchAndDevelopmentExpenses": 275670000,
    "generalAndAdministrativeExpenses": 0,
    "sellingAndMarketingExpenses": 0,
    "sellingGeneralAndAdministrativeExpenses": 183980000,
    "otherExpenses": 307753000,
    "operatingExpenses": 767403000,
    "costAndExpenses": 1239081000,
    "interestIncome": 5524000,
    "interestExpense": 73073000,
    "depreciationAndAmortization": 202455000,
    "ebitda": 402326000,
    "ebitdaratio": 0.2805812392,
    "operatingIncome": 194821000,
    "operatingIncomeRatio": 0.1358677232,
    "totalOtherIncomeExpensesNet": -68023000,
    "incomeBeforeTax": 126798000,
    "incomeBeforeTaxRatio": 0.0884286374,
    "incomeTaxExpense": 57882000,
    "netIncome": 68916000,
    "netIncomeRatio": 0.048061862,
    "eps": 0.18,
    "epsdiluted": 0.18,
    "weightedAverageShsOut": 367315000,
    "weightedAverageShsOutDil": 371159000,
    "link": "https://www.sec.gov/Archives/edgar/data/6281/000000628117000114/0000006281-17-000114-index.htm",
    "finalLink": "https://www.sec.gov/Archives/edgar/data/6281/000000628117000114/adiq310-q7292017.htm"
  },
  {
    "date": "2017-04-29",
    "symbol": "ADI",
    "reportedCurrency": "USD",
    "cik": "0000006281",
    "fillingDate": "2017-05-31",
    "acceptedDate": "2017-05-31 08:22:24",
    "calendarYear": "2017",
    "period": "Q2",
    "revenue": 1147982000,
    "costOfRevenue": 386426000,
    "grossProfit": 761556000,
    "grossProfitRatio": 0.6633867082,
    "researchAndDevelopmentExpenses": 235232000,
    "generalAndAdministrativeExpenses": 0,
    "sellingAndMarketingExpenses": 0,
    "sellingGeneralAndAdministrativeExpenses": 190686000,
    "otherExpenses": 189803000,
    "operatingExpenses": 615721000,
    "costAndExpenses": 1002147000,
    "interestIncome": 12421000,
    "interestExpense": 71636000,
    "depreciationAndAmortization": 137542000,
    "ebitda": 295892000,
    "ebitdaratio": 0.257749686,
    "operatingIncome": 145835000,
    "operatingIncomeRatio": 0.127035964,
    "totalOtherIncomeExpensesNet": -59121000,
    "incomeBeforeTax": 86714000,
    "incomeBeforeTaxRatio": 0.0755360276,
    "incomeTaxExpense": -6850000,
    "netIncome": 93564000,
    "netIncomeRatio": 0.0815030201,
    "eps": 0.27,
    "epsdiluted": 0.27,
    "weightedAverageShsOut": 341316000,
    "weightedAverageShsOutDil": 345654000,
    "link": "https://www.sec.gov/Archives/edgar/data/6281/000000628117000086/0000006281-17-000086-index.htm",
    "finalLink": "https://www.sec.gov/Archives/edgar/data/6281/000000628117000086/adiq210-q4292017.htm"
  },
  {
    "date": "2017-01-28",
    "symbol": "ADI",
    "reportedCurrency": "USD",
    "cik": "0000006281",
    "fillingDate": "2017-02-15",
    "acceptedDate": "2017-02-15 08:20:20",
    "calendarYear": "2017",
    "period": "Q1",
    "revenue": 984449000,
    "costOfRevenue": 335945000,
    "grossProfit": 648504000,
    "grossProfitRatio": 0.6587481932,
    "researchAndDevelopmentExpenses": 183954000,
    "generalAndAdministrativeExpenses": 0,
    "sellingAndMarketingExpenses": 0,
    "sellingGeneralAndAdministrativeExpenses": 130658999,
    "otherExpenses": 67623000,
    "operatingExpenses": 382236000,
    "costAndExpenses": 718181000,
    "interestIncome": 10000000,
    "interestExpense": 42614000,
    "depreciationAndAmortization": 54326000,
    "ebitda": 330249000,
    "ebitdaratio": 0.3354658291,
    "operatingIncome": 266267999,
    "operatingIncomeRatio": 0.2704741424,
    "totalOtherIncomeExpensesNet": -32958999,
    "incomeBeforeTax": 233309000,
    "incomeBeforeTaxRatio": 0.2369945015,
    "incomeTaxExpense": 16180000,
    "netIncome": 217129000,
    "netIncomeRatio": 0.2205589116,
    "eps": 0.7,
    "epsdiluted": 0.69,
    "weightedAverageShsOut": 308786000,
    "weightedAverageShsOutDil": 313076000,
    "link": "https://www.sec.gov/Archives/edgar/data/6281/000000628117000008/0000006281-17-000008-index.htm",
    "finalLink": "https://www.sec.gov/Archives/edgar/data/6281/000000628117000008/adiq110-q1282017.htm"
  },
  {
    "date": "2016-10-29",
    "symbol": "ADI",
    "reportedCurrency": "USD",
    "cik": "0000006281",
    "fillingDate": "2016-11-22",
    "acceptedDate": "2016-11-22 08:18:52",
    "calendarYear": "2016",
    "period": "Q4",
    "revenue": 1003623000,
    "costOfRevenue": 336936000,
    "grossProfit": 666687000,
    "grossProfitRatio": 0.6642803124,
    "researchAndDevelopmentExpenses": 172926000,
    "generalAndAdministrativeExpenses": 0,
    "sellingAndMarketingExpenses": 0,
    "sellingGeneralAndAdministrativeExpenses": 118881000,
    "otherExpenses": 17899000,
    "operatingExpenses": 309706000,
    "costAndExpenses": 646642000,
    "interestIncome": 7114000,
    "interestExpense": 38764000,
    "depreciationAndAmortization": 53663000,
    "ebitda": 415861000,
    "ebitdaratio": 0.4143597745,
    "operatingIncome": 356981000,
    "operatingIncomeRatio": 0.3556923267,
    "totalOtherIncomeExpensesNet": -33547000,
    "incomeBeforeTax": 323434000,
    "incomeBeforeTaxRatio": 0.3222664287,
    "incomeTaxExpense": 27277000,
    "netIncome": 296157000,
    "netIncomeRatio": 0.2950878966,
    "eps": 0.96,
    "epsdiluted": 0.95,
    "weightedAverageShsOut": 308786000,
    "weightedAverageShsOutDil": 313076000,
    "link": "https://www.sec.gov/Archives/edgar/data/6281/000000628116000097/0000006281-16-000097-index.htm",
    "finalLink": "https://www.sec.gov/Archives/edgar/data/6281/000000628116000097/adi-10292016x10k.htm"
  },
  {
    "date": "2016-07-30",
    "symbol": "ADI",
    "reportedCurrency": "USD",
    "cik": "0000006281",
    "fillingDate": "2016-08-17",
    "acceptedDate": "2016-08-17 08:19:22",
    "calendarYear": "2016",
    "period": "Q3",
    "revenue": 869591000,
    "costOfRevenue": 297301000,
    "grossProfit": 572290000,
    "grossProfitRatio": 0.6581139869,
    "researchAndDevelopmentExpenses": 163227000,
    "generalAndAdministrativeExpenses": 0,
    "sellingAndMarketingExpenses": 0,
    "sellingGeneralAndAdministrativeExpenses": 122909000,
    "otherExpenses": 17447000,
    "operatingExpenses": 303583000,
    "costAndExpenses": 600884000,
    "interestIncome": 5665000,
    "interestExpense": 18476000,
    "depreciationAndAmortization": 52648000,
    "ebitda": 327524000,
    "ebitdaratio": 0.3766414326,
    "operatingIncome": 268707000,
    "operatingIncomeRatio": 0.309003888,
    "totalOtherIncomeExpensesNet": -12307000,
    "incomeBeforeTax": 256399999,
    "incomeBeforeTaxRatio": 0.2948512565,
    "incomeTaxExpense": 25970000,
    "netIncome": 230430000,
    "netIncomeRatio": 0.2649866431,
    "eps": 0.75,
    "epsdiluted": 0.74,
    "weightedAverageShsOut": 307135000,
    "weightedAverageShsOutDil": 310558000,
    "link": "https://www.sec.gov/Archives/edgar/data/6281/000000628116000073/0000006281-16-000073-index.htm",
    "finalLink": "https://www.sec.gov/Archives/edgar/data/6281/000000628116000073/adiq310-q7302016.htm"
  },
  {
    "date": "2016-04-30",
    "symbol": "ADI",
    "reportedCurrency": "USD",
    "cik": "0000006281",
    "fillingDate": "2016-05-18",
    "acceptedDate": "2016-05-18 08:12:05",
    "calendarYear": "2016",
    "period": "Q2",
    "revenue": 778766000,
    "costOfRevenue": 267863000,
    "grossProfit": 510903000,
    "grossProfitRatio": 0.6560417378,
    "researchAndDevelopmentExpenses": 160235000,
    "generalAndAdministrativeExpenses": 0,
    "sellingAndMarketingExpenses": 0,
    "sellingGeneralAndAdministrativeExpenses": 112186000,
    "otherExpenses": 31103000,
    "operatingExpenses": 303524000,
    "costAndExpenses": 571387000,
    "interestIncome": 5243000,
    "interestExpense": 18455000,
    "depreciationAndAmortization": 51923000,
    "ebitda": 265288000,
    "ebitdaratio": 0.340651749,
    "operatingIncome": 207379000,
    "operatingIncomeRatio": 0.2662918001,
    "totalOtherIncomeExpensesNet": -12469000,
    "incomeBeforeTax": 194910000,
    "incomeBeforeTaxRatio": 0.2502805721,
    "incomeTaxExpense": 24337000,
    "netIncome": 170573000,
    "netIncomeRatio": 0.2190298498,
    "eps": 0.55,
    "epsdiluted": 0.55,
    "weightedAverageShsOut": 308790000,
    "weightedAverageShsOutDil": 312250000,
    "link": "https://www.sec.gov/Archives/edgar/data/6281/000000628116000067/0000006281-16-000067-index.htm",
    "finalLink": "https://www.sec.gov/Archives/edgar/data/6281/000000628116000067/adiq210-q4302016.htm"
  },
  {
    "date": "2016-01-30",
    "symbol": "ADI",
    "reportedCurrency": "USD",
    "cik": "0000006281",
    "fillingDate": "2016-02-17",
    "acceptedDate": "2016-02-17 08:11:40",
    "calendarYear": "2016",
    "period": "Q1",
    "revenue": 769429000,
    "costOfRevenue": 292136000,
    "grossProfit": 477293000,
    "grossProfitRatio": 0.6203210433,
    "researchAndDevelopmentExpenses": 157428000,
    "generalAndAdministrativeExpenses": 0,
    "sellingAndMarketingExpenses": 0,
    "sellingGeneralAndAdministrativeExpenses": 107462000,
    "otherExpenses": 17358000,
    "operatingExpenses": 282248000,
    "costAndExpenses": 574384000,
    "interestIncome": 3199000,
    "interestExpense": 13062000,
    "depreciationAndAmortization": 51556000,
    "ebitda": 246795000,
    "ebitdaratio": 0.3207508425,
    "operatingIncome": 195045000,
    "operatingIncomeRatio": 0.2534931748,
    "totalOtherIncomeExpensesNet": -12868000,
    "incomeBeforeTax": 182177000,
    "incomeBeforeTaxRatio": 0.2367690846,
    "incomeTaxExpense": 17673000,
    "netIncome": 164504000,
    "netIncomeRatio": 0.2138001037,
    "eps": 0.53,
    "epsdiluted": 0.52,
    "weightedAverageShsOut": 311166000,
    "weightedAverageShsOutDil": 314793000,
    "link": "https://www.sec.gov/Archives/edgar/data/6281/000000628116000060/0000006281-16-000060-index.htm",
    "finalLink": "https://www.sec.gov/Archives/edgar/data/6281/000000628116000060/adiq110-q1302016.htm"
  },
  {
    "date": "2015-10-31",
    "symbol": "ADI",
    "reportedCurrency": "USD",
    "cik": "0000006281",
    "fillingDate": "2015-11-24",
    "acceptedDate": "2015-11-24 08:12:56",
    "calendarYear": "2015",
    "period": "Q4",
    "revenue": 978722000,
    "costOfRevenue": 336926000,
    "grossProfit": 641796000,
    "grossProfitRatio": 0.6557490278,
    "researchAndDevelopmentExpenses": 170736000,
    "generalAndAdministrativeExpenses": 0,
    "sellingAndMarketingExpenses": 0,
    "sellingGeneralAndAdministrativeExpenses": 111700000,
    "otherExpenses": 250730000,
    "operatingExpenses": 533166000,
    "costAndExpenses": 870092000,
    "interestIncome": 2343000,
    "interestExpense": 6739000,
    "depreciationAndAmortization": 50990000,
    "ebitda": 162406000,
    "ebitdaratio": 0.1659368033,
    "operatingIncome": 108630000,
    "operatingIncomeRatio": 0.110991681,
    "totalOtherIncomeExpensesNet": -3953000,
    "incomeBeforeTax": 104677000,
    "incomeBeforeTaxRatio": 0.1069527404,
    "incomeTaxExpense": 8372000,
    "netIncome": 96305000,
    "netIncomeRatio": 0.0983987281,
    "eps": 0.31,
    "epsdiluted": 0.31,
    "weightedAverageShsOut": 311166000,
    "weightedAverageShsOutDil": 314793000,
    "link": "https://www.sec.gov/Archives/edgar/data/6281/000000628115000044/0000006281-15-000044-index.htm",
    "finalLink": "https://www.sec.gov/Archives/edgar/data/6281/000000628115000044/adi-10312015x10k.htm"
  },
  {
    "date": "2015-08-01",
    "symbol": "ADI",
    "reportedCurrency": "USD",
    "cik": "0000006281",
    "fillingDate": "2015-08-18",
    "acceptedDate": "2015-08-18 16:16:01",
    "calendarYear": "2015",
    "period": "Q3",
    "revenue": 863365000,
    "costOfRevenue": 294328000,
    "grossProfit": 569037000,
    "grossProfitRatio": 0.659092041,
    "researchAndDevelopmentExpenses": 160784000,
    "generalAndAdministrativeExpenses": 0,
    "sellingAndMarketingExpenses": 0,
    "sellingGeneralAndAdministrativeExpenses": 120030000,
    "otherExpenses": 22954000,
    "operatingExpenses": 303768000,
    "costAndExpenses": 598096000,
    "interestIncome": 2229000,
    "interestExpense": 6755000,
    "depreciationAndAmortization": 57548000,
    "ebitda": 323781000,
    "ebitdaratio": 0.3750221517,
    "operatingIncome": 265269000,
    "operatingIncomeRatio": 0.3072501202,
    "totalOtherIncomeExpensesNet": -5791000,
    "incomeBeforeTax": 259478000,
    "incomeBeforeTaxRatio": 0.3005426442,
    "incomeTaxExpense": 43000000,
    "netIncome": 216478000,
    "netIncomeRatio": 0.2507375212,
    "eps": 0.69,
    "epsdiluted": 0.68,
    "weightedAverageShsOut": 313877000,
    "weightedAverageShsOutDil": 318187000,
    "link": "https://www.sec.gov/Archives/edgar/data/6281/000000628115000027/0000006281-15-000027-index.htm",
    "finalLink": "https://www.sec.gov/Archives/edgar/data/6281/000000628115000027/adi_q3x10-qx812015.htm"
  },
  {
    "date": "2015-05-02",
    "symbol": "ADI",
    "reportedCurrency": "USD",
    "cik": "0000006281",
    "fillingDate": "2015-05-19",
    "acceptedDate": "2015-05-19 16:16:13",
    "calendarYear": "2015",
    "period": "Q2",
    "revenue": 821019000,
    "costOfRevenue": 276197000,
    "grossProfit": 544822000,
    "grossProfitRatio": 0.6635924382,
    "researchAndDevelopmentExpenses": 154233000,
    "generalAndAdministrativeExpenses": 0,
    "sellingAndMarketingExpenses": 0,
    "sellingGeneralAndAdministrativeExpenses": 117371000,
    "otherExpenses": 24210000,
    "operatingExpenses": 295814000,
    "costAndExpenses": 572011000,
    "interestIncome": 2009000,
    "interestExpense": 6880000,
    "depreciationAndAmortization": 57190000,
    "ebitda": 309259000,
    "ebitdaratio": 0.3766770318,
    "operatingIncome": 249008000,
    "operatingIncomeRatio": 0.3032913976,
    "totalOtherIncomeExpensesNet": -3819000,
    "incomeBeforeTax": 245189000,
    "incomeBeforeTaxRatio": 0.298639861,
    "incomeTaxExpense": 39851000,
    "netIncome": 205338000,
    "netIncomeRatio": 0.2501013984,
    "eps": 0.66,
    "epsdiluted": 0.65,
    "weightedAverageShsOut": 312660000,
    "weightedAverageShsOutDil": 317047000,
    "link": "https://www.sec.gov/Archives/edgar/data/6281/000000628115000015/0000006281-15-000015-index.htm",
    "finalLink": "https://www.sec.gov/Archives/edgar/data/6281/000000628115000015/adi_q2x10-qx522015.htm"
  },
  {
    "date": "2015-01-31",
    "symbol": "ADI",
    "reportedCurrency": "USD",
    "cik": "0000006281",
    "fillingDate": "2015-02-17",
    "acceptedDate": "2015-02-17 16:21:40",
    "calendarYear": "2015",
    "period": "Q1",
    "revenue": 771986000,
    "costOfRevenue": 268379000,
    "grossProfit": 503607000,
    "grossProfitRatio": 0.6523525038,
    "researchAndDevelopmentExpenses": 151706000,
    "generalAndAdministrativeExpenses": 0,
    "sellingAndMarketingExpenses": 0,
    "sellingGeneralAndAdministrativeExpenses": 120171000,
    "otherExpenses": 23796000,
    "operatingExpenses": 295673000,
    "costAndExpenses": 564052000,
    "interestIncome": 2044000,
    "interestExpense": 6656000,
    "depreciationAndAmortization": 56512000,
    "ebitda": 263938000,
    "ebitdaratio": 0.3418948012,
    "operatingIncome": 207934000,
    "operatingIncomeRatio": 0.2693494442,
    "totalOtherIncomeExpensesNet": -7164000,
    "incomeBeforeTax": 200770000,
    "incomeBeforeTaxRatio": 0.2600694831,
    "incomeTaxExpense": 22013000,
    "netIncome": 178757000,
    "netIncomeRatio": 0.2315547173,
    "eps": 0.57,
    "epsdiluted": 0.57,
    "weightedAverageShsOut": 311274000,
    "weightedAverageShsOutDil": 315684000,
    "link": "https://www.sec.gov/Archives/edgar/data/6281/000000628115000005/0000006281-15-000005-index.htm",
    "finalLink": "https://www.sec.gov/Archives/edgar/data/6281/000000628115000005/adi_q1x10-qx1312015.htm"
  },
  {
    "date": "2014-11-01",
    "symbol": "ADI",
    "reportedCurrency": "USD",
    "cik": "0000006281",
    "fillingDate": "2014-12-10",
    "acceptedDate": "2014-12-10 16:45:07",
    "calendarYear": "2014",
    "period": "Q4",
    "revenue": 814247000,
    "costOfRevenue": 274610000,
    "grossProfit": 539637000,
    "grossProfitRatio": 0.6627436147,
    "researchAndDevelopmentExpenses": 154797000,
    "generalAndAdministrativeExpenses": 0,
    "sellingAndMarketingExpenses": 0,
    "sellingGeneralAndAdministrativeExpenses": 88124000,
    "otherExpenses": 146787000,
    "operatingExpenses": 389708000,
    "costAndExpenses": 664318000,
    "interestIncome": 2046000,
    "interestExpense": 13161000,
    "depreciationAndAmortization": 57103000,
    "ebitda": 208962000,
    "ebitdaratio": 0.2566322013,
    "operatingIncome": 149929000,
    "operatingIncomeRatio": 0.1841320877,
    "totalOtherIncomeExpensesNet": -11231000,
    "incomeBeforeTax": 138698000,
    "incomeBeforeTaxRatio": 0.1703389758,
    "incomeTaxExpense": 30003000,
    "netIncome": 108695000,
    "netIncomeRatio": 0.1334914344,
    "eps": 0.35,
    "epsdiluted": 0.34,
    "weightedAverageShsOut": 311274000,
    "weightedAverageShsOutDil": 315684000,
    "link": "https://www.sec.gov/Archives/edgar/data/6281/000000628114000039/0000006281-14-000039-index.htm",
    "finalLink": "https://www.sec.gov/Archives/edgar/data/6281/000000628114000039/adi-1112014x10k.htm"
  },
  {
    "date": "2014-08-02",
    "symbol": "ADI",
    "reportedCurrency": "USD",
    "cik": "0000006281",
    "fillingDate": "2014-08-26",
    "acceptedDate": "2014-08-26 16:22:48",
    "calendarYear": "2014",
    "period": "Q3",
    "revenue": 727752000,
    "costOfRevenue": 251462000,
    "grossProfit": 476290000,
    "grossProfitRatio": 0.6544674559,
    "researchAndDevelopmentExpenses": 140095000,
    "generalAndAdministrativeExpenses": 0,
    "sellingAndMarketingExpenses": 0,
    "sellingGeneralAndAdministrativeExpenses": 132989000,
    "otherExpenses": 660000,
    "operatingExpenses": 273744000,
    "costAndExpenses": 525206000,
    "interestIncome": 3442000,
    "interestExpense": 8178000,
    "depreciationAndAmortization": 29963000,
    "ebitda": 235529000,
    "ebitdaratio": 0.3236390968,
    "operatingIncome": 202546000,
    "operatingIncomeRatio": 0.2783173389,
    "totalOtherIncomeExpensesNet": -5158000,
    "incomeBeforeTax": 197388000,
    "incomeBeforeTaxRatio": 0.2712297596,
    "incomeTaxExpense": 16782000,
    "netIncome": 180606000,
    "netIncomeRatio": 0.2481697062,
    "eps": 0.57,
    "epsdiluted": 0.57,
    "weightedAverageShsOut": 314190000,
    "weightedAverageShsOutDil": 318876000,
    "link": "https://www.sec.gov/Archives/edgar/data/6281/000000628114000027/0000006281-14-000027-index.htm",
    "finalLink": "https://www.sec.gov/Archives/edgar/data/6281/000000628114000027/adi_q3x10-qx822014.htm"
  },
  {
    "date": "2014-05-03",
    "symbol": "ADI",
    "reportedCurrency": "USD",
    "cik": "0000006281",
    "fillingDate": "2014-05-20",
    "acceptedDate": "2014-05-20 16:32:36",
    "calendarYear": "2014",
    "period": "Q2",
    "revenue": 694536000,
    "costOfRevenue": 235793000,
    "grossProfit": 458743000,
    "grossProfitRatio": 0.6605028393,
    "researchAndDevelopmentExpenses": 136203000,
    "generalAndAdministrativeExpenses": 0,
    "sellingAndMarketingExpenses": 0,
    "sellingGeneralAndAdministrativeExpenses": 102085000,
    "otherExpenses": 0,
    "operatingExpenses": 237902000,
    "costAndExpenses": 473695000,
    "interestIncome": 3401000,
    "interestExpense": 6874000,
    "depreciationAndAmortization": 27514000,
    "ebitda": 251756000,
    "ebitdaratio": 0.3624808505,
    "operatingIncome": 220400000,
    "operatingIncomeRatio": 0.3173341627,
    "totalOtherIncomeExpensesNet": -3032000,
    "incomeBeforeTax": 217368000,
    "incomeBeforeTaxRatio": 0.3129686582,
    "incomeTaxExpense": 29935000,
    "netIncome": 187433000,
    "netIncomeRatio": 0.2698679406,
    "eps": 0.6,
    "epsdiluted": 0.59,
    "weightedAverageShsOut": 313488000,
    "weightedAverageShsOutDil": 318347000,
    "link": "https://www.sec.gov/Archives/edgar/data/6281/000000628114000014/0000006281-14-000014-index.htm",
    "finalLink": "https://www.sec.gov/Archives/edgar/data/6281/000000628114000014/adi_q2x10-qx532014.htm"
  },
  {
    "date": "2014-02-01",
    "symbol": "ADI",
    "reportedCurrency": "USD",
    "cik": "0000006281",
    "fillingDate": "2014-02-18",
    "acceptedDate": "2014-02-18 16:31:40",
    "calendarYear": "2014",
    "period": "Q1",
    "revenue": 628238000,
    "costOfRevenue": 219120000,
    "grossProfit": 409118000,
    "grossProfitRatio": 0.6512149854,
    "researchAndDevelopmentExpenses": 128591000,
    "generalAndAdministrativeExpenses": 0,
    "sellingAndMarketingExpenses": 0,
    "sellingGeneralAndAdministrativeExpenses": 98178000,
    "otherExpenses": 0,
    "operatingExpenses": 229940000,
    "costAndExpenses": 449060000,
    "interestIncome": 3284000,
    "interestExpense": 6571000,
    "depreciationAndAmortization": 27390000,
    "ebitda": 209852000,
    "ebitdaratio": 0.3340326437,
    "operatingIncome": 179609000,
    "operatingIncomeRatio": 0.2858932443,
    "totalOtherIncomeExpensesNet": -3718000,
    "incomeBeforeTax": 175891000,
    "incomeBeforeTaxRatio": 0.279975105,
    "incomeTaxExpense": 23305000,
    "netIncome": 152586000,
    "netIncomeRatio": 0.242879291,
    "eps": 0.49,
    "epsdiluted": 0.48,
    "weightedAverageShsOut": 312286000,
    "weightedAverageShsOutDil": 318017000,
    "link": "https://www.sec.gov/Archives/edgar/data/6281/000000628114000003/0000006281-14-000003-index.htm",
    "finalLink": "https://www.sec.gov/Archives/edgar/data/6281/000000628114000003/adi_q1x10-qx212014.htm"
  },
  {
    "date": "2013-11-02",
    "symbol": "ADI",
    "reportedCurrency": "USD",
    "cik": "0000006281",
    "fillingDate": "2013-11-26",
    "acceptedDate": "2013-11-26 16:22:18",
    "calendarYear": "2013",
    "period": "Q4",
    "revenue": 678133000,
    "costOfRevenue": 233263000,
    "grossProfit": 444870000,
    "grossProfitRatio": 0.6560217538,
    "researchAndDevelopmentExpenses": 131179000,
    "generalAndAdministrativeExpenses": 0,
    "sellingAndMarketingExpenses": 0,
    "sellingGeneralAndAdministrativeExpenses": 104497000,
    "otherExpenses": 0,
    "operatingExpenses": 159050000,
    "costAndExpenses": 392313000,
    "interestIncome": 3351000,
    "interestExpense": 6659000,
    "depreciationAndAmortization": 27570000,
    "ebitda": 316741000,
    "ebitdaratio": 0.4670779921,
    "operatingIncome": 199862000,
    "operatingIncomeRatio": 0.2947238963,
    "totalOtherIncomeExpensesNet": 82650000,
    "incomeBeforeTax": 282512000,
    "incomeBeforeTaxRatio": 0.4166026428,
    "incomeTaxExpense": 80958000,
    "netIncome": 201554000,
    "netIncomeRatio": 0.2972189821,
    "eps": 0.65,
    "epsdiluted": 0.63,
    "weightedAverageShsOut": 312286000,
    "weightedAverageShsOutDil": 318017000,
    "link": "https://www.sec.gov/Archives/edgar/data/6281/000000628113000040/0000006281-13-000040-index.htm",
    "finalLink": "https://www.sec.gov/Archives/edgar/data/6281/000000628113000040/adi-1122013x10k.htm"
  },
  {
    "date": "2013-08-03",
    "symbol": "ADI",
    "reportedCurrency": "USD",
    "cik": "0000006281",
    "fillingDate": "2013-08-20",
    "acceptedDate": "2013-08-20 16:27:44",
    "calendarYear": "2013",
    "period": "Q3",
    "revenue": 674172000,
    "costOfRevenue": 239110000,
    "grossProfit": 435062000,
    "grossProfitRatio": 0.6453278985,
    "researchAndDevelopmentExpenses": 128892000,
    "generalAndAdministrativeExpenses": 0,
    "sellingAndMarketingExpenses": 0,
    "sellingGeneralAndAdministrativeExpenses": 97773000,
    "otherExpenses": 0,
    "operatingExpenses": 235474000,
    "costAndExpenses": 474584000,
    "interestIncome": 3125000,
    "interestExpense": 7672000,
    "depreciationAndAmortization": 27503000,
    "ebitda": 230216000,
    "ebitdaratio": 0.3414796224,
    "operatingIncome": 208342000,
    "operatingIncomeRatio": 0.3090338964,
    "totalOtherIncomeExpensesNet": -13301000,
    "incomeBeforeTax": 195041000,
    "incomeBeforeTaxRatio": 0.2893045098,
    "incomeTaxExpense": 18802000,
    "netIncome": 176239000,
    "netIncomeRatio": 0.2614154845,
    "eps": 0.57,
    "epsdiluted": 0.56,
    "weightedAverageShsOut": 309117000,
    "weightedAverageShsOutDil": 315307000,
    "link": "https://www.sec.gov/Archives/edgar/data/6281/000000628113000028/0000006281-13-000028-index.htm",
    "finalLink": "https://www.sec.gov/Archives/edgar/data/6281/000000628113000028/adi_q3x10-qx832013.htm"
  },
  {
    "date": "2013-05-04",
    "symbol": "ADI",
    "reportedCurrency": "USD",
    "cik": "0000006281",
    "fillingDate": "2013-05-21",
    "acceptedDate": "2013-05-21 16:24:00",
    "calendarYear": "2013",
    "period": "Q2",
    "revenue": 659250000,
    "costOfRevenue": 237055000,
    "grossProfit": 422195000,
    "grossProfitRatio": 0.6404171407,
    "researchAndDevelopmentExpenses": 128210000,
    "generalAndAdministrativeExpenses": 0,
    "sellingAndMarketingExpenses": 0,
    "sellingGeneralAndAdministrativeExpenses": 96403000,
    "otherExpenses": 0,
    "operatingExpenses": 231221000,
    "costAndExpenses": 468276000,
    "interestIncome": 3044000,
    "interestExpense": 6357000,
    "depreciationAndAmortization": 27533000,
    "ebitda": 221551000,
    "ebitdaratio": 0.3360652256,
    "operatingIncome": 191382000,
    "operatingIncomeRatio": 0.2903026166,
    "totalOtherIncomeExpensesNet": -3721000,
    "incomeBeforeTax": 187661000,
    "incomeBeforeTaxRatio": 0.2846583239,
    "incomeTaxExpense": 23189000,
    "netIncome": 164472000,
    "netIncomeRatio": 0.249483504,
    "eps": 0.53,
    "epsdiluted": 0.52,
    "weightedAverageShsOut": 307444000,
    "weightedAverageShsOutDil": 313368000,
    "link": "https://www.sec.gov/Archives/edgar/data/6281/000000628113000021/0000006281-13-000021-index.htm",
    "finalLink": "https://www.sec.gov/Archives/edgar/data/6281/000000628113000021/adi_q2x10-qx542013.htm"
  },
  {
    "date": "2013-02-02",
    "symbol": "ADI",
    "reportedCurrency": "USD",
    "cik": "0000006281",
    "fillingDate": "2013-02-19",
    "acceptedDate": "2013-02-19 16:11:40",
    "calendarYear": "2013",
    "period": "Q1",
    "revenue": 622134000,
    "costOfRevenue": 231850000,
    "grossProfit": 390284000,
    "grossProfitRatio": 0.6273310894,
    "researchAndDevelopmentExpenses": 125264000,
    "generalAndAdministrativeExpenses": 0,
    "sellingAndMarketingExpenses": 0,
    "sellingGeneralAndAdministrativeExpenses": 97560000,
    "otherExpenses": 0,
    "operatingExpenses": 236993999,
    "costAndExpenses": 468843999,
    "interestIncome": 3233000,
    "interestExpense": 6414000,
    "depreciationAndAmortization": 27810000,
    "ebitda": 184333000,
    "ebitdaratio": 0.2962914742,
    "operatingIncome": 153489000,
    "operatingIncomeRatio": 0.2467137305,
    "totalOtherIncomeExpensesNet": -3380000,
    "incomeBeforeTax": 150109000,
    "incomeBeforeTaxRatio": 0.2412808173,
    "incomeTaxExpense": 18887000,
    "netIncome": 131222000,
    "netIncomeRatio": 0.2109224058,
    "eps": 0.43,
    "epsdiluted": 0.42,
    "weightedAverageShsOut": 303484000,
    "weightedAverageShsOutDil": 310275000,
    "link": "https://www.sec.gov/Archives/edgar/data/6281/000000628113000004/0000006281-13-000004-index.htm",
    "finalLink": "https://www.sec.gov/Archives/edgar/data/6281/000000628113000004/adi_q1x10-qx222013.htm"
  },
  {
    "date": "2012-11-03",
    "symbol": "ADI",
    "reportedCurrency": "USD",
    "cik": "0000006281",
    "fillingDate": "2012-11-27",
    "acceptedDate": "2012-11-27 16:14:09",
    "calendarYear": "2012",
    "period": "Q4",
    "revenue": 694964000,
    "costOfRevenue": 251682000,
    "grossProfit": 443282000,
    "grossProfitRatio": 0.637848867,
    "researchAndDevelopmentExpenses": 130494000,
    "generalAndAdministrativeExpenses": 0,
    "sellingAndMarketingExpenses": 0,
    "sellingGeneralAndAdministrativeExpenses": 97609000,
    "otherExpenses": 0,
    "operatingExpenses": 227993999,
    "costAndExpenses": 479675999,
    "interestIncome": 3627000,
    "interestExpense": 6391000,
    "depreciationAndAmortization": 27538000,
    "ebitda": 246453000,
    "ebitdaratio": 0.3546270023,
    "operatingIncome": 215279000,
    "operatingIncomeRatio": 0.3097700025,
    "totalOtherIncomeExpensesNet": -2755000,
    "incomeBeforeTax": 212524000,
    "incomeBeforeTaxRatio": 0.3058057684,
    "incomeTaxExpense": 33337000,
    "netIncome": 179187000,
    "netIncomeRatio": 0.2578363771,
    "eps": 0.59,
    "epsdiluted": 0.58,
    "weightedAverageShsOut": 303484000,
    "weightedAverageShsOutDil": 310275000,
    "link": "https://www.sec.gov/Archives/edgar/data/6281/000000628112000010/0000006281-12-000010-index.htm",
    "finalLink": "https://www.sec.gov/Archives/edgar/data/6281/000000628112000010/adi-1132012x10k.htm"
  },
  {
    "date": "2012-08-04",
    "symbol": "ADI",
    "reportedCurrency": "USD",
    "cik": "0000006281",
    "fillingDate": "2012-08-21",
    "acceptedDate": "2012-08-21 16:15:13",
    "calendarYear": "2012",
    "period": "Q3",
    "revenue": 683026000,
    "costOfRevenue": 235152000,
    "grossProfit": 447874000,
    "grossProfitRatio": 0.65572028,
    "researchAndDevelopmentExpenses": 129694000,
    "generalAndAdministrativeExpenses": 0,
    "sellingAndMarketingExpenses": 0,
    "sellingGeneralAndAdministrativeExpenses": 99873000,
    "otherExpenses": 0,
    "operatingExpenses": 229567000,
    "costAndExpenses": 464719000,
    "interestIncome": 3506000,
    "interestExpense": 6459000,
    "depreciationAndAmortization": 27163000,
    "ebitda": 243091000,
    "ebitdaratio": 0.3559029964,
    "operatingIncome": 212471000,
    "operatingIncomeRatio": 0.3110730777,
    "totalOtherIncomeExpensesNet": -3002000,
    "incomeBeforeTax": 209469000,
    "incomeBeforeTaxRatio": 0.3066779303,
    "incomeTaxExpense": 39701000,
    "netIncome": 169768000,
    "netIncomeRatio": 0.2485527637,
    "eps": 0.57,
    "epsdiluted": 0.56,
    "weightedAverageShsOut": 298445000,
    "weightedAverageShsOutDil": 305359000,
    "link": "https://www.sec.gov/Archives/edgar/data/6281/000000628112000004/0000006281-12-000004-index.htm",
    "finalLink": "https://www.sec.gov/Archives/edgar/data/6281/000000628112000004/adi_q3x10-qx842012.htm"
  },
  {
    "date": "2012-05-05",
    "symbol": "ADI",
    "reportedCurrency": "USD",
    "cik": "0000006281",
    "fillingDate": "2012-05-22",
    "acceptedDate": "2012-05-22 16:11:24",
    "calendarYear": "2012",
    "period": "Q2",
    "revenue": 675094000,
    "costOfRevenue": 234639000,
    "grossProfit": 440455000,
    "grossProfitRatio": 0.6524350683,
    "researchAndDevelopmentExpenses": 127537000,
    "generalAndAdministrativeExpenses": 0,
    "sellingAndMarketingExpenses": 0,
    "sellingGeneralAndAdministrativeExpenses": 99992000,
    "otherExpenses": 0,
    "operatingExpenses": 227529000,
    "costAndExpenses": 462168000,
    "interestIncome": 3967000,
    "interestExpense": 6890000,
    "depreciationAndAmortization": 26889000,
    "ebitda": 245233000,
    "ebitdaratio": 0.3632575612,
    "operatingIncome": 212926000,
    "operatingIncomeRatio": 0.3154020033,
    "totalOtherIncomeExpensesNet": -1472000,
    "incomeBeforeTax": 211454000,
    "incomeBeforeTaxRatio": 0.3132215662,
    "incomeTaxExpense": 48555000,
    "netIncome": 162899000,
    "netIncomeRatio": 0.2412982488,
    "eps": 0.55,
    "epsdiluted": 0.53,
    "weightedAverageShsOut": 298130000,
    "weightedAverageShsOutDil": 305921000,
    "link": "https://www.sec.gov/Archives/edgar/data/6281/000119312512243459/0001193125-12-243459-index.htm",
    "finalLink": "https://www.sec.gov/Archives/edgar/data/6281/000119312512243459/d308637d10q.htm"
  },
  {
    "date": "2012-02-04",
    "symbol": "ADI",
    "reportedCurrency": "USD",
    "cik": "0000006281",
    "fillingDate": "2012-02-22",
    "acceptedDate": "2012-02-22 16:08:06",
    "calendarYear": "2012",
    "period": "Q1",
    "revenue": 648058000,
    "costOfRevenue": 238668000,
    "grossProfit": 409390000,
    "grossProfitRatio": 0.6317181487,
    "researchAndDevelopmentExpenses": 124378000,
    "generalAndAdministrativeExpenses": 0,
    "sellingAndMarketingExpenses": 0,
    "sellingGeneralAndAdministrativeExpenses": 99045000,
    "otherExpenses": 0,
    "operatingExpenses": 223423000,
    "costAndExpenses": 462091000,
    "interestIncome": 3348000,
    "interestExpense": 6682000,
    "depreciationAndAmortization": 28243000,
    "ebitda": 215011000,
    "ebitdaratio": 0.3317774026,
    "operatingIncome": 183372000,
    "operatingIncomeRatio": 0.2829561552,
    "totalOtherIncomeExpensesNet": -3286000,
    "incomeBeforeTax": 180086000,
    "incomeBeforeTaxRatio": 0.2778856213,
    "incomeTaxExpense": 40704000,
    "netIncome": 139382000,
    "netIncomeRatio": 0.2150764283,
    "eps": 0.47,
    "epsdiluted": 0.46,
    "weightedAverageShsOut": 297788000,
    "weightedAverageShsOutDil": 305531000,
    "link": "https://www.sec.gov/Archives/edgar/data/6281/000119312512072732/0001193125-12-072732-index.htm",
    "finalLink": "https://www.sec.gov/Archives/edgar/data/6281/000119312512072732/d274957d10q.htm"
  },
  {
    "date": "2011-10-29",
    "symbol": "ADI",
    "reportedCurrency": "USD",
    "cik": "0000006281",
    "fillingDate": "2011-11-22",
    "acceptedDate": "2011-11-22 10:51:07",
    "calendarYear": "2011",
    "period": "Q4",
    "revenue": 716134000,
    "costOfRevenue": 255620000,
    "grossProfit": 460514000,
    "grossProfitRatio": 0.6430556293,
    "researchAndDevelopmentExpenses": 123889000,
    "generalAndAdministrativeExpenses": 0,
    "sellingAndMarketingExpenses": 0,
    "sellingGeneralAndAdministrativeExpenses": 99094000,
    "otherExpenses": 0,
    "operatingExpenses": 222983000,
    "costAndExpenses": 478603000,
    "interestIncome": 2183000,
    "interestExpense": 6079000,
    "depreciationAndAmortization": 29048000,
    "ebitda": 266127000,
    "ebitdaratio": 0.3716162059,
    "operatingIncome": 235292000,
    "operatingIncomeRatio": 0.3285586217,
    "totalOtherIncomeExpensesNet": -4292000,
    "incomeBeforeTax": 231000000,
    "incomeBeforeTaxRatio": 0.32256533,
    "incomeTaxExpense": 47473000,
    "netIncome": 183527000,
    "netIncomeRatio": 0.2562746637,
    "eps": 0.62,
    "epsdiluted": 0.6,
    "weightedAverageShsOut": 297788000,
    "weightedAverageShsOutDil": 305531000,
    "link": "https://www.sec.gov/Archives/edgar/data/6281/000095012311099928/0000950123-11-099928-index.htm",
    "finalLink": "https://www.sec.gov/Archives/edgar/data/6281/000095012311099928/b87841e10vk.htm"
  },
  {
    "date": "2011-07-30",
    "symbol": "ADI",
    "reportedCurrency": "USD",
    "cik": "0000006281",
    "fillingDate": "2011-08-16",
    "acceptedDate": "2011-08-16 16:33:01",
    "calendarYear": "2011",
    "period": "Q3",
    "revenue": 757902000,
    "costOfRevenue": 248262000,
    "grossProfit": 509640000,
    "grossProfitRatio": 0.6724352225,
    "researchAndDevelopmentExpenses": 128476000,
    "generalAndAdministrativeExpenses": 0,
    "sellingAndMarketingExpenses": 0,
    "sellingGeneralAndAdministrativeExpenses": 102323000,
    "otherExpenses": 0,
    "operatingExpenses": 230799000,
    "costAndExpenses": 479061000,
    "interestIncome": 2395000,
    "interestExpense": 6159000,
    "depreciationAndAmortization": 29480000,
    "ebitda": 310510000,
    "ebitdaratio": 0.4096967682,
    "operatingIncome": 278841000,
    "operatingIncomeRatio": 0.3679116825,
    "totalOtherIncomeExpensesNet": -3970000,
    "incomeBeforeTax": 274871000,
    "incomeBeforeTaxRatio": 0.3626735383,
    "incomeTaxExpense": 54936000,
    "netIncome": 219935000,
    "netIncomeRatio": 0.2901892329,
    "eps": 0.73,
    "epsdiluted": 0.71,
    "weightedAverageShsOut": 299616000,
    "weightedAverageShsOutDil": 308744000,
    "link": "https://www.sec.gov/Archives/edgar/data/6281/000095012311077973/0000950123-11-077973-index.htm",
    "finalLink": "https://www.sec.gov/Archives/edgar/data/6281/000095012311077973/b86716ae10vq.htm"
  },
  {
    "date": "2011-04-30",
    "symbol": "ADI",
    "reportedCurrency": "USD",
    "cik": "0000006281",
    "fillingDate": "2011-05-17",
    "acceptedDate": "2011-05-17 16:32:02",
    "calendarYear": "2011",
    "period": "Q2",
    "revenue": 790780000,
    "costOfRevenue": 256566000,
    "grossProfit": 534214000,
    "grossProfitRatio": 0.6755532512,
    "researchAndDevelopmentExpenses": 130460000,
    "generalAndAdministrativeExpenses": 0,
    "sellingAndMarketingExpenses": 0,
    "sellingGeneralAndAdministrativeExpenses": 105268000,
    "otherExpenses": 0,
    "operatingExpenses": 235728000,
    "costAndExpenses": 492294000,
    "interestIncome": 2197000,
    "interestExpense": 4078000,
    "depreciationAndAmortization": 29806000,
    "ebitda": 330640000,
    "ebitdaratio": 0.4181188194,
    "operatingIncome": 298486000,
    "operatingIncomeRatio": 0.3774577,
    "totalOtherIncomeExpensesNet": -1730000,
    "incomeBeforeTax": 296756000,
    "incomeBeforeTaxRatio": 0.3752699866,
    "incomeTaxExpense": 54930000,
    "netIncome": 241826000,
    "netIncomeRatio": 0.3058069248,
    "eps": 0.81,
    "epsdiluted": 0.78,
    "weightedAverageShsOut": 299923000,
    "weightedAverageShsOutDil": 309619000,
    "link": "https://www.sec.gov/Archives/edgar/data/6281/000095012311051316/0000950123-11-051316-index.htm",
    "finalLink": "https://www.sec.gov/Archives/edgar/data/6281/000095012311051316/b85472e10vq.htm"
  },
  {
    "date": "2011-01-29",
    "symbol": "ADI",
    "reportedCurrency": "USD",
    "cik": "0000006281",
    "fillingDate": "2011-02-15",
    "acceptedDate": "2011-02-15 16:27:05",
    "calendarYear": "2011",
    "period": "Q1",
    "revenue": 728504000,
    "costOfRevenue": 246331000,
    "grossProfit": 482173000,
    "grossProfitRatio": 0.6618673336,
    "researchAndDevelopmentExpenses": 122745000,
    "generalAndAdministrativeExpenses": 0,
    "sellingAndMarketingExpenses": 0,
    "sellingGeneralAndAdministrativeExpenses": 100022000,
    "otherExpenses": 0,
    "operatingExpenses": 222767000,
    "costAndExpenses": 469098000,
    "interestIncome": 2285000,
    "interestExpense": 2830000,
    "depreciationAndAmortization": 29885000,
    "ebitda": 291535000,
    "ebitdaratio": 0.400183115,
    "operatingIncome": 259406000,
    "operatingIncomeRatio": 0.3560804059,
    "totalOtherIncomeExpensesNet": -586000,
    "incomeBeforeTax": 258820000,
    "incomeBeforeTaxRatio": 0.3552760177,
    "incomeTaxExpense": 43214000,
    "netIncome": 222106000,
    "netIncomeRatio": 0.3048795889,
    "eps": 0.74,
    "epsdiluted": 0.72,
    "weightedAverageShsOut": 299218000,
    "weightedAverageShsOutDil": 308848000,
    "link": "https://www.sec.gov/Archives/edgar/data/6281/000095012311014275/0000950123-11-014275-index.htm",
    "finalLink": "https://www.sec.gov/Archives/edgar/data/6281/000095012311014275/b83535e10vq.htm"
  },
  {
    "date": "2010-10-30",
    "symbol": "ADI",
    "reportedCurrency": "USD",
    "cik": "0000006281",
    "fillingDate": "2010-11-22",
    "acceptedDate": "2010-11-22 16:19:46",
    "calendarYear": "2010",
    "period": "Q4",
    "revenue": 769990000,
    "costOfRevenue": 253761000,
    "grossProfit": 516229000,
    "grossProfitRatio": 0.6704359797,
    "researchAndDevelopmentExpenses": 128140000,
    "generalAndAdministrativeExpenses": 0,
    "sellingAndMarketingExpenses": 0,
    "sellingGeneralAndAdministrativeExpenses": 102349000,
    "otherExpenses": 0,
    "operatingExpenses": 230489000,
    "costAndExpenses": 484250000,
    "interestIncome": 2426000,
    "interestExpense": 2709000,
    "depreciationAndAmortization": 29946000,
    "ebitda": 320712000,
    "ebitdaratio": 0.4165145002,
    "operatingIncome": 285740000,
    "operatingIncomeRatio": 0.3710957285,
    "totalOtherIncomeExpensesNet": 2317000,
    "incomeBeforeTax": 288057000,
    "incomeBeforeTaxRatio": 0.3741048585,
    "incomeTaxExpense": 63063000,
    "netIncome": 224994000,
    "netIncomeRatio": 0.2922037949,
    "eps": 0.75,
    "epsdiluted": 0.73,
    "weightedAverageShsOut": 299218000,
    "weightedAverageShsOutDil": 308848000,
    "link": "https://www.sec.gov/Archives/edgar/data/6281/000095012310107816/0000950123-10-107816-index.htm",
    "finalLink": "https://www.sec.gov/Archives/edgar/data/6281/000095012310107816/b81293e10vk.htm"
  },
  {
    "date": "2010-07-31",
    "symbol": "ADI",
    "reportedCurrency": "USD",
    "cik": "0000006281",
    "fillingDate": "2010-08-17",
    "acceptedDate": "2010-08-17 16:16:16",
    "calendarYear": "2010",
    "period": "Q3",
    "revenue": 720290000,
    "costOfRevenue": 240088000,
    "grossProfit": 480202000,
    "grossProfitRatio": 0.6666786989,
    "researchAndDevelopmentExpenses": 126987000,
    "generalAndAdministrativeExpenses": 0,
    "sellingAndMarketingExpenses": 0,
    "sellingGeneralAndAdministrativeExpenses": 102070000,
    "otherExpenses": 0,
    "operatingExpenses": 229057000,
    "costAndExpenses": 469145000,
    "interestIncome": 3206000,
    "interestExpense": 2614000,
    "depreciationAndAmortization": 29191000,
    "ebitda": 283126000,
    "ebitdaratio": 0.3930722348,
    "operatingIncome": 251145000,
    "operatingIncomeRatio": 0.3486720626,
    "totalOtherIncomeExpensesNet": 176000,
    "incomeBeforeTax": 251321000,
    "incomeBeforeTaxRatio": 0.3489164087,
    "incomeTaxExpense": 51830000,
    "netIncome": 199491000,
    "netIncomeRatio": 0.2769592803,
    "eps": 0.67,
    "epsdiluted": 0.65,
    "weightedAverageShsOut": 298027000,
    "weightedAverageShsOutDil": 306168000,
    "link": "https://www.sec.gov/Archives/edgar/data/6281/000095012310078540/0000950123-10-078540-index.htm",
    "finalLink": "https://www.sec.gov/Archives/edgar/data/6281/000095012310078540/b81291e10vq.htm"
  },
  {
    "date": "2010-05-01",
    "symbol": "ADI",
    "reportedCurrency": "USD",
    "cik": "0000006281",
    "fillingDate": "2010-05-18",
    "acceptedDate": "2010-05-18 16:34:16",
    "calendarYear": "2010",
    "period": "Q2",
    "revenue": 668240000,
    "costOfRevenue": 233725000,
    "grossProfit": 434515000,
    "grossProfitRatio": 0.6502379385,
    "researchAndDevelopmentExpenses": 122780000,
    "generalAndAdministrativeExpenses": 0,
    "sellingAndMarketingExpenses": 0,
    "sellingGeneralAndAdministrativeExpenses": 97660000,
    "otherExpenses": 0,
    "operatingExpenses": 220440000,
    "costAndExpenses": 454165000,
    "interestIncome": 2025000,
    "interestExpense": 2568000,
    "depreciationAndAmortization": 30692000,
    "ebitda": 247280000,
    "ebitdaratio": 0.3700466898,
    "operatingIncome": 214075000,
    "operatingIncomeRatio": 0.3203564588,
    "totalOtherIncomeExpensesNet": -55000,
    "incomeBeforeTax": 214020000,
    "incomeBeforeTaxRatio": 0.320274153,
    "incomeTaxExpense": 46880000,
    "netIncome": 167140000,
    "netIncomeRatio": 0.2501197175,
    "eps": 0.56,
    "epsdiluted": 0.55,
    "weightedAverageShsOut": 297825000,
    "weightedAverageShsOutDil": 305836000,
    "link": "https://www.sec.gov/Archives/edgar/data/6281/000095012310050859/0000950123-10-050859-index.htm",
    "finalLink": "https://www.sec.gov/Archives/edgar/data/6281/000095012310050859/b80108e10vq.htm"
  },
  {
    "date": "2010-01-30",
    "symbol": "ADI",
    "reportedCurrency": "USD",
    "cik": "0000006281",
    "fillingDate": "2010-02-17",
    "acceptedDate": "2010-02-17 16:55:53",
    "calendarYear": "2010",
    "period": "Q1",
    "revenue": 602983000,
    "costOfRevenue": 234507000,
    "grossProfit": 368476000,
    "grossProfitRatio": 0.6110885382,
    "researchAndDevelopmentExpenses": 114398000,
    "generalAndAdministrativeExpenses": 0,
    "sellingAndMarketingExpenses": 0,
    "sellingGeneralAndAdministrativeExpenses": 88481000,
    "otherExpenses": 0,
    "operatingExpenses": 202879000,
    "costAndExpenses": 437386000,
    "interestIncome": 2180000,
    "interestExpense": 2538000,
    "depreciationAndAmortization": 31082000,
    "ebitda": 181887000,
    "ebitdaratio": 0.30164532,
    "operatingIncome": 149114000,
    "operatingIncomeRatio": 0.2472938706,
    "totalOtherIncomeExpensesNet": -847000,
    "incomeBeforeTax": 148267000,
    "incomeBeforeTaxRatio": 0.2458891876,
    "incomeTaxExpense": 28667000,
    "netIncome": 120459000,
    "netIncomeRatio": 0.1997718012,
    "eps": 0.41,
    "epsdiluted": 0.4,
    "weightedAverageShsOut": 295469000,
    "weightedAverageShsOutDil": 304730000,
    "link": "https://www.sec.gov/Archives/edgar/data/6281/000095012310013755/0000950123-10-013755-index.htm",
    "finalLink": "https://www.sec.gov/Archives/edgar/data/6281/000095012310013755/b79456e10vq.htm"
  },
  {
    "date": "2009-10-31",
    "symbol": "ADI",
    "reportedCurrency": "USD",
    "cik": "0000006281",
    "fillingDate": "2009-11-24",
    "acceptedDate": "2009-11-24 15:37:04",
    "calendarYear": "2009",
    "period": "Q4",
    "revenue": 571600000,
    "costOfRevenue": 249746000,
    "grossProfit": 321854000,
    "grossProfitRatio": 0.5630755773,
    "researchAndDevelopmentExpenses": 110126000,
    "generalAndAdministrativeExpenses": 0,
    "sellingAndMarketingExpenses": 0,
    "sellingGeneralAndAdministrativeExpenses": 83356000,
    "otherExpenses": 0,
    "operatingExpenses": 193482000,
    "costAndExpenses": 443228000,
    "interestIncome": 1740000,
    "interestExpense": 2726000,
    "depreciationAndAmortization": 32148000,
    "ebitda": 162100000,
    "ebitdaratio": 0.283589923,
    "operatingIncome": 128372000,
    "operatingIncomeRatio": 0.2245836249,
    "totalOtherIncomeExpensesNet": -1146000,
    "incomeBeforeTax": 127226000,
    "incomeBeforeTaxRatio": 0.2225787264,
    "incomeTaxExpense": 21617000,
    "netIncome": 105609000,
    "netIncomeRatio": 0.1847603219,
    "eps": 0.36,
    "epsdiluted": 0.35,
    "weightedAverageShsOut": 295611000,
    "weightedAverageShsOutDil": 304871000,
    "link": "https://www.sec.gov/Archives/edgar/data/6281/000095012309065635/0000950123-09-065635-index.htm",
    "finalLink": "https://www.sec.gov/Archives/edgar/data/6281/000095012309065635/b76910e10vk.htm"
  },
  {
    "date": "2009-08-01",
    "symbol": "ADI",
    "reportedCurrency": "USD",
    "cik": "0000006281",
    "fillingDate": "2009-08-18",
    "acceptedDate": "2009-08-18 16:25:33",
    "calendarYear": "2009",
    "period": "Q3",
    "revenue": 491991000,
    "costOfRevenue": 225762000,
    "grossProfit": 266229000,
    "grossProfitRatio": 0.5411257523,
    "researchAndDevelopmentExpenses": 107578000,
    "generalAndAdministrativeExpenses": 0,
    "sellingAndMarketingExpenses": 0,
    "sellingGeneralAndAdministrativeExpenses": 79706000,
    "otherExpenses": 0,
    "operatingExpenses": 187284000,
    "costAndExpenses": 413046000,
    "interestIncome": 2558000,
    "interestExpense": 1368000,
    "depreciationAndAmortization": 31979000,
    "ebitda": 113374000,
    "ebitdaratio": 0.2304391747,
    "operatingIncome": 78945000,
    "operatingIncomeRatio": 0.1604602523,
    "totalOtherIncomeExpensesNet": 1082000,
    "incomeBeforeTax": 80027000,
    "incomeBeforeTaxRatio": 0.1626594795,
    "incomeTaxExpense": 14567000,
    "netIncome": 65460000,
    "netIncomeRatio": 0.1330512144,
    "eps": 0.22,
    "epsdiluted": 0.22,
    "weightedAverageShsOut": 291387000,
    "weightedAverageShsOutDil": 293084000,
    "link": "https://www.sec.gov/Archives/edgar/data/6281/000095012309036183/0000950123-09-036183-index.htm",
    "finalLink": "https://www.sec.gov/Archives/edgar/data/6281/000095012309036183/b75672ade10vq.htm"
  },
  {
    "date": "2009-05-02",
    "symbol": "ADI",
    "reportedCurrency": "USD",
    "cik": "0000006281",
    "fillingDate": "2009-05-19",
    "acceptedDate": "2009-05-19 16:38:21",
    "calendarYear": "2009",
    "period": "Q2",
    "revenue": 474748000,
    "costOfRevenue": 213196000,
    "grossProfit": 261552000,
    "grossProfitRatio": 0.5509280713,
    "researchAndDevelopmentExpenses": 109448000,
    "generalAndAdministrativeExpenses": 0,
    "sellingAndMarketingExpenses": 0,
    "sellingGeneralAndAdministrativeExpenses": 82276000,
    "otherExpenses": 0,
    "operatingExpenses": 191724000,
    "costAndExpenses": 404920000,
    "interestIncome": 3527000,
    "interestExpense": 0,
    "depreciationAndAmortization": 35031000,
    "ebitda": 97264000,
    "ebitdaratio": 0.2048750074,
    "operatingIncome": 57909000,
    "operatingIncomeRatio": 0.121978397,
    "totalOtherIncomeExpensesNet": 4324000,
    "incomeBeforeTax": 62233000,
    "incomeBeforeTaxRatio": 0.1310863869,
    "incomeTaxExpense": 10479000,
    "netIncome": 51754000,
    "netIncomeRatio": 0.1090136241,
    "eps": 0.18,
    "epsdiluted": 0.18,
    "weightedAverageShsOut": 291227000,
    "weightedAverageShsOutDil": 292446000,
    "link": "https://www.sec.gov/Archives/edgar/data/6281/000095013509004116/0000950135-09-004116-index.htm",
    "finalLink": "https://www.sec.gov/Archives/edgar/data/6281/000095013509004116/b75570ade10vq.htm"
  },
  {
    "date": "2009-01-31",
    "symbol": "ADI",
    "reportedCurrency": "USD",
    "cik": "0000006281",
    "fillingDate": "2009-02-18",
    "acceptedDate": "2009-02-18 16:32:22",
    "calendarYear": "2009",
    "period": "Q1",
    "revenue": 476569000,
    "costOfRevenue": 207567000,
    "grossProfit": 269002000,
    "grossProfitRatio": 0.5644555143,
    "researchAndDevelopmentExpenses": 119828000,
    "generalAndAdministrativeExpenses": 0,
    "sellingAndMarketingExpenses": 0,
    "sellingGeneralAndAdministrativeExpenses": 87846000,
    "otherExpenses": 0,
    "operatingExpenses": 207674000,
    "costAndExpenses": 415241000,
    "interestIncome": 7796000,
    "interestExpense": 0,
    "depreciationAndAmortization": 40712000,
    "ebitda": 68670000,
    "ebitdaratio": 0.1440924609,
    "operatingIncome": 19591000,
    "operatingIncomeRatio": 0.0411084229,
    "totalOtherIncomeExpensesNet": 8367000,
    "incomeBeforeTax": 27958000,
    "incomeBeforeTaxRatio": 0.0586651671,
    "incomeTaxExpense": 3373000,
    "netIncome": 24949000,
    "netIncomeRatio": 0.052351286,
    "eps": 0.09,
    "epsdiluted": 0.09,
    "weightedAverageShsOut": 291187000,
    "weightedAverageShsOutDil": 291248000,
    "link": "https://www.sec.gov/Archives/edgar/data/6281/000095013509001042/0000950135-09-001042-index.htm",
    "finalLink": "https://www.sec.gov/Archives/edgar/data/6281/000095013509001042/b74277ade10vq.htm"
  },
  {
    "date": "2008-11-01",
    "symbol": "ADI",
    "reportedCurrency": "USD",
    "cik": "0000006281",
    "fillingDate": "2008-11-25",
    "acceptedDate": "2008-11-25 16:26:02",
    "calendarYear": "2008",
    "period": "Q4",
    "revenue": 660696000,
    "costOfRevenue": 257039000,
    "grossProfit": 403657000,
    "grossProfitRatio": 0.610957233,
    "researchAndDevelopmentExpenses": 133451000,
    "generalAndAdministrativeExpenses": 0,
    "sellingAndMarketingExpenses": 0,
    "sellingGeneralAndAdministrativeExpenses": 106381000,
    "otherExpenses": 3088000,
    "operatingExpenses": 242920000,
    "costAndExpenses": 499959000,
    "interestIncome": 0,
    "interestExpense": 0,
    "depreciationAndAmortization": 37935000,
    "ebitda": 198672000,
    "ebitdaratio": 0.3007010789,
    "operatingIncome": 160737000,
    "operatingIncomeRatio": 0.2432843547,
    "totalOtherIncomeExpensesNet": 10628000,
    "incomeBeforeTax": 171365000,
    "incomeBeforeTaxRatio": 0.2593704215,
    "incomeTaxExpense": 27123000,
    "netIncome": 143871000,
    "netIncomeRatio": 0.2177567293,
    "eps": 0.49,
    "epsdiluted": 0.49,
    "weightedAverageShsOut": 291187000,
    "weightedAverageShsOutDil": 291248000,
    "link": "https://www.sec.gov/Archives/edgar/data/6281/000095013508007596/0000950135-08-007596-index.htm",
    "finalLink": "https://www.sec.gov/Archives/edgar/data/6281/000095013508007596/b72976ade10vk.htm"
  },
  {
    "date": "2008-08-02",
    "symbol": "ADI",
    "reportedCurrency": "USD",
    "cik": "0000006281",
    "fillingDate": "2008-08-19",
    "acceptedDate": "2008-08-19 16:49:46",
    "calendarYear": "2008",
    "period": "Q3",
    "revenue": 658986000,
    "costOfRevenue": 257192000,
    "grossProfit": 401794000,
    "grossProfitRatio": 0.6097155327,
    "researchAndDevelopmentExpenses": 135837000,
    "generalAndAdministrativeExpenses": 0,
    "sellingAndMarketingExpenses": 0,
    "sellingGeneralAndAdministrativeExpenses": 104767000,
    "otherExpenses": 0,
    "operatingExpenses": 240604000,
    "costAndExpenses": 497796000,
    "interestIncome": 0,
    "interestExpense": 0,
    "depreciationAndAmortization": 38682000,
    "ebitda": 199872000,
    "ebitdaratio": 0.3033023463,
    "operatingIncome": 161190000,
    "operatingIncomeRatio": 0.244603072,
    "totalOtherIncomeExpensesNet": 7541000,
    "incomeBeforeTax": 168731000,
    "incomeBeforeTaxRatio": 0.2560464107,
    "incomeTaxExpense": 39536000,
    "netIncome": 138608000,
    "netIncomeRatio": 0.2103352727,
    "eps": 0.48,
    "epsdiluted": 0.47,
    "weightedAverageShsOut": 290376000,
    "weightedAverageShsOutDil": 295001000,
    "link": "https://www.sec.gov/Archives/edgar/data/6281/000095013508005673/0000950135-08-005673-index.htm",
    "finalLink": "https://www.sec.gov/Archives/edgar/data/6281/000095013508005673/b72023ade10vq.htm"
  },
  {
    "date": "2008-05-03",
    "symbol": "ADI",
    "reportedCurrency": "USD",
    "cik": "0000006281",
    "fillingDate": "2008-05-20",
    "acceptedDate": "2008-05-20 16:25:32",
    "calendarYear": "2008",
    "period": "Q2",
    "revenue": 649340000,
    "costOfRevenue": 253319000,
    "grossProfit": 396021000,
    "grossProfitRatio": 0.6098823421,
    "researchAndDevelopmentExpenses": 134653000,
    "generalAndAdministrativeExpenses": 0,
    "sellingAndMarketingExpenses": 0,
    "sellingGeneralAndAdministrativeExpenses": 104183000,
    "otherExpenses": 0,
    "operatingExpenses": 238836000,
    "costAndExpenses": 492155000,
    "interestIncome": 0,
    "interestExpense": 0,
    "depreciationAndAmortization": 38881000,
    "ebitda": 196066000,
    "ebitdaratio": 0.3019465919,
    "operatingIncome": 157185000,
    "operatingIncomeRatio": 0.2420688699,
    "totalOtherIncomeExpensesNet": 10555000,
    "incomeBeforeTax": 167740000,
    "incomeBeforeTaxRatio": 0.2583238365,
    "incomeTaxExpense": 37848000,
    "netIncome": 133086000,
    "netIncomeRatio": 0.2049558013,
    "eps": 0.46,
    "epsdiluted": 0.45,
    "weightedAverageShsOut": 290389000,
    "weightedAverageShsOutDil": 295360000,
    "link": "https://www.sec.gov/Archives/edgar/data/6281/000095013508003842/0000950135-08-003842-index.htm",
    "finalLink": "https://www.sec.gov/Archives/edgar/data/6281/000095013508003842/b69749ade10vq.htm"
  },
  {
    "date": "2008-02-02",
    "symbol": "ADI",
    "reportedCurrency": "USD",
    "cik": "0000006281",
    "fillingDate": "2008-02-20",
    "acceptedDate": "2008-02-20 16:49:09",
    "calendarYear": "2008",
    "period": "Q1",
    "revenue": 613909000,
    "costOfRevenue": 238106000,
    "grossProfit": 375803000,
    "grossProfitRatio": 0.6121477287,
    "researchAndDevelopmentExpenses": 129539000,
    "generalAndAdministrativeExpenses": 0,
    "sellingAndMarketingExpenses": 0,
    "sellingGeneralAndAdministrativeExpenses": 100351000,
    "otherExpenses": 0,
    "operatingExpenses": 229890000,
    "costAndExpenses": 467996000,
    "interestIncome": 0,
    "interestExpense": 0,
    "depreciationAndAmortization": 37974000,
    "ebitda": 183887000,
    "ebitdaratio": 0.2995346216,
    "operatingIncome": 145913000,
    "operatingIncomeRatio": 0.2376785484,
    "totalOtherIncomeExpensesNet": 12353000,
    "incomeBeforeTax": 158266000,
    "incomeBeforeTaxRatio": 0.2578004232,
    "incomeTaxExpense": 36418000,
    "netIncome": 370719000,
    "netIncomeRatio": 0.6038663711,
    "eps": 1.24,
    "epsdiluted": 1.22,
    "weightedAverageShsOut": 299141000,
    "weightedAverageShsOutDil": 304260000,
    "link": "https://www.sec.gov/Archives/edgar/data/6281/000095013508001113/0000950135-08-001113-index.htm",
    "finalLink": "https://www.sec.gov/Archives/edgar/data/6281/000095013508001113/b68636ade10vq.htm"
  },
  {
    "date": "2007-11-03",
    "symbol": "ADI",
    "reportedCurrency": "USD",
    "cik": "0000006281",
    "fillingDate": "2007-11-30",
    "acceptedDate": "2007-11-30 16:08:24",
    "calendarYear": "2007",
    "period": "Q4",
    "revenue": 505059000,
    "costOfRevenue": 173085000,
    "grossProfit": 331974000,
    "grossProfitRatio": 0.6572974643,
    "researchAndDevelopmentExpenses": 80173000,
    "generalAndAdministrativeExpenses": 0,
    "sellingAndMarketingExpenses": 0,
    "sellingGeneralAndAdministrativeExpenses": 93116000,
    "otherExpenses": 40495000,
    "operatingExpenses": 213784000,
    "costAndExpenses": 386869000,
    "interestIncome": 0,
    "interestExpense": 0,
    "depreciationAndAmortization": 37677000,
    "ebitda": 155867000,
    "ebitdaratio": 0.3086114692,
    "operatingIncome": 133502000,
    "operatingIncomeRatio": 0.264329514,
    "totalOtherIncomeExpensesNet": 12891000,
    "incomeBeforeTax": 146393000,
    "incomeBeforeTaxRatio": 0.2898532647,
    "incomeTaxExpense": 44716000,
    "netIncome": 97889000,
    "netIncomeRatio": 0.19381696,
    "eps": 0.33,
    "epsdiluted": 0.32,
    "weightedAverageShsOut": 299141000,
    "weightedAverageShsOutDil": 304260000,
    "link": "https://www.sec.gov/Archives/edgar/data/6281/000095013507007253/0000950135-07-007253-index.htm",
    "finalLink": "https://www.sec.gov/Archives/edgar/data/6281/000095013507007253/b67578ade10vk.htm"
  },
  {
    "date": "2007-08-04",
    "symbol": "ADI",
    "reportedCurrency": "USD",
    "cik": "0000006281",
    "fillingDate": "2007-08-21",
    "acceptedDate": "2007-08-21 16:27:55",
    "calendarYear": "2007",
    "period": "Q3",
    "revenue": 680312000,
    "costOfRevenue": 291727000,
    "grossProfit": 388585000,
    "grossProfitRatio": 0.5711864556,
    "researchAndDevelopmentExpenses": 148562000,
    "generalAndAdministrativeExpenses": 0,
    "sellingAndMarketingExpenses": 0,
    "sellingGeneralAndAdministrativeExpenses": 102379000,
    "otherExpenses": 0,
    "operatingExpenses": 250941000,
    "costAndExpenses": 542668000,
    "interestIncome": 0,
    "interestExpense": 0,
    "depreciationAndAmortization": 38909000,
    "ebitda": 176553000,
    "ebitdaratio": 0.2595176919,
    "operatingIncome": 137644000,
    "operatingIncomeRatio": 0.2023248157,
    "totalOtherIncomeExpensesNet": 16449000,
    "incomeBeforeTax": 154093000,
    "incomeBeforeTaxRatio": 0.2265034278,
    "incomeTaxExpense": 33658000,
    "netIncome": 120435000,
    "netIncomeRatio": 0.177029069,
    "eps": 0.38,
    "epsdiluted": 0.37,
    "weightedAverageShsOut": 318465000,
    "weightedAverageShsOutDil": 327331000,
    "link": "https://www.sec.gov/Archives/edgar/data/6281/000095013507005221/0000950135-07-005221-index.htm",
    "finalLink": "https://www.sec.gov/Archives/edgar/data/6281/000095013507005221/b66653ade10vq.htm"
  },
  {
    "date": "2007-05-05",
    "symbol": "ADI",
    "reportedCurrency": "USD",
    "cik": "0000006281",
    "fillingDate": "2007-05-22",
    "acceptedDate": "2007-05-22 16:33:42",
    "calendarYear": "2007",
    "period": "Q2",
    "revenue": 597483000,
    "costOfRevenue": 236255000,
    "grossProfit": 361228000,
    "grossProfitRatio": 0.6045828919,
    "researchAndDevelopmentExpenses": 126696000,
    "generalAndAdministrativeExpenses": 0,
    "sellingAndMarketingExpenses": 0,
    "sellingGeneralAndAdministrativeExpenses": 90210000,
    "otherExpenses": 0,
    "operatingExpenses": 216906000,
    "costAndExpenses": 453161000,
    "interestIncome": 0,
    "interestExpense": 0,
    "depreciationAndAmortization": 38974000,
    "ebitda": 183296000,
    "ebitdaratio": 0.3067802766,
    "operatingIncome": 134206000,
    "operatingIncomeRatio": 0.2246189431,
    "totalOtherIncomeExpensesNet": 31092000,
    "incomeBeforeTax": 165298000,
    "incomeBeforeTaxRatio": 0.2766572438,
    "incomeTaxExpense": 39720000,
    "netIncome": 125356000,
    "netIncomeRatio": 0.2098068062,
    "eps": 0.38,
    "epsdiluted": 0.37,
    "weightedAverageShsOut": 329988000,
    "weightedAverageShsOutDil": 338840000,
    "link": "https://www.sec.gov/Archives/edgar/data/6281/000095013507003290/0000950135-07-003290-index.htm",
    "finalLink": "https://www.sec.gov/Archives/edgar/data/6281/000095013507003290/b65535ade10vq.htm"
  },
  {
    "date": "2007-02-03",
    "symbol": "ADI",
    "reportedCurrency": "USD",
    "cik": "0000006281",
    "fillingDate": "2007-02-21",
    "acceptedDate": "2007-02-21 16:16:12",
    "calendarYear": "2007",
    "period": "Q1",
    "revenue": 626265000,
    "costOfRevenue": 226601000,
    "grossProfit": 399664000,
    "grossProfitRatio": 0.6381707424,
    "researchAndDevelopmentExpenses": 123077000,
    "generalAndAdministrativeExpenses": 0,
    "sellingAndMarketingExpenses": 0,
    "sellingGeneralAndAdministrativeExpenses": 101980000,
    "otherExpenses": 5196000,
    "operatingExpenses": 230253000,
    "costAndExpenses": 456854000,
    "interestIncome": 0,
    "interestExpense": 0,
    "depreciationAndAmortization": 39223000,
    "ebitda": 208634000,
    "ebitdaratio": 0.3331401244,
    "operatingIncome": 169411000,
    "operatingIncomeRatio": 0.2705100876,
    "totalOtherIncomeExpensesNet": 32302000,
    "incomeBeforeTax": 201713000,
    "incomeBeforeTaxRatio": 0.3220888921,
    "incomeTaxExpense": 45479000,
    "netIncome": 153227000,
    "netIncomeRatio": 0.244667992,
    "eps": 0.46,
    "epsdiluted": 0.45,
    "weightedAverageShsOut": 338698000,
    "weightedAverageShsOutDil": 349208000,
    "link": "https://www.sec.gov/Archives/edgar/data/6281/000095013507000978/0000950135-07-000978-index.htm",
    "finalLink": "https://www.sec.gov/Archives/edgar/data/6281/000095013507000978/b64246ade10vq.htm"
  },
  {
    "date": "2006-10-28",
    "symbol": "ADI",
    "reportedCurrency": "USD",
    "cik": "0000006281",
    "fillingDate": "2006-11-20",
    "acceptedDate": "2006-11-20 16:01:56",
    "calendarYear": "2006",
    "period": "Q4",
    "revenue": 644342000,
    "costOfRevenue": 269770000,
    "grossProfit": 374572000,
    "grossProfitRatio": 0.5813248244,
    "researchAndDevelopmentExpenses": 137550000,
    "generalAndAdministrativeExpenses": 0,
    "sellingAndMarketingExpenses": 0,
    "sellingGeneralAndAdministrativeExpenses": 100710000,
    "otherExpenses": 1790000,
    "operatingExpenses": 240050000,
    "costAndExpenses": 509820000,
    "interestIncome": 0,
    "interestExpense": 0,
    "depreciationAndAmortization": 42263000,
    "ebitda": 176785000,
    "ebitdaratio": 0.2743651663,
    "operatingIncome": 119324000,
    "operatingIncomeRatio": 0.1851873694,
    "totalOtherIncomeExpensesNet": 24495000,
    "incomeBeforeTax": 143819000,
    "incomeBeforeTaxRatio": 0.2232028954,
    "incomeTaxExpense": 6148000,
    "netIncome": 138419000,
    "netIncomeRatio": 0.2148222528,
    "eps": 0.41,
    "epsdiluted": 0.4,
    "weightedAverageShsOut": 338698000,
    "weightedAverageShsOutDil": 349208000,
    "link": "https://www.sec.gov/Archives/edgar/data/6281/000095013506007047/0000950135-06-007047-index.htm",
    "finalLink": "https://www.sec.gov/Archives/edgar/data/6281/000095013506007047/b63086ade10vk.htm"
  },
  {
    "date": "2006-07-29",
    "symbol": "ADI",
    "reportedCurrency": "USD",
    "cik": "0000006281",
    "fillingDate": "2006-08-15",
    "acceptedDate": "2006-08-15 16:32:57",
    "calendarYear": "2006",
    "period": "Q3",
    "revenue": 663660000,
    "costOfRevenue": 273550000,
    "grossProfit": 390110000,
    "grossProfitRatio": 0.5878160504,
    "researchAndDevelopmentExpenses": 136061000,
    "generalAndAdministrativeExpenses": 0,
    "sellingAndMarketingExpenses": 0,
    "sellingGeneralAndAdministrativeExpenses": 99663000,
    "otherExpenses": 0,
    "operatingExpenses": 235724000,
    "costAndExpenses": 509274000,
    "interestIncome": 0,
    "interestExpense": 0,
    "depreciationAndAmortization": 43326000,
    "ebitda": 197712000,
    "ebitdaratio": 0.2979115812,
    "operatingIncome": 148886000,
    "operatingIncomeRatio": 0.2243407769,
    "totalOtherIncomeExpensesNet": 26277000,
    "incomeBeforeTax": 175163000,
    "incomeBeforeTaxRatio": 0.2639348462,
    "incomeTaxExpense": 30478000,
    "netIncome": 144685000,
    "netIncomeRatio": 0.2180107284,
    "eps": 0.4,
    "epsdiluted": 0.39,
    "weightedAverageShsOut": 357887000,
    "weightedAverageShsOutDil": 369542000,
    "link": "https://www.sec.gov/Archives/edgar/data/6281/000095013506005138/0000950135-06-005138-index.htm",
    "finalLink": "https://www.sec.gov/Archives/edgar/data/6281/000095013506005138/b61573aie10vq.htm"
  },
  {
    "date": "2006-04-29",
    "symbol": "ADI",
    "reportedCurrency": "USD",
    "cik": "0000006281",
    "fillingDate": "2006-05-16",
    "acceptedDate": "2006-05-16 17:01:45",
    "calendarYear": "2006",
    "period": "Q2",
    "revenue": 643872000,
    "costOfRevenue": 263201000,
    "grossProfit": 380671000,
    "grossProfitRatio": 0.5912215471,
    "researchAndDevelopmentExpenses": 131848000,
    "generalAndAdministrativeExpenses": 0,
    "sellingAndMarketingExpenses": 0,
    "sellingGeneralAndAdministrativeExpenses": 97432000,
    "otherExpenses": 0,
    "operatingExpenses": 229280000,
    "costAndExpenses": 492481000,
    "interestIncome": 0,
    "interestExpense": 0,
    "depreciationAndAmortization": 43091000,
    "ebitda": 194482000,
    "ebitdaratio": 0.3020507182,
    "operatingIncome": 151391000,
    "operatingIncomeRatio": 0.2351259256,
    "totalOtherIncomeExpensesNet": 39225000,
    "incomeBeforeTax": 190616000,
    "incomeBeforeTaxRatio": 0.2960464192,
    "incomeTaxExpense": 44795000,
    "netIncome": 145821000,
    "netIncomeRatio": 0.2264751379,
    "eps": 0.4,
    "epsdiluted": 0.39,
    "weightedAverageShsOut": 364225000,
    "weightedAverageShsOutDil": 376811000,
    "link": "https://www.sec.gov/Archives/edgar/data/6281/000095013506003533/0000950135-06-003533-index.htm",
    "finalLink": "https://www.sec.gov/Archives/edgar/data/6281/000095013506003533/b60978ade10vq.htm"
  },
  {
    "date": "2006-01-28",
    "symbol": "ADI",
    "reportedCurrency": "USD",
    "cik": "0000006281",
    "fillingDate": "2006-02-15",
    "acceptedDate": "2006-02-15 16:59:40",
    "calendarYear": "2006",
    "period": "Q1",
    "revenue": 621302000,
    "costOfRevenue": 260515000,
    "grossProfit": 360787000,
    "grossProfitRatio": 0.5806950565,
    "researchAndDevelopmentExpenses": 131288000,
    "generalAndAdministrativeExpenses": 0,
    "sellingAndMarketingExpenses": 0,
    "sellingGeneralAndAdministrativeExpenses": 96281000,
    "otherExpenses": 1013000,
    "operatingExpenses": 228582000,
    "costAndExpenses": 489097000,
    "interestIncome": 0,
    "interestExpense": 0,
    "depreciationAndAmortization": 43483000,
    "ebitda": 175688000,
    "ebitdaratio": 0.2827739167,
    "operatingIncome": 132205000,
    "operatingIncomeRatio": 0.2127870182,
    "totalOtherIncomeExpensesNet": 20592000,
    "incomeBeforeTax": 152797000,
    "incomeBeforeTaxRatio": 0.2459303205,
    "incomeTaxExpense": 32240000,
    "netIncome": 120557000,
    "netIncomeRatio": 0.1940392917,
    "eps": 0.33,
    "epsdiluted": 0.32,
    "weightedAverageShsOut": 366135000,
    "weightedAverageShsOutDil": 380337000,
    "link": "https://www.sec.gov/Archives/edgar/data/6281/000095013506000872/0000950135-06-000872-index.htm",
    "finalLink": "https://www.sec.gov/Archives/edgar/data/6281/000095013506000872/b59189ade10vq.htm"
  },
  {
    "date": "2005-10-29",
    "symbol": "ADI",
    "reportedCurrency": "USD",
    "cik": "0000006281",
    "fillingDate": "2005-11-21",
    "acceptedDate": "2005-11-21 17:31:32",
    "calendarYear": "2005",
    "period": "Q4",
    "revenue": 622130000,
    "costOfRevenue": 259455000,
    "grossProfit": 362675000,
    "grossProfitRatio": 0.5829569383,
    "researchAndDevelopmentExpenses": 123704000,
    "generalAndAdministrativeExpenses": 0,
    "sellingAndMarketingExpenses": 0,
    "sellingGeneralAndAdministrativeExpenses": 84715000,
    "otherExpenses": 31480000,
    "operatingExpenses": 239899000,
    "costAndExpenses": 499354000,
    "interestIncome": 0,
    "interestExpense": 0,
    "depreciationAndAmortization": 38396000,
    "ebitda": 161172000,
    "ebitdaratio": 0.2590648257,
    "operatingIncome": 122776000,
    "operatingIncomeRatio": 0.1973478212,
    "totalOtherIncomeExpensesNet": 21890000,
    "incomeBeforeTax": 144666000,
    "incomeBeforeTaxRatio": 0.2325333933,
    "incomeTaxExpense": 76325000,
    "netIncome": 68341000,
    "netIncomeRatio": 0.1098500313,
    "eps": 0.19,
    "epsdiluted": 0.18,
    "weightedAverageShsOut": 366135000,
    "weightedAverageShsOutDil": 380337000,
    "link": "https://www.sec.gov/Archives/edgar/data/6281/000095013505006610/0000950135-05-006610-index.htm",
    "finalLink": "https://www.sec.gov/Archives/edgar/data/6281/000095013505006610/b57812ade10vk.htm"
  },
  {
    "date": "2005-07-30",
    "symbol": "ADI",
    "reportedCurrency": "USD",
    "cik": "0000006281",
    "fillingDate": "2005-08-17",
    "acceptedDate": "2005-08-17 16:37:37",
    "calendarYear": "2005",
    "period": "Q3",
    "revenue": 582416000,
    "costOfRevenue": 244178000,
    "grossProfit": 338238000,
    "grossProfitRatio": 0.580749842,
    "researchAndDevelopmentExpenses": 119217000,
    "generalAndAdministrativeExpenses": 0,
    "sellingAndMarketingExpenses": 0,
    "sellingGeneralAndAdministrativeExpenses": 84407000,
    "otherExpenses": 0,
    "operatingExpenses": 203624000,
    "costAndExpenses": 447802000,
    "interestIncome": 0,
    "interestExpense": 0,
    "depreciationAndAmortization": 38473000,
    "ebitda": 173087000,
    "ebitdaratio": 0.2971879207,
    "operatingIncome": 134614000,
    "operatingIncomeRatio": 0.2311303261,
    "totalOtherIncomeExpensesNet": 19062000,
    "incomeBeforeTax": 153676000,
    "incomeBeforeTaxRatio": 0.2638595094,
    "incomeTaxExpense": 32272000,
    "netIncome": 121404000,
    "netIncomeRatio": 0.2084489437,
    "eps": 0.33,
    "epsdiluted": 0.32,
    "weightedAverageShsOut": 370985000,
    "weightedAverageShsOutDil": 382830000,
    "link": "https://www.sec.gov/Archives/edgar/data/6281/000095013505004803/0000950135-05-004803-index.htm",
    "finalLink": "https://www.sec.gov/Archives/edgar/data/6281/000095013505004803/b56380ade10vq.htm"
  },
  {
    "date": "2005-04-30",
    "symbol": "ADI",
    "reportedCurrency": "USD",
    "cik": "0000006281",
    "fillingDate": "2005-05-17",
    "acceptedDate": "2005-05-17 16:03:29",
    "calendarYear": "2005",
    "period": "Q2",
    "revenue": 603726000,
    "costOfRevenue": 257327000,
    "grossProfit": 346399000,
    "grossProfitRatio": 0.5737685639,
    "researchAndDevelopmentExpenses": 126642000,
    "generalAndAdministrativeExpenses": 0,
    "sellingAndMarketingExpenses": 0,
    "sellingGeneralAndAdministrativeExpenses": 85813000,
    "otherExpenses": 0,
    "operatingExpenses": 212455000,
    "costAndExpenses": 469782000,
    "interestIncome": 0,
    "interestExpense": 0,
    "depreciationAndAmortization": 39698000,
    "ebitda": 173642000,
    "ebitdaratio": 0.2876172303,
    "operatingIncome": 133944000,
    "operatingIncomeRatio": 0.2218622355,
    "totalOtherIncomeExpensesNet": 16768000,
    "incomeBeforeTax": 150712000,
    "incomeBeforeTaxRatio": 0.2496364245,
    "incomeTaxExpense": 33113000,
    "netIncome": 117599000,
    "netIncomeRatio": 0.1947886955,
    "eps": 0.32,
    "epsdiluted": 0.31,
    "weightedAverageShsOut": 370674000,
    "weightedAverageShsOutDil": 382337000,
    "link": "https://www.sec.gov/Archives/edgar/data/6281/000095013505002919/0000950135-05-002919-index.htm",
    "finalLink": "https://www.sec.gov/Archives/edgar/data/6281/000095013505002919/b55141ade10vq.htm"
  },
  {
    "date": "2005-01-29",
    "symbol": "ADI",
    "reportedCurrency": "USD",
    "cik": "0000006281",
    "fillingDate": "2005-02-15",
    "acceptedDate": "2005-02-15 16:02:49",
    "calendarYear": "2005",
    "period": "Q1",
    "revenue": 580536000,
    "costOfRevenue": 245008000,
    "grossProfit": 335528000,
    "grossProfitRatio": 0.5779624347,
    "researchAndDevelopmentExpenses": 127534000,
    "generalAndAdministrativeExpenses": 0,
    "sellingAndMarketingExpenses": 0,
    "sellingGeneralAndAdministrativeExpenses": 83341000,
    "otherExpenses": 0,
    "operatingExpenses": 210875000,
    "costAndExpenses": 455883000,
    "interestIncome": 0,
    "interestExpense": 0,
    "depreciationAndAmortization": 38997000,
    "ebitda": 163650000,
    "ebitdaratio": 0.2818946629,
    "operatingIncome": 124653000,
    "operatingIncomeRatio": 0.2147205341,
    "totalOtherIncomeExpensesNet": 13983000,
    "incomeBeforeTax": 138636000,
    "incomeBeforeTaxRatio": 0.2388068957,
    "incomeTaxExpense": 31193000,
    "netIncome": 107443000,
    "netIncomeRatio": 0.1850755164,
    "eps": 0.29,
    "epsdiluted": 0.28,
    "weightedAverageShsOut": 375561000,
    "weightedAverageShsOutDil": 388107000,
    "link": "https://www.sec.gov/Archives/edgar/data/6281/000095013505000824/0000950135-05-000824-index.htm",
    "finalLink": "https://www.sec.gov/Archives/edgar/data/6281/000095013505000824/b53677ade10vq.htm"
  },
  {
    "date": "2004-10-30",
    "symbol": "ADI",
    "reportedCurrency": "USD",
    "cik": "0000006281",
    "fillingDate": "2004-11-30",
    "acceptedDate": "2004-11-30 16:01:23",
    "calendarYear": "2004",
    "period": "Q4",
    "revenue": 632124000,
    "costOfRevenue": 255832000,
    "grossProfit": 376292000,
    "grossProfitRatio": 0.5952819384,
    "researchAndDevelopmentExpenses": 131121000,
    "generalAndAdministrativeExpenses": 0,
    "sellingAndMarketingExpenses": 0,
    "sellingGeneralAndAdministrativeExpenses": 86354000,
    "otherExpenses": 677000,
    "operatingExpenses": 218152000,
    "costAndExpenses": 473984000,
    "interestIncome": 0,
    "interestExpense": 0,
    "depreciationAndAmortization": 38434000,
    "ebitda": 196574000,
    "ebitdaratio": 0.3109737963,
    "operatingIncome": 158140000,
    "operatingIncomeRatio": 0.2501724345,
    "totalOtherIncomeExpensesNet": 13077000,
    "incomeBeforeTax": 171217000,
    "incomeBeforeTaxRatio": 0.2708598313,
    "incomeTaxExpense": 38951000,
    "netIncome": 132266000,
    "netIncomeRatio": 0.209240592,
    "eps": 0.35,
    "epsdiluted": 0.34,
    "weightedAverageShsOut": 375561000,
    "weightedAverageShsOutDil": 388107000,
    "link": "https://www.sec.gov/Archives/edgar/data/6281/000095013504005529/0000950135-04-005529-index.htm",
    "finalLink": "https://www.sec.gov/Archives/edgar/data/6281/000095013504005529/b52531ade10vk.htm"
  },
  {
    "date": "2004-07-31",
    "symbol": "ADI",
    "reportedCurrency": "USD",
    "cik": "0000006281",
    "fillingDate": "2004-08-17",
    "acceptedDate": "2004-08-17 15:20:26",
    "calendarYear": "2004",
    "period": "Q3",
    "revenue": 717793000,
    "costOfRevenue": 287271000,
    "grossProfit": 430522000,
    "grossProfitRatio": 0.5997857321,
    "researchAndDevelopmentExpenses": 133536000,
    "generalAndAdministrativeExpenses": 0,
    "sellingAndMarketingExpenses": 0,
    "sellingGeneralAndAdministrativeExpenses": 89162000,
    "otherExpenses": 0,
    "operatingExpenses": 222698000,
    "costAndExpenses": 509969000,
    "interestIncome": 0,
    "interestExpense": 0,
    "depreciationAndAmortization": 38006000,
    "ebitda": 245830000,
    "ebitdaratio": 0.342480353,
    "operatingIncome": 207824000,
    "operatingIncomeRatio": 0.2895319403,
    "totalOtherIncomeExpensesNet": 8907000,
    "incomeBeforeTax": 216731000,
    "incomeBeforeTaxRatio": 0.3019408102,
    "incomeTaxExpense": 47681000,
    "netIncome": 169050000,
    "netIncomeRatio": 0.2355135812,
    "eps": 0.45,
    "epsdiluted": 0.43,
    "weightedAverageShsOut": 377144000,
    "weightedAverageShsOutDil": 394203000,
    "link": "https://www.sec.gov/Archives/edgar/data/6281/000095013504004054/0000950135-04-004054-index.htm",
    "finalLink": "https://www.sec.gov/Archives/edgar/data/6281/000095013504004054/b51563ade10vq.htm"
  },
  {
    "date": "2004-05-01",
    "symbol": "ADI",
    "reportedCurrency": "USD",
    "cik": "0000006281",
    "fillingDate": "2004-05-18",
    "acceptedDate": "2004-05-18 16:10:21",
    "calendarYear": "2004",
    "period": "Q2",
    "revenue": 678530000,
    "costOfRevenue": 277008000,
    "grossProfit": 401522000,
    "grossProfitRatio": 0.5917527596,
    "researchAndDevelopmentExpenses": 127802000,
    "generalAndAdministrativeExpenses": 0,
    "sellingAndMarketingExpenses": 0,
    "sellingGeneralAndAdministrativeExpenses": 85282000,
    "otherExpenses": 676000,
    "operatingExpenses": 213760000,
    "costAndExpenses": 490768000,
    "interestIncome": 0,
    "interestExpense": 0,
    "depreciationAndAmortization": 37948000,
    "ebitda": 225710000,
    "ebitdaratio": 0.332645572,
    "operatingIncome": 187762000,
    "operatingIncomeRatio": 0.2767187891,
    "totalOtherIncomeExpensesNet": 7232000,
    "incomeBeforeTax": 194994000,
    "incomeBeforeTaxRatio": 0.2873771241,
    "incomeTaxExpense": 42411000,
    "netIncome": 152583000,
    "netIncomeRatio": 0.224872887,
    "eps": 0.41,
    "epsdiluted": 0.39,
    "weightedAverageShsOut": 374864000,
    "weightedAverageShsOutDil": 395052000,
    "link": "https://www.sec.gov/Archives/edgar/data/6281/000095013504002709/0000950135-04-002709-index.htm",
    "finalLink": "https://www.sec.gov/Archives/edgar/data/6281/000095013504002709/b50663ade10vq.htm"
  },
  {
    "date": "2004-01-31",
    "symbol": "ADI",
    "reportedCurrency": "USD",
    "cik": "0000006281",
    "fillingDate": "2004-02-17",
    "acceptedDate": "2004-02-17 16:27:02",
    "calendarYear": "2004",
    "period": "Q1",
    "revenue": 605353000,
    "costOfRevenue": 259888000,
    "grossProfit": 345465000,
    "grossProfitRatio": 0.5706835516,
    "researchAndDevelopmentExpenses": 119953000,
    "generalAndAdministrativeExpenses": 0,
    "sellingAndMarketingExpenses": 0,
    "sellingGeneralAndAdministrativeExpenses": 79238000,
    "otherExpenses": 677000,
    "operatingExpenses": 199868000,
    "costAndExpenses": 459756000,
    "interestIncome": 0,
    "interestExpense": 0,
    "depreciationAndAmortization": 38242000,
    "ebitda": 183839000,
    "ebitdaratio": 0.303688922,
    "operatingIncome": 145597000,
    "operatingIncomeRatio": 0.2405158643,
    "totalOtherIncomeExpensesNet": 4197000,
    "incomeBeforeTax": 149794000,
    "incomeBeforeTaxRatio": 0.2474490091,
    "incomeTaxExpense": 32955000,
    "netIncome": 116839000,
    "netIncomeRatio": 0.1930096985,
    "eps": 0.31,
    "epsdiluted": 0.3,
    "weightedAverageShsOut": 372052000,
    "weightedAverageShsOutDil": 392904000,
    "link": "https://www.sec.gov/Archives/edgar/data/6281/000095013504000769/0000950135-04-000769-index.htm",
    "finalLink": "https://www.sec.gov/Archives/edgar/data/6281/000095013504000769/b49550ade10vq.htm"
  },
  {
    "date": "2003-11-01",
    "symbol": "ADI",
    "reportedCurrency": "USD",
    "cik": "0000006281",
    "fillingDate": "2003-12-23",
    "acceptedDate": "2003-12-23 14:52:54",
    "calendarYear": "2003",
    "period": "Q4",
    "revenue": 557517000,
    "costOfRevenue": 246605000,
    "grossProfit": 310912000,
    "grossProfitRatio": 0.5576726808,
    "researchAndDevelopmentExpenses": 114422000,
    "generalAndAdministrativeExpenses": 0,
    "sellingAndMarketingExpenses": 0,
    "sellingGeneralAndAdministrativeExpenses": 75007000,
    "otherExpenses": 319000,
    "operatingExpenses": 189748000,
    "costAndExpenses": 436353000,
    "interestIncome": 0,
    "interestExpense": 0,
    "depreciationAndAmortization": 39980000,
    "ebitda": 161144000,
    "ebitdaratio": 0.2890387199,
    "operatingIncome": 111630000,
    "operatingIncomeRatio": 0.2002270783,
    "totalOtherIncomeExpensesNet": 649000,
    "incomeBeforeTax": 112279000,
    "incomeBeforeTaxRatio": 0.2013911683,
    "incomeTaxExpense": 24252000,
    "netIncome": 88027000,
    "netIncomeRatio": 0.1578911495,
    "eps": 0.24,
    "epsdiluted": 0.22,
    "weightedAverageShsOut": 372052000,
    "weightedAverageShsOutDil": 392904000,
    "link": "https://www.sec.gov/Archives/edgar/data/6281/000095013503006138/0000950135-03-006138-index.htm",
    "finalLink": "https://www.sec.gov/Archives/edgar/data/6281/000095013503006138/b48618aie10vk.htm"
  },
  {
    "date": "2003-08-02",
    "symbol": "ADI",
    "reportedCurrency": "USD",
    "cik": "0000006281",
    "fillingDate": "2003-08-20",
    "acceptedDate": "2003-08-20 13:41:28",
    "calendarYear": "2003",
    "period": "Q3",
    "revenue": 520445000,
    "costOfRevenue": 233846000,
    "grossProfit": 286599000,
    "grossProfitRatio": 0.5506806675,
    "researchAndDevelopmentExpenses": 113672000,
    "generalAndAdministrativeExpenses": 0,
    "sellingAndMarketingExpenses": 0,
    "sellingGeneralAndAdministrativeExpenses": 72178000,
    "otherExpenses": 997000,
    "operatingExpenses": 186847000,
    "costAndExpenses": 420693000,
    "interestIncome": 0,
    "interestExpense": 0,
    "depreciationAndAmortization": 42953000,
    "ebitda": 142705000,
    "ebitdaratio": 0.2741980421,
    "operatingIncome": 99752000,
    "operatingIncomeRatio": 0.1916667467,
    "totalOtherIncomeExpensesNet": 1474000,
    "incomeBeforeTax": 101226000,
    "incomeBeforeTaxRatio": 0.1944989384,
    "incomeTaxExpense": 22270000,
    "netIncome": 78956000,
    "netIncomeRatio": 0.151708634,
    "eps": 0.22,
    "epsdiluted": 0.21,
    "weightedAverageShsOut": 366025000,
    "weightedAverageShsOutDil": 384166000,
    "link": "https://www.sec.gov/Archives/edgar/data/6281/000095013503004538/0000950135-03-004538-index.htm",
    "finalLink": "https://www.sec.gov/Archives/edgar/data/6281/000095013503004538/b47516ade10vq.htm"
  },
  {
    "date": "2003-05-03",
    "symbol": "ADI",
    "reportedCurrency": "USD",
    "cik": "0000006281",
    "fillingDate": "2003-05-21",
    "acceptedDate": "2003-05-21 10:52:09",
    "calendarYear": "2003",
    "period": "Q2",
    "revenue": 501883000,
    "costOfRevenue": 228423000,
    "grossProfit": 273460000,
    "grossProfitRatio": 0.544868027,
    "researchAndDevelopmentExpenses": 112829000,
    "generalAndAdministrativeExpenses": 0,
    "sellingAndMarketingExpenses": 0,
    "sellingGeneralAndAdministrativeExpenses": 71509000,
    "otherExpenses": 656000,
    "operatingExpenses": 184994000,
    "costAndExpenses": 413417000,
    "interestIncome": 403000,
    "interestExpense": 8005000,
    "depreciationAndAmortization": 43159000,
    "ebitda": 131625000,
    "ebitdaratio": 0.2622623201,
    "operatingIncome": 88466000,
    "operatingIncomeRatio": 0.1762681741,
    "totalOtherIncomeExpensesNet": 2952000,
    "incomeBeforeTax": 91418000,
    "incomeBeforeTaxRatio": 0.182150023,
    "incomeTaxExpense": 20112000,
    "netIncome": 71306000,
    "netIncomeRatio": 0.1420769383,
    "eps": 0.2,
    "epsdiluted": 0.19,
    "weightedAverageShsOut": 364267000,
    "weightedAverageShsOutDil": 379163000,
    "link": "https://www.sec.gov/Archives/edgar/data/6281/000095013503003234/0000950135-03-003234-index.htm",
    "finalLink": "https://www.sec.gov/Archives/edgar/data/6281/000095013503003234/b46770ade10vq.htm"
  },
  {
    "date": "2003-02-01",
    "symbol": "ADI",
    "reportedCurrency": "USD",
    "cik": "0000006281",
    "fillingDate": "2003-03-06",
    "acceptedDate": "2003-03-06 14:23:59",
    "calendarYear": "2003",
    "period": "Q1",
    "revenue": 467423000,
    "costOfRevenue": 214286000,
    "grossProfit": 253137000,
    "grossProfitRatio": 0.5415587166,
    "researchAndDevelopmentExpenses": 109309000,
    "generalAndAdministrativeExpenses": 0,
    "sellingAndMarketingExpenses": 0,
    "sellingGeneralAndAdministrativeExpenses": 69315000,
    "otherExpenses": 652000,
    "operatingExpenses": 179276000,
    "costAndExpenses": 393562000,
    "interestIncome": 0,
    "interestExpense": 0,
    "depreciationAndAmortization": 42191000,
    "ebitda": 116052000,
    "ebitdaratio": 0.2482804654,
    "operatingIncome": 73861000,
    "operatingIncomeRatio": 0.1580174703,
    "totalOtherIncomeExpensesNet": 3052000,
    "incomeBeforeTax": 76913000,
    "incomeBeforeTaxRatio": 0.1645468879,
    "incomeTaxExpense": 16921000,
    "netIncome": 59992000,
    "netIncomeRatio": 0.1283462731,
    "eps": 0.17,
    "epsdiluted": 0.16,
    "weightedAverageShsOut": 363138000,
    "weightedAverageShsOutDil": 378197000,
    "link": "https://www.sec.gov/Archives/edgar/data/6281/000095013503001609/0000950135-03-001609-index.htm",
    "finalLink": "https://www.sec.gov/Archives/edgar/data/6281/000095013503001609/b45845ade10vq.htm"
  },
  {
    "date": "2002-11-02",
    "symbol": "ADI",
    "reportedCurrency": "USD",
    "cik": "0000006281",
    "fillingDate": "2003-01-29",
    "acceptedDate": "2003-01-29 16:55:03",
    "calendarYear": "2002",
    "period": "Q4",
    "revenue": 455718000,
    "costOfRevenue": 213084000,
    "grossProfit": 242634000,
    "grossProfitRatio": 0.5324213658,
    "researchAndDevelopmentExpenses": 109299000,
    "generalAndAdministrativeExpenses": 0,
    "sellingAndMarketingExpenses": 0,
    "sellingGeneralAndAdministrativeExpenses": 69204000,
    "otherExpenses": 22612000,
    "operatingExpenses": 201115000,
    "costAndExpenses": 414199000,
    "interestIncome": 0,
    "interestExpense": 0,
    "depreciationAndAmortization": 62743000,
    "ebitda": 104262000,
    "ebitdaratio": 0.2287862231,
    "operatingIncome": 41519000,
    "operatingIncomeRatio": 0.0911067809,
    "totalOtherIncomeExpensesNet": 4841000,
    "incomeBeforeTax": 46360000,
    "incomeBeforeTaxRatio": 0.1017295784,
    "incomeTaxExpense": 11590000,
    "netIncome": 34770000,
    "netIncomeRatio": 0.0762971838,
    "eps": 0.096,
    "epsdiluted": 0.092,
    "weightedAverageShsOut": 363138000,
    "weightedAverageShsOutDil": 378197000,
    "link": "https://www.sec.gov/Archives/edgar/data/6281/000095013503000473/0000950135-03-000473-index.htm",
    "finalLink": "https://www.sec.gov/Archives/edgar/data/6281/000095013503000473/b45351ade10vk.htm"
  },
  {
    "date": "2002-08-03",
    "symbol": "ADI",
    "reportedCurrency": "USD",
    "cik": "0000006281",
    "fillingDate": "2002-09-13",
    "acceptedDate": "2002-09-13 11:05:06",
    "calendarYear": "2002",
    "period": "Q3",
    "revenue": 445448000,
    "costOfRevenue": 208182000,
    "grossProfit": 237266000,
    "grossProfitRatio": 0.5326457858,
    "researchAndDevelopmentExpenses": 107040000,
    "generalAndAdministrativeExpenses": 0,
    "sellingAndMarketingExpenses": 0,
    "sellingGeneralAndAdministrativeExpenses": 67138000,
    "otherExpenses": 27166000,
    "operatingExpenses": 201344000,
    "costAndExpenses": 409526000,
    "interestIncome": 0,
    "interestExpense": 0,
    "depreciationAndAmortization": 59674000,
    "ebitda": 95596000,
    "ebitdaratio": 0.2146064187,
    "operatingIncome": 35922000,
    "operatingIncomeRatio": 0.0806424094,
    "totalOtherIncomeExpensesNet": 3740000,
    "incomeBeforeTax": 39662000,
    "incomeBeforeTaxRatio": 0.0890384512,
    "incomeTaxExpense": 8249000,
    "netIncome": 31413000,
    "netIncomeRatio": 0.0705200158,
    "eps": 0.09,
    "epsdiluted": 0.08,
    "weightedAverageShsOut": 365065000,
    "weightedAverageShsOutDil": 380770000,
    "link": "https://www.sec.gov/Archives/edgar/data/6281/000095013502004176/0000950135-02-004176-index.htm",
    "finalLink": "https://www.sec.gov/Archives/edgar/data/6281/000095013502004176/b44235ade10vq.htm"
  },
  {
    "date": "2002-05-04",
    "symbol": "ADI",
    "reportedCurrency": "USD",
    "cik": "0000006281",
    "fillingDate": "2002-06-07",
    "acceptedDate": "2002-06-07 14:54:13",
    "calendarYear": "2002",
    "period": "Q2",
    "revenue": 413368000,
    "costOfRevenue": 192537000,
    "grossProfit": 220831000,
    "grossProfitRatio": 0.5342237425,
    "researchAndDevelopmentExpenses": 102821000,
    "generalAndAdministrativeExpenses": 0,
    "sellingAndMarketingExpenses": 0,
    "sellingGeneralAndAdministrativeExpenses": 62354000,
    "otherExpenses": 41484000,
    "operatingExpenses": 206659000,
    "costAndExpenses": 399196000,
    "interestIncome": 48000,
    "interestExpense": 9542000,
    "depreciationAndAmortization": 58952000,
    "ebitda": 73124000,
    "ebitdaratio": 0.1768980666,
    "operatingIncome": 14172000,
    "operatingIncomeRatio": 0.0342842213,
    "totalOtherIncomeExpensesNet": 5864000,
    "incomeBeforeTax": 20036000,
    "incomeBeforeTaxRatio": 0.0484701283,
    "incomeTaxExpense": 5610000,
    "netIncome": 14426000,
    "netIncomeRatio": 0.0348986859,
    "eps": 0.04,
    "epsdiluted": 0.04,
    "weightedAverageShsOut": 364545000,
    "weightedAverageShsOutDil": 383455000,
    "link": "https://www.sec.gov/Archives/edgar/data/6281/000095013502002925/0000950135-02-002925-index.htm",
    "finalLink": "https://www.sec.gov/Archives/edgar/data/6281/000095013502002925/b43315ade10vq.htm"
  },
  {
    "date": "2002-02-02",
    "symbol": "ADI",
    "reportedCurrency": "USD",
    "cik": "0000006281",
    "fillingDate": "2002-03-07",
    "acceptedDate": "2002-03-07 00:00:00",
    "calendarYear": "2002",
    "period": "Q1",
    "revenue": 392974000,
    "costOfRevenue": 189177000,
    "grossProfit": 203797000,
    "grossProfitRatio": 0.5186017396,
    "researchAndDevelopmentExpenses": 104709000,
    "generalAndAdministrativeExpenses": 0,
    "sellingAndMarketingExpenses": 0,
    "sellingGeneralAndAdministrativeExpenses": 58358000,
    "otherExpenses": 14105000,
    "operatingExpenses": 177172000,
    "costAndExpenses": 366349000,
    "interestIncome": 1091000,
    "interestExpense": 13783000,
    "depreciationAndAmortization": 56633000,
    "ebitda": 83258000,
    "ebitdaratio": 0.2118664339,
    "operatingIncome": 26625000,
    "operatingIncomeRatio": 0.067752574,
    "totalOtherIncomeExpensesNet": 7667000,
    "incomeBeforeTax": 34292000,
    "incomeBeforeTaxRatio": 0.0872627706,
    "incomeTaxExpense": 9602000,
    "netIncome": 24690000,
    "netIncomeRatio": 0.0628285841,
    "eps": 0.07,
    "epsdiluted": 0.06,
    "weightedAverageShsOut": 363147000,
    "weightedAverageShsOutDil": 383471000,
    "link": "https://www.sec.gov/Archives/edgar/data/6281/000095013502001266/0000950135-02-001266-index.htm",
    "finalLink": "https://www.sec.gov/Archives/edgar/data/6281/000095013502001266/b42272ade10-q.htm"
  },
  {
    "date": "2001-11-03",
    "symbol": "ADI",
    "reportedCurrency": "USD",
    "cik": "0000006281",
    "fillingDate": "2002-01-28",
    "acceptedDate": "2002-01-28 00:00:00",
    "calendarYear": "2001",
    "period": "Q4",
    "revenue": 423313000,
    "costOfRevenue": 203432000,
    "grossProfit": 219881000,
    "grossProfitRatio": 0.519428886,
    "researchAndDevelopmentExpenses": 106054000,
    "generalAndAdministrativeExpenses": 0,
    "sellingAndMarketingExpenses": 0,
    "sellingGeneralAndAdministrativeExpenses": 57447000,
    "otherExpenses": 35337000,
    "operatingExpenses": 198838000,
    "costAndExpenses": 402270000,
    "interestIncome": 0,
    "interestExpense": 0,
    "depreciationAndAmortization": 55513000,
    "ebitda": 76556000,
    "ebitdaratio": 0.1808496314,
    "operatingIncome": 21043000,
    "operatingIncomeRatio": 0.0497102617,
    "totalOtherIncomeExpensesNet": 11664000,
    "incomeBeforeTax": 32707000,
    "incomeBeforeTaxRatio": 0.077264341,
    "incomeTaxExpense": 8506000,
    "netIncome": 24201000,
    "netIncomeRatio": 0.0571704625,
    "eps": 0.067,
    "epsdiluted": 0.063,
    "weightedAverageShsOut": 363147000,
    "weightedAverageShsOutDil": 383471000,
    "link": "https://www.sec.gov/Archives/edgar/data/6281/000095013502000307/0000950135-02-000307-index.htm",
    "finalLink": "https://www.sec.gov/Archives/edgar/data/6281/000095013502000307/b40733ade10-k.htm"
  },
  {
    "date": "2001-08-04",
    "symbol": "ADI",
    "reportedCurrency": "USD",
    "cik": "0000006281",
    "fillingDate": "2001-09-18",
    "acceptedDate": "2001-09-18 00:00:00",
    "calendarYear": "2001",
    "period": "Q3",
    "revenue": 479886000,
    "costOfRevenue": 226008000,
    "grossProfit": 253878000,
    "grossProfitRatio": 0.5290381466,
    "researchAndDevelopmentExpenses": 112101000,
    "generalAndAdministrativeExpenses": 0,
    "sellingAndMarketingExpenses": 0,
    "sellingGeneralAndAdministrativeExpenses": 66583000,
    "otherExpenses": 40163000,
    "operatingExpenses": 218847000,
    "costAndExpenses": 444855000,
    "interestIncome": 0,
    "interestExpense": 11291000,
    "depreciationAndAmortization": 53485000,
    "ebitda": 88516000,
    "ebitdaratio": 0.1844521407,
    "operatingIncome": 35031000,
    "operatingIncomeRatio": 0.0729985872,
    "totalOtherIncomeExpensesNet": 14654000,
    "incomeBeforeTax": 49685000,
    "incomeBeforeTaxRatio": 0.1035350062,
    "incomeTaxExpense": 10382000,
    "netIncome": 39303000,
    "netIncomeRatio": 0.0819007014,
    "eps": 0.11,
    "epsdiluted": 0.1,
    "weightedAverageShsOut": 359535000,
    "weightedAverageShsOutDil": 381903000,
    "link": "https://www.sec.gov/Archives/edgar/data/6281/000095013501502839/0000950135-01-502839-index.htm",
    "finalLink": "https://www.sec.gov/Archives/edgar/data/6281/000095013501502839/b40578ade10-q.txt"
  },
  {
    "date": "2001-05-05",
    "symbol": "ADI",
    "reportedCurrency": "USD",
    "cik": "0000006281",
    "fillingDate": "2001-06-18",
    "acceptedDate": "2001-06-18 00:00:00",
    "calendarYear": "2001",
    "period": "Q2",
    "revenue": 601442000,
    "costOfRevenue": 206427000,
    "grossProfit": 395015000,
    "grossProfitRatio": 0.6567798724,
    "researchAndDevelopmentExpenses": 124821000,
    "generalAndAdministrativeExpenses": 0,
    "sellingAndMarketingExpenses": 0,
    "sellingGeneralAndAdministrativeExpenses": 77563000,
    "otherExpenses": 13996000,
    "operatingExpenses": 216380000,
    "costAndExpenses": 422807000,
    "interestIncome": 0,
    "interestExpense": 0,
    "depreciationAndAmortization": 52208000,
    "ebitda": 244839000,
    "ebitdaratio": 0.4070866351,
    "operatingIncome": 126427000,
    "operatingIncomeRatio": 0.2102064704,
    "totalOtherIncomeExpensesNet": 20745000,
    "incomeBeforeTax": 147172000,
    "incomeBeforeTaxRatio": 0.2446985744,
    "incomeTaxExpense": 44676000,
    "netIncome": 102496000,
    "netIncomeRatio": 0.1704170976,
    "eps": 0.29,
    "epsdiluted": 0.27,
    "weightedAverageShsOut": 358739000,
    "weightedAverageShsOutDil": 380777000,
    "link": "https://www.sec.gov/Archives/edgar/data/6281/000095013501501682/0000950135-01-501682-index.htm",
    "finalLink": "https://www.sec.gov/Archives/edgar/data/6281/000095013501501682/b39712ade10-q.txt"
  },
  {
    "date": "2001-02-03",
    "symbol": "ADI",
    "reportedCurrency": "USD",
    "cik": "0000006281",
    "fillingDate": "2001-03-19",
    "acceptedDate": "2001-03-19 00:00:00",
    "calendarYear": "2001",
    "period": "Q1",
    "revenue": 772274000,
    "costOfRevenue": 320020000,
    "grossProfit": 452254000,
    "grossProfitRatio": 0.5856133963,
    "researchAndDevelopmentExpenses": 121710000,
    "generalAndAdministrativeExpenses": 0,
    "sellingAndMarketingExpenses": 0,
    "sellingGeneralAndAdministrativeExpenses": 85553000,
    "otherExpenses": 10306000,
    "operatingExpenses": 217569000,
    "costAndExpenses": 537589000,
    "interestIncome": 0,
    "interestExpense": 0,
    "depreciationAndAmortization": 49284000,
    "ebitda": 283969000,
    "ebitdaratio": 0.3677049855,
    "operatingIncome": 225185000,
    "operatingIncomeRatio": 0.2915869238,
    "totalOtherIncomeExpensesNet": 52495000,
    "incomeBeforeTax": 277680000,
    "incomeBeforeTaxRatio": 0.3595615028,
    "incomeTaxExpense": 87303000,
    "netIncome": 190377000,
    "netIncomeRatio": 0.246514838,
    "eps": 0.53,
    "epsdiluted": 0.5,
    "weightedAverageShsOut": 357070000,
    "weightedAverageShsOutDil": 383392000,
    "link": "https://www.sec.gov/Archives/edgar/data/6281/000095013501500349/0000950135-01-500349-index.htm",
    "finalLink": "https://www.sec.gov/Archives/edgar/data/6281/000095013501500349/b38676ade10-q.txt"
  },
  {
    "date": "2000-10-28",
    "symbol": "ADI",
    "reportedCurrency": "USD",
    "cik": "0000006281",
    "fillingDate": "2001-01-26",
    "acceptedDate": "2001-01-26 00:00:00",
    "calendarYear": "2000",
    "period": "Q4",
    "revenue": 805617000,
    "costOfRevenue": 333730000,
    "grossProfit": 471887000,
    "grossProfitRatio": 0.5857460803,
    "researchAndDevelopmentExpenses": 123423000,
    "generalAndAdministrativeExpenses": 0,
    "sellingAndMarketingExpenses": 0,
    "sellingGeneralAndAdministrativeExpenses": 80569000,
    "otherExpenses": 0,
    "operatingExpenses": 203992000,
    "costAndExpenses": 537722000,
    "interestIncome": 0,
    "interestExpense": 0,
    "depreciationAndAmortization": 46227000,
    "ebitda": 314122000,
    "ebitdaratio": 0.3899148106,
    "operatingIncome": 267895000,
    "operatingIncomeRatio": 0.332533946,
    "totalOtherIncomeExpensesNet": 17450000,
    "incomeBeforeTax": 285345000,
    "incomeBeforeTaxRatio": 0.3541943628,
    "incomeTaxExpense": 85473000,
    "netIncome": 199872000,
    "netIncomeRatio": 0.2480980416,
    "eps": 0.56,
    "epsdiluted": 0.52,
    "weightedAverageShsOut": 357070000,
    "weightedAverageShsOutDil": 383392000,
    "link": "https://www.sec.gov/Archives/edgar/data/6281/000095013501000177/0000950135-01-000177-index.htm",
    "finalLink": "https://www.sec.gov/Archives/edgar/data/6281/000095013501000177/b37980ade10-k.txt"
  },
  {
    "date": "2000-07-29",
    "symbol": "ADI",
    "reportedCurrency": "USD",
    "cik": "0000006281",
    "fillingDate": "2000-09-12",
    "acceptedDate": "2000-09-12 00:00:00",
    "calendarYear": "2000",
    "period": "Q3",
    "revenue": 700658000,
    "costOfRevenue": 300519000,
    "grossProfit": 400139000,
    "grossProfitRatio": 0.571090318,
    "researchAndDevelopmentExpenses": 103429000,
    "generalAndAdministrativeExpenses": 0,
    "sellingAndMarketingExpenses": 0,
    "sellingGeneralAndAdministrativeExpenses": 77198000,
    "otherExpenses": 0,
    "operatingExpenses": 180627000,
    "costAndExpenses": 481146000,
    "interestIncome": 0,
    "interestExpense": 0,
    "depreciationAndAmortization": 37129000,
    "ebitda": 256641000,
    "ebitdaratio": 0.3662856915,
    "operatingIncome": 219512000,
    "operatingIncomeRatio": 0.313294075,
    "totalOtherIncomeExpensesNet": 59429000,
    "incomeBeforeTax": 278941000,
    "incomeBeforeTaxRatio": 0.3981129167,
    "incomeTaxExpense": 86740000,
    "netIncome": 192201000,
    "netIncomeRatio": 0.274315001,
    "eps": 0.54,
    "epsdiluted": 0.5,
    "weightedAverageShsOut": 355018000,
    "weightedAverageShsOutDil": 383544000,
    "link": "https://www.sec.gov/Archives/edgar/data/6281/000095013500004301/0000950135-00-004301-index.htm",
    "finalLink": "https://www.sec.gov/Archives/edgar/data/6281/000095013500004301/b36691ade10-q.txt"
  },
  {
    "date": "2000-04-29",
    "symbol": "ADI",
    "reportedCurrency": "USD",
    "cik": "0000006281",
    "fillingDate": "2000-06-12",
    "acceptedDate": "2000-06-12 00:00:00",
    "calendarYear": "2000",
    "period": "Q2",
    "revenue": 580995000,
    "costOfRevenue": 257184000,
    "grossProfit": 323811000,
    "grossProfitRatio": 0.5573387034,
    "researchAndDevelopmentExpenses": 90702000,
    "generalAndAdministrativeExpenses": 0,
    "sellingAndMarketingExpenses": 0,
    "sellingGeneralAndAdministrativeExpenses": 71073000,
    "otherExpenses": 0,
    "operatingExpenses": 161775000,
    "costAndExpenses": 418959000,
    "interestIncome": 0,
    "interestExpense": 0,
    "depreciationAndAmortization": 37415000,
    "ebitda": 199451000,
    "ebitdaratio": 0.3432921109,
    "operatingIncome": 162036000,
    "operatingIncomeRatio": 0.2788939664,
    "totalOtherIncomeExpensesNet": 12324000,
    "incomeBeforeTax": 174360000,
    "incomeBeforeTaxRatio": 0.3001058529,
    "incomeTaxExpense": 52308000,
    "netIncome": 122052000,
    "netIncomeRatio": 0.210074097,
    "eps": 0.35,
    "epsdiluted": 0.32,
    "weightedAverageShsOut": 352706000,
    "weightedAverageShsOutDil": 382321000,
    "link": "https://www.sec.gov/Archives/edgar/data/6281/000095013500003171/0000950135-00-003171-index.htm",
    "finalLink": "https://www.sec.gov/Archives/edgar/data/6281/000095013500003171/0000950135-00-003171-0001.txt"
  },
  {
    "date": "2000-01-29",
    "symbol": "ADI",
    "reportedCurrency": "USD",
    "cik": "0000006281",
    "fillingDate": "2000-03-13",
    "acceptedDate": "2000-03-13 00:00:00",
    "calendarYear": "2000",
    "period": "Q1",
    "revenue": 490300000,
    "costOfRevenue": 225100000,
    "grossProfit": 265200000,
    "grossProfitRatio": 0.5408933306,
    "researchAndDevelopmentExpenses": 83000000,
    "generalAndAdministrativeExpenses": 0,
    "sellingAndMarketingExpenses": 0,
    "sellingGeneralAndAdministrativeExpenses": 64500000,
    "otherExpenses": 0,
    "operatingExpenses": 147500000,
    "costAndExpenses": 372600000,
    "interestIncome": 0,
    "interestExpense": 0,
    "depreciationAndAmortization": 35900000,
    "ebitda": 153600000,
    "ebitdaratio": 0.3132775852,
    "operatingIncome": 117700000,
    "operatingIncomeRatio": 0.2400571079,
    "totalOtherIncomeExpensesNet": 9400000,
    "incomeBeforeTax": 127100000,
    "incomeBeforeTaxRatio": 0.2592290434,
    "incomeTaxExpense": 34100000,
    "netIncome": 93000000,
    "netIncomeRatio": 0.1896797879,
    "eps": 0.27,
    "epsdiluted": 0.25,
    "weightedAverageShsOut": 349352000,
    "weightedAverageShsOutDil": 374458000,
    "link": "https://www.sec.gov/Archives/edgar/data/6281/000095013500001363/0000950135-00-001363-index.html",
    "finalLink": "https://www.sec.gov/Archives/edgar/data/6281/000095013500001363/"
  },
  {
    "date": "1999-10-30",
    "symbol": "ADI",
    "reportedCurrency": "USD",
    "cik": "0000006281",
    "fillingDate": "2000-01-28",
    "acceptedDate": "2000-01-28 00:00:00",
    "calendarYear": "1999",
    "period": "Q4",
    "revenue": 431100000,
    "costOfRevenue": 205900000,
    "grossProfit": 225200000,
    "grossProfitRatio": 0.5223845975,
    "researchAndDevelopmentExpenses": 75400000,
    "generalAndAdministrativeExpenses": 0,
    "sellingAndMarketingExpenses": 0,
    "sellingGeneralAndAdministrativeExpenses": 59700000,
    "otherExpenses": 15800000,
    "operatingExpenses": 150900000,
    "costAndExpenses": 356800000,
    "interestIncome": 0,
    "interestExpense": 0,
    "depreciationAndAmortization": 35800000,
    "ebitda": 110100000,
    "ebitdaratio": 0.2553931802,
    "operatingIncome": 90000000,
    "operatingIncomeRatio": 0.2087682672,
    "totalOtherIncomeExpensesNet": 7600000,
    "incomeBeforeTax": 97600000,
    "incomeBeforeTaxRatio": 0.2263975876,
    "incomeTaxExpense": 24400000,
    "netIncome": 73200000,
    "netIncomeRatio": 0.1697981907,
    "eps": 0.21,
    "epsdiluted": 0.2,
    "weightedAverageShsOut": 349352000,
    "weightedAverageShsOutDil": 374458000,
    "link": "https://www.sec.gov/Archives/edgar/data/6281/000095013500000300/0000950135-00-000300-index.html",
    "finalLink": "https://www.sec.gov/Archives/edgar/data/6281/000095013500000300/"
  },
  {
    "date": "1999-07-31",
    "symbol": "ADI",
    "reportedCurrency": "USD",
    "cik": "0000006281",
    "fillingDate": "1999-09-14",
    "acceptedDate": "1999-09-14 00:00:00",
    "calendarYear": "1999",
    "period": "Q3",
    "revenue": 378800000,
    "costOfRevenue": 154600000,
    "grossProfit": 224200000,
    "grossProfitRatio": 0.5918690602,
    "researchAndDevelopmentExpenses": 67100000,
    "generalAndAdministrativeExpenses": 0,
    "sellingAndMarketingExpenses": 0,
    "sellingGeneralAndAdministrativeExpenses": 54600000,
    "otherExpenses": 35900000,
    "operatingExpenses": 157600000,
    "costAndExpenses": 312200000,
    "interestIncome": 0,
    "interestExpense": 0,
    "depreciationAndAmortization": 35900000,
    "ebitda": 102500000,
    "ebitdaratio": 0.2705913411,
    "operatingIncome": 66600000,
    "operatingIncomeRatio": 0.1758183738,
    "totalOtherIncomeExpensesNet": 5200000,
    "incomeBeforeTax": 71800000,
    "incomeBeforeTaxRatio": 0.1895459345,
    "incomeTaxExpense": 17200000,
    "netIncome": 54600000,
    "netIncomeRatio": 0.1441393875,
    "eps": 0.16,
    "epsdiluted": 0.15,
    "weightedAverageShsOut": 345420000,
    "weightedAverageShsOutDil": 366960000,
    "link": "https://www.sec.gov/Archives/edgar/data/6281/000095013599004429/0000950135-99-004429-index.html",
    "finalLink": "https://www.sec.gov/Archives/edgar/data/6281/000095013599004429/"
  },
  {
    "date": "1999-05-01",
    "symbol": "ADI",
    "reportedCurrency": "USD",
    "cik": "0000006281",
    "fillingDate": "1999-06-11",
    "acceptedDate": "1999-06-11 00:00:00",
    "calendarYear": "1999",
    "period": "Q2",
    "revenue": 340067000,
    "costOfRevenue": 140700000,
    "grossProfit": 199367000,
    "grossProfitRatio": 0.5862580021,
    "researchAndDevelopmentExpenses": 61900000,
    "generalAndAdministrativeExpenses": 0,
    "sellingAndMarketingExpenses": 0,
    "sellingGeneralAndAdministrativeExpenses": 49200000,
    "otherExpenses": 35700000,
    "operatingExpenses": 146800000,
    "costAndExpenses": 287500000,
    "interestIncome": 0,
    "interestExpense": 0,
    "depreciationAndAmortization": 35700000,
    "ebitda": 88267000,
    "ebitdaratio": 0.2595576754,
    "operatingIncome": 52567000,
    "operatingIncomeRatio": 0.1545783625,
    "totalOtherIncomeExpensesNet": -1867000,
    "incomeBeforeTax": 50700000,
    "incomeBeforeTaxRatio": 0.1490882679,
    "incomeTaxExpense": 11600000,
    "netIncome": 39100000,
    "netIncomeRatio": 0.1149773427,
    "eps": 0.12,
    "epsdiluted": 0.11,
    "weightedAverageShsOut": 334024000,
    "weightedAverageShsOutDil": 361396000,
    "link": "https://www.sec.gov/Archives/edgar/data/6281/000095013599003140/0000950135-99-003140-index.html",
    "finalLink": "https://www.sec.gov/Archives/edgar/data/6281/000095013599003140/"
  },
  {
    "date": "1999-01-30",
    "symbol": "ADI",
    "reportedCurrency": "USD",
    "cik": "0000006281",
    "fillingDate": "1999-03-15",
    "acceptedDate": "1999-03-15 00:00:00",
    "calendarYear": "1999",
    "period": "Q1",
    "revenue": 300500000,
    "costOfRevenue": 127600000,
    "grossProfit": 172900000,
    "grossProfitRatio": 0.575374376,
    "researchAndDevelopmentExpenses": 52600000,
    "generalAndAdministrativeExpenses": 0,
    "sellingAndMarketingExpenses": 0,
    "sellingGeneralAndAdministrativeExpenses": 46200000,
    "otherExpenses": 35200000,
    "operatingExpenses": 134000000,
    "costAndExpenses": 261600000,
    "interestIncome": 0,
    "interestExpense": 1500000,
    "depreciationAndAmortization": 35200000,
    "ebitda": 74100000,
    "ebitdaratio": 0.2465890183,
    "operatingIncome": 38900000,
    "operatingIncomeRatio": 0.1294509151,
    "totalOtherIncomeExpensesNet": -1500000,
    "incomeBeforeTax": 37400000,
    "incomeBeforeTaxRatio": 0.1244592346,
    "incomeTaxExpense": 7500000,
    "netIncome": 29900000,
    "netIncomeRatio": 0.0995008319,
    "eps": 0.1,
    "epsdiluted": 0.09,
    "weightedAverageShsOut": 299000000,
    "weightedAverageShsOutDil": 332222222,
    "link": "https://www.sec.gov/Archives/edgar/data/6281/000095013599001356/0000950135-99-001356-index.html",
    "finalLink": "https://www.sec.gov/Archives/edgar/data/6281/"
  },
  {
    "date": "1998-10-31",
    "symbol": "ADI",
    "reportedCurrency": "USD",
    "cik": "0000006281",
    "fillingDate": "1999-01-28",
    "acceptedDate": "1999-01-28 00:00:00",
    "calendarYear": "1998",
    "period": "Q4",
    "revenue": 271800000,
    "costOfRevenue": 152000000,
    "grossProfit": 119800000,
    "grossProfitRatio": 0.4407652686,
    "researchAndDevelopmentExpenses": 53100000,
    "generalAndAdministrativeExpenses": 0,
    "sellingAndMarketingExpenses": 0,
    "sellingGeneralAndAdministrativeExpenses": 46600000,
    "otherExpenses": -16900000,
    "operatingExpenses": 82800000,
    "costAndExpenses": 234800000,
    "interestIncome": 0,
    "interestExpense": 0,
    "depreciationAndAmortization": 34300000,
    "ebitda": 71300000,
    "ebitdaratio": 0.2623252391,
    "operatingIncome": 20100000,
    "operatingIncomeRatio": 0.0739514349,
    "totalOtherIncomeExpensesNet": 117170000,
    "incomeBeforeTax": 137270000,
    "incomeBeforeTaxRatio": 0.5050404709,
    "incomeTaxExpense": 200000,
    "netIncome": -19100000,
    "netIncomeRatio": -0.070272259,
    "eps": -0.0598,
    "epsdiluted": -0.054,
    "weightedAverageShsOut": 319144000,
    "weightedAverageShsOutDil": 353714000,
    "link": "https://www.sec.gov/Archives/edgar/data/6281/000095013599000361/0000950135-99-000361-index.html",
    "finalLink": "https://www.sec.gov/Archives/edgar/data/6281/"
  },
  {
    "date": "1998-08-01",
    "symbol": "ADI",
    "reportedCurrency": "USD",
    "cik": "0000006281",
    "fillingDate": "1998-09-15",
    "acceptedDate": "1998-09-15 00:00:00",
    "calendarYear": "1998",
    "period": "Q3",
    "revenue": 295700000,
    "costOfRevenue": 129500000,
    "grossProfit": 166200000,
    "grossProfitRatio": 0.562056138,
    "researchAndDevelopmentExpenses": 55100000,
    "generalAndAdministrativeExpenses": 0,
    "sellingAndMarketingExpenses": 0,
    "sellingGeneralAndAdministrativeExpenses": 48200000,
    "otherExpenses": 32300000,
    "operatingExpenses": 135600000,
    "costAndExpenses": 265100000,
    "interestIncome": 0,
    "interestExpense": 2700000,
    "depreciationAndAmortization": 32300000,
    "ebitda": 62900000,
    "ebitdaratio": 0.2127155901,
    "operatingIncome": 30600000,
    "operatingIncomeRatio": 0.1034832601,
    "totalOtherIncomeExpensesNet": -19800000,
    "incomeBeforeTax": 10800000,
    "incomeBeforeTaxRatio": 0.0365235036,
    "incomeTaxExpense": 1700000,
    "netIncome": 9100000,
    "netIncomeRatio": 0.0307744335,
    "eps": 0.03,
    "epsdiluted": 0.03,
    "weightedAverageShsOut": 303333333,
    "weightedAverageShsOutDil": 303333333,
    "link": "https://www.sec.gov/Archives/edgar/data/6281/000095013598005108/0000950135-98-005108-index.html",
    "finalLink": "https://www.sec.gov/Archives/edgar/data/6281/"
  },
  {
    "date": "1998-05-02",
    "symbol": "ADI",
    "reportedCurrency": "USD",
    "cik": "0000006281",
    "fillingDate": "1998-06-16",
    "acceptedDate": "1998-06-16 00:00:00",
    "calendarYear": "1998",
    "period": "Q2",
    "revenue": 319400000,
    "costOfRevenue": 129700000,
    "grossProfit": 189700000,
    "grossProfitRatio": 0.5939261115,
    "researchAndDevelopmentExpenses": 56200000,
    "generalAndAdministrativeExpenses": 0,
    "sellingAndMarketingExpenses": 0,
    "sellingGeneralAndAdministrativeExpenses": 57000000,
    "otherExpenses": 31300000,
    "operatingExpenses": 144500000,
    "costAndExpenses": 274200000,
    "interestIncome": 0,
    "interestExpense": 0,
    "depreciationAndAmortization": 31300000,
    "ebitda": 76500000,
    "ebitdaratio": 0.2395115842,
    "operatingIncome": 45200000,
    "operatingIncomeRatio": 0.1415153413,
    "totalOtherIncomeExpensesNet": 11500000,
    "incomeBeforeTax": 56700000,
    "incomeBeforeTaxRatio": 0.1775203507,
    "incomeTaxExpense": 12900000,
    "netIncome": 43800000,
    "netIncomeRatio": 0.1371321227,
    "eps": 0.14,
    "epsdiluted": 0.13,
    "weightedAverageShsOut": 312857143,
    "weightedAverageShsOutDil": 336923077,
    "link": "https://www.sec.gov/Archives/edgar/data/6281/000095013598003866/0000950135-98-003866-index.html",
    "finalLink": "https://www.sec.gov/Archives/edgar/data/6281/"
  },
  {
    "date": "1998-01-31",
    "symbol": "ADI",
    "reportedCurrency": "USD",
    "cik": "0000006281",
    "fillingDate": "1998-03-16",
    "acceptedDate": "1998-03-16 00:00:00",
    "calendarYear": "1998",
    "period": "Q1",
    "revenue": 317800000,
    "costOfRevenue": 124600000,
    "grossProfit": 193200000,
    "grossProfitRatio": 0.6079295154,
    "researchAndDevelopmentExpenses": 55000000,
    "generalAndAdministrativeExpenses": 0,
    "sellingAndMarketingExpenses": 0,
    "sellingGeneralAndAdministrativeExpenses": 55600000,
    "otherExpenses": 29700000,
    "operatingExpenses": 140300000,
    "costAndExpenses": 264900000,
    "interestIncome": 0,
    "interestExpense": 0,
    "depreciationAndAmortization": 29700000,
    "ebitda": 82600000,
    "ebitdaratio": 0.2599118943,
    "operatingIncome": 52900000,
    "operatingIncomeRatio": 0.1664568911,
    "totalOtherIncomeExpensesNet": -800000,
    "incomeBeforeTax": 52100000,
    "incomeBeforeTaxRatio": 0.1639395846,
    "incomeTaxExpense": 11800000,
    "netIncome": 3200000,
    "netIncomeRatio": 0.0100692259,
    "eps": 0.01,
    "epsdiluted": 0.01,
    "weightedAverageShsOut": 320000000,
    "weightedAverageShsOutDil": 320000000,
    "link": "https://www.sec.gov/Archives/edgar/data/6281/000095013598001584/0000950135-98-001584-index.html",
    "finalLink": "https://www.sec.gov/Archives/edgar/data/6281/"
  },
  {
    "date": "1997-11-01",
    "symbol": "ADI",
    "reportedCurrency": "USD",
    "cik": "0000006281",
    "fillingDate": "1998-01-28",
    "acceptedDate": "1998-01-28 00:00:00",
    "calendarYear": "1997",
    "period": "Q4",
    "revenue": 332500000,
    "costOfRevenue": 164300000,
    "grossProfit": 168200000,
    "grossProfitRatio": 0.5058646617,
    "researchAndDevelopmentExpenses": 52700000,
    "generalAndAdministrativeExpenses": 0,
    "sellingAndMarketingExpenses": 0,
    "sellingGeneralAndAdministrativeExpenses": 50700000,
    "otherExpenses": 100000,
    "operatingExpenses": 103500000,
    "costAndExpenses": 267800000,
    "interestIncome": 0,
    "interestExpense": 0,
    "depreciationAndAmortization": 28000000,
    "ebitda": 92700000,
    "ebitdaratio": 0.2787969925,
    "operatingIncome": 64700000,
    "operatingIncomeRatio": 0.1945864662,
    "totalOtherIncomeExpensesNet": 1500000,
    "incomeBeforeTax": 66200000,
    "incomeBeforeTaxRatio": 0.1990977444,
    "incomeTaxExpense": 15300000,
    "netIncome": 50900000,
    "netIncomeRatio": 0.1530827068,
    "eps": 0.16,
    "epsdiluted": 0.14,
    "weightedAverageShsOut": 322046000,
    "weightedAverageShsOutDil": 356292000,
    "link": "https://www.sec.gov/Archives/edgar/data/6281/000095013598000301/0000950135-98-000301-index.html",
    "finalLink": "https://www.sec.gov/Archives/edgar/data/6281/"
  },
  {
    "date": "1997-08-02",
    "symbol": "ADI",
    "reportedCurrency": "USD",
    "cik": "0000006281",
    "fillingDate": "1997-09-11",
    "acceptedDate": "1997-09-11 00:00:00",
    "calendarYear": "1997",
    "period": "Q3",
    "revenue": 318100000,
    "costOfRevenue": 158800000,
    "grossProfit": 159300000,
    "grossProfitRatio": 0.5007859164,
    "researchAndDevelopmentExpenses": 49900000,
    "generalAndAdministrativeExpenses": 0,
    "sellingAndMarketingExpenses": 0,
    "sellingGeneralAndAdministrativeExpenses": 48900000,
    "otherExpenses": 0,
    "operatingExpenses": 98800000,
    "costAndExpenses": 257600000,
    "interestIncome": 0,
    "interestExpense": 0,
    "depreciationAndAmortization": 27000000,
    "ebitda": 87500000,
    "ebitdaratio": 0.2750707325,
    "operatingIncome": 60500000,
    "operatingIncomeRatio": 0.1901917636,
    "totalOtherIncomeExpensesNet": 800000,
    "incomeBeforeTax": 61300000,
    "incomeBeforeTaxRatio": 0.192706696,
    "incomeTaxExpense": 15300000,
    "netIncome": 46000000,
    "netIncomeRatio": 0.1446086136,
    "eps": 0.14,
    "epsdiluted": 0.13,
    "weightedAverageShsOut": 355546000,
    "weightedAverageShsOutDil": 355546000,
    "link": "https://www.sec.gov/Archives/edgar/data/6281/000095013597003810/0000950135-97-003810-index.html",
    "finalLink": "https://www.sec.gov/Archives/edgar/data/6281/"
  },
  {
    "date": "1997-05-03",
    "symbol": "ADI",
    "reportedCurrency": "USD",
    "cik": "0000006281",
    "fillingDate": "1997-06-17",
    "acceptedDate": "1997-06-17 00:00:00",
    "calendarYear": "1997",
    "period": "Q2",
    "revenue": 300800000,
    "costOfRevenue": 150500000,
    "grossProfit": 150300000,
    "grossProfitRatio": 0.4996675532,
    "researchAndDevelopmentExpenses": 47800000,
    "generalAndAdministrativeExpenses": 0,
    "sellingAndMarketingExpenses": 0,
    "sellingGeneralAndAdministrativeExpenses": 46900000,
    "otherExpenses": 0,
    "operatingExpenses": 94700000,
    "costAndExpenses": 245200000,
    "interestIncome": 0,
    "interestExpense": 0,
    "depreciationAndAmortization": 24800000,
    "ebitda": 80400000,
    "ebitdaratio": 0.267287234,
    "operatingIncome": 55600000,
    "operatingIncomeRatio": 0.1848404255,
    "totalOtherIncomeExpensesNet": 600000,
    "incomeBeforeTax": 56200000,
    "incomeBeforeTaxRatio": 0.1868351064,
    "incomeTaxExpense": 14100000,
    "netIncome": 42100000,
    "netIncomeRatio": 0.1399601064,
    "eps": 0.13,
    "epsdiluted": 0.12,
    "weightedAverageShsOut": 353442000,
    "weightedAverageShsOutDil": 353442000,
    "link": "https://www.sec.gov/Archives/edgar/data/6281/000095013597002722/0000950135-97-002722-index.html",
    "finalLink": "https://www.sec.gov/Archives/edgar/data/6281/"
  },
  {
    "date": "1997-02-01",
    "symbol": "ADI",
    "reportedCurrency": "USD",
    "cik": "0000006281",
    "fillingDate": "1997-03-17",
    "acceptedDate": "1997-03-17 00:00:00",
    "calendarYear": "1997",
    "period": "Q1",
    "revenue": 292100000,
    "costOfRevenue": 148600000,
    "grossProfit": 143500000,
    "grossProfitRatio": 0.491270113,
    "researchAndDevelopmentExpenses": 45700000,
    "generalAndAdministrativeExpenses": 0,
    "sellingAndMarketingExpenses": 0,
    "sellingGeneralAndAdministrativeExpenses": 45100000,
    "otherExpenses": 0,
    "operatingExpenses": 90800000,
    "costAndExpenses": 239400000,
    "interestIncome": 0,
    "interestExpense": 400000,
    "depreciationAndAmortization": 23800000,
    "ebitda": 76500000,
    "ebitdaratio": 0.2618966107,
    "operatingIncome": 52600000,
    "operatingIncomeRatio": 0.1800753167,
    "totalOtherIncomeExpensesNet": -400000,
    "incomeBeforeTax": 52200000,
    "incomeBeforeTaxRatio": 0.1787059226,
    "incomeTaxExpense": 13000000,
    "netIncome": 39200000,
    "netIncomeRatio": 0.1342006162,
    "eps": 0.11,
    "epsdiluted": 0.1,
    "weightedAverageShsOut": 469200000,
    "weightedAverageShsOutDil": 469200000,
    "link": "https://www.sec.gov/Archives/edgar/data/6281/000095013597001231/0000950135-97-001231-index.html",
    "finalLink": "https://www.sec.gov/Archives/edgar/data/6281/"
  },
  {
    "date": "1996-11-02",
    "symbol": "ADI",
    "reportedCurrency": "USD",
    "cik": "0000006281",
    "fillingDate": "1997-01-29",
    "acceptedDate": "1997-01-29 00:00:00",
    "calendarYear": "1996",
    "period": "Q4",
    "revenue": 304700000,
    "costOfRevenue": 152100000,
    "grossProfit": 152600000,
    "grossProfitRatio": 0.5008204792,
    "researchAndDevelopmentExpenses": 46500000,
    "generalAndAdministrativeExpenses": 0,
    "sellingAndMarketingExpenses": 0,
    "sellingGeneralAndAdministrativeExpenses": 48400000,
    "otherExpenses": 200000,
    "operatingExpenses": 95100000,
    "costAndExpenses": 247200000,
    "interestIncome": 0,
    "interestExpense": 0,
    "depreciationAndAmortization": 24400000,
    "ebitda": 81900000,
    "ebitdaratio": 0.2687889728,
    "operatingIncome": 57500000,
    "operatingIncomeRatio": 0.1887102068,
    "totalOtherIncomeExpensesNet": 400000,
    "incomeBeforeTax": 57900000,
    "incomeBeforeTaxRatio": 0.1900229734,
    "incomeTaxExpense": 13900000,
    "netIncome": 44000000,
    "netIncomeRatio": 0.1444043321,
    "eps": 0.094,
    "epsdiluted": 0.13,
    "weightedAverageShsOut": 333750000,
    "weightedAverageShsOutDil": 333750000,
    "link": "https://www.sec.gov/Archives/edgar/data/6281/000095013597000278/0000950135-97-000278-index.html",
    "finalLink": "https://www.sec.gov/Archives/edgar/data/6281/"
  },
  {
    "date": "1996-08-03",
    "symbol": "ADI",
    "reportedCurrency": "USD",
    "cik": "0000006281",
    "fillingDate": "1996-09-17",
    "acceptedDate": "1996-09-17 00:00:00",
    "calendarYear": "1996",
    "period": "Q3",
    "revenue": 305000000,
    "costOfRevenue": 130000000,
    "grossProfit": 175000000,
    "grossProfitRatio": 0.5737704918,
    "researchAndDevelopmentExpenses": 45600000,
    "generalAndAdministrativeExpenses": 0,
    "sellingAndMarketingExpenses": 0,
    "sellingGeneralAndAdministrativeExpenses": 48600000,
    "otherExpenses": 22300000,
    "operatingExpenses": 116500000,
    "costAndExpenses": 246500000,
    "interestIncome": 0,
    "interestExpense": 0,
    "depreciationAndAmortization": 22300000,
    "ebitda": 80800000,
    "ebitdaratio": 0.2649180328,
    "operatingIncome": 58500000,
    "operatingIncomeRatio": 0.1918032787,
    "totalOtherIncomeExpensesNet": 700000,
    "incomeBeforeTax": 59200000,
    "incomeBeforeTaxRatio": 0.1940983607,
    "incomeTaxExpense": 15400000,
    "netIncome": 43800000,
    "netIncomeRatio": 0.1436065574,
    "eps": 0.13,
    "epsdiluted": 0.13,
    "weightedAverageShsOut": 336923077,
    "weightedAverageShsOutDil": 336923077,
    "link": "https://www.sec.gov/Archives/edgar/data/6281/000095013596004009/0000950135-96-004009-index.html",
    "finalLink": "https://www.sec.gov/Archives/edgar/data/6281/"
  },
  {
    "date": "1996-05-04",
    "symbol": "ADI",
    "reportedCurrency": "USD",
    "cik": "0000006281",
    "fillingDate": "1996-06-18",
    "acceptedDate": "1996-06-18 00:00:00",
    "calendarYear": "1996",
    "period": "Q2",
    "revenue": 303300000,
    "costOfRevenue": 130600000,
    "grossProfit": 172700000,
    "grossProfitRatio": 0.5694032311,
    "researchAndDevelopmentExpenses": 44800000,
    "generalAndAdministrativeExpenses": 0,
    "sellingAndMarketingExpenses": 0,
    "sellingGeneralAndAdministrativeExpenses": 50000000,
    "otherExpenses": 19800000,
    "operatingExpenses": 114600000,
    "costAndExpenses": 245200000,
    "interestIncome": 0,
    "interestExpense": 0,
    "depreciationAndAmortization": 19800000,
    "ebitda": 77900000,
    "ebitdaratio": 0.2568414111,
    "operatingIncome": 58100000,
    "operatingIncomeRatio": 0.191559512,
    "totalOtherIncomeExpensesNet": 1400000,
    "incomeBeforeTax": 59500000,
    "incomeBeforeTaxRatio": 0.1961754039,
    "incomeTaxExpense": 15500000,
    "netIncome": 44000000,
    "netIncomeRatio": 0.1450708869,
    "eps": 0.13,
    "epsdiluted": 0.13,
    "weightedAverageShsOut": 338461538,
    "weightedAverageShsOutDil": 338461538,
    "link": "https://www.sec.gov/Archives/edgar/data/6281/000095013596002682/0000950135-96-002682-index.html",
    "finalLink": "https://www.sec.gov/Archives/edgar/data/6281/"
  },
  {
    "date": "1996-02-03",
    "symbol": "ADI",
    "reportedCurrency": "USD",
    "cik": "0000006281",
    "fillingDate": "1996-03-19",
    "acceptedDate": "1996-03-19 00:00:00",
    "calendarYear": "1996",
    "period": "Q1",
    "revenue": 280800000,
    "costOfRevenue": 138200000,
    "grossProfit": 142600000,
    "grossProfitRatio": 0.5078347578,
    "researchAndDevelopmentExpenses": 40900000,
    "generalAndAdministrativeExpenses": 0,
    "sellingAndMarketingExpenses": 0,
    "sellingGeneralAndAdministrativeExpenses": 48800000,
    "otherExpenses": 0,
    "operatingExpenses": 89700000,
    "costAndExpenses": 227900000,
    "interestIncome": 0,
    "interestExpense": 0,
    "depreciationAndAmortization": 17300000,
    "ebitda": 70200000,
    "ebitdaratio": 0.25,
    "operatingIncome": 52900000,
    "operatingIncomeRatio": 0.1883903134,
    "totalOtherIncomeExpensesNet": 1300000,
    "incomeBeforeTax": 54200000,
    "incomeBeforeTaxRatio": 0.193019943,
    "incomeTaxExpense": 14100000,
    "netIncome": 40100000,
    "netIncomeRatio": 0.1428062678,
    "eps": 0.13,
    "epsdiluted": 0.13,
    "weightedAverageShsOut": 496491000,
    "weightedAverageShsOutDil": 496491000,
    "link": "https://www.sec.gov/Archives/edgar/data/6281/000095013596001405/0000950135-96-001405-index.html",
    "finalLink": "https://www.sec.gov/Archives/edgar/data/6281/"
  },
  {
    "date": "1995-10-28",
    "symbol": "ADI",
    "reportedCurrency": "USD",
    "cik": "0000006281",
    "fillingDate": "1996-01-26",
    "acceptedDate": "1996-01-26 00:00:00",
    "calendarYear": "1995",
    "period": "Q4",
    "revenue": 257100000,
    "costOfRevenue": 126600000,
    "grossProfit": 130500000,
    "grossProfitRatio": 0.5075845974,
    "researchAndDevelopmentExpenses": 35700000,
    "generalAndAdministrativeExpenses": 0,
    "sellingAndMarketingExpenses": 0,
    "sellingGeneralAndAdministrativeExpenses": 48300000,
    "otherExpenses": -325000,
    "operatingExpenses": 83675000,
    "costAndExpenses": 210275000,
    "interestIncome": 0,
    "interestExpense": 0,
    "depreciationAndAmortization": 17000000,
    "ebitda": 63825000,
    "ebitdaratio": 0.2482497083,
    "operatingIncome": 46600000,
    "operatingIncomeRatio": 0.181252431,
    "totalOtherIncomeExpensesNet": 1000000,
    "incomeBeforeTax": 47600000,
    "incomeBeforeTaxRatio": 0.1851419681,
    "incomeTaxExpense": 12500000,
    "netIncome": 35200000,
    "netIncomeRatio": 0.1369117075,
    "eps": 0.071,
    "epsdiluted": 0.071,
    "weightedAverageShsOut": 496491000,
    "weightedAverageShsOutDil": 496491000,
    "link": "https://www.sec.gov/Archives/edgar/data/6281/000095013596000224/0000950135-96-000224-index.html",
    "finalLink": "https://www.sec.gov/Archives/edgar/data/6281/"
  }
]