[
  {
    "date": "2024-11-02",
    "symbol": "ADI",
    "reportedCurrency": "USD",
    "cik": "0000006281",
    "fillingDate": "2024-11-26",
    "acceptedDate": "2024-11-26 16:01:53",
    "calendarYear": "2024",
    "period": "FY",
    "revenue": 9427157000,
    "costOfRevenue": 4045814000,
    "grossProfit": 5381343000,
    "grossProfitRatio": 0.5708341338,
    "researchAndDevelopmentExpenses": 1487863000,
    "generalAndAdministrativeExpenses": 0,
    "sellingAndMarketingExpenses": 0,
    "sellingGeneralAndAdministrativeExpenses": 1075308000,
    "otherExpenses": 785374000,
    "operatingExpenses": 3348545000,
    "costAndExpenses": 7394359000,
    "interestIncome": 78817000,
    "interestExpense": 322227000,
    "depreciationAndAmortization": 2104316000,
    "ebitda": 4203883000,
    "ebitdaratio": 0.4459332755,
    "operatingIncome": 2032798000,
    "operatingIncomeRatio": 0.215632136,
    "totalOtherIncomeExpensesNet": -255458000,
    "incomeBeforeTax": 1777340000,
    "incomeBeforeTaxRatio": 0.1885340405,
    "incomeTaxExpense": 142067000,
    "netIncome": 1635273000,
    "netIncomeRatio": 0.1734640677,
    "eps": 3.3,
    "epsdiluted": 3.28,
    "weightedAverageShsOut": 496166000,
    "weightedAverageShsOutDil": 498697000,
    "link": "https://www.sec.gov/Archives/edgar/data/6281/000000628124000204/0000006281-24-000204-index.htm",
    "finalLink": "https://www.sec.gov/Archives/edgar/data/6281/000000628124000204/adi-20241102.htm"
  },
  {
    "date": "2023-10-28",
    "symbol": "ADI",
    "reportedCurrency": "USD",
    "cik": "0000006281",
    "fillingDate": "2023-11-21",
    "acceptedDate": "2023-11-21 16:24:08",
    "calendarYear": "2023",
    "period": "FY",
    "revenue": 12305539000,
    "costOfRevenue": 4428321000,
    "grossProfit": 7877218000,
    "grossProfitRatio": 0.6401359583,
    "researchAndDevelopmentExpenses": 1660194000,
    "generalAndAdministrativeExpenses": 0,
    "sellingAndMarketingExpenses": 0,
    "sellingGeneralAndAdministrativeExpenses": 1278462000,
    "otherExpenses": 1115450000,
    "operatingExpenses": 4054106000,
    "costAndExpenses": 8482427000,
    "interestIncome": 41287000,
    "interestExpense": 264641000,
    "depreciationAndAmortization": 2293103000,
    "ebitda": 6165747000,
    "ebitdaratio": 0.5010546064,
    "operatingIncome": 3823112000,
    "operatingIncomeRatio": 0.3106822058,
    "totalOtherIncomeExpensesNet": -215109000,
    "incomeBeforeTax": 3608003000,
    "incomeBeforeTaxRatio": 0.2932015412,
    "incomeTaxExpense": 293424000,
    "netIncome": 3314579000,
    "netIncomeRatio": 0.2693566694,
    "eps": 6.6,
    "epsdiluted": 6.55,
    "weightedAverageShsOut": 502232000,
    "weightedAverageShsOutDil": 505959000,
    "link": "https://www.sec.gov/Archives/edgar/data/6281/000000628123000203/0000006281-23-000203-index.htm",
    "finalLink": "https://www.sec.gov/Archives/edgar/data/6281/000000628123000203/adi-20231028.htm"
  },
  {
    "date": "2022-10-29",
    "symbol": "ADI",
    "reportedCurrency": "USD",
    "cik": "0000006281",
    "fillingDate": "2022-11-22",
    "acceptedDate": "2022-11-22 16:02:20",
    "calendarYear": "2022",
    "period": "FY",
    "revenue": 12013953000,
    "costOfRevenue": 4210083000,
    "grossProfit": 7803870000,
    "grossProfitRatio": 0.6495672157,
    "researchAndDevelopmentExpenses": 1700518000,
    "generalAndAdministrativeExpenses": 0,
    "sellingAndMarketingExpenses": 0,
    "sellingGeneralAndAdministrativeExpenses": 1270047000,
    "otherExpenses": 1554605000,
    "operatingExpenses": 4525170000,
    "costAndExpenses": 8735253000,
    "interestIncome": 6906000,
    "interestExpense": 200408000,
    "depreciationAndAmortization": 2297499000,
    "ebitda": 5596656000,
    "ebitdaratio": 0.4658463372,
    "operatingIncome": 3278700000,
    "operatingIncomeRatio": 0.2729076766,
    "totalOtherIncomeExpensesNet": -179951000,
    "incomeBeforeTax": 3098749000,
    "incomeBeforeTaxRatio": 0.2579291762,
    "incomeTaxExpense": 350188000,
    "netIncome": 2748561000,
    "netIncomeRatio": 0.2287807352,
    "eps": 5.29,
    "epsdiluted": 5.25,
    "weightedAverageShsOut": 519226000,
    "weightedAverageShsOutDil": 523178000,
    "link": "https://www.sec.gov/Archives/edgar/data/6281/000000628122000250/0000006281-22-000250-index.htm",
    "finalLink": "https://www.sec.gov/Archives/edgar/data/6281/000000628122000250/adi-20221029.htm"
  },
  {
    "date": "2021-10-30",
    "symbol": "ADI",
    "reportedCurrency": "USD",
    "cik": "0000006281",
    "fillingDate": "2021-12-03",
    "acceptedDate": "2021-12-03 16:02:52",
    "calendarYear": "2021",
    "period": "FY",
    "revenue": 7318286000,
    "costOfRevenue": 2462191000,
    "grossProfit": 4856095000,
    "grossProfitRatio": 0.66355633,
    "researchAndDevelopmentExpenses": 1296126000,
    "generalAndAdministrativeExpenses": 0,
    "sellingAndMarketingExpenses": 0,
    "sellingGeneralAndAdministrativeExpenses": 918697000,
    "otherExpenses": 949071000,
    "operatingExpenses": 3163894000,
    "costAndExpenses": 5626085000,
    "interestIncome": 1220000,
    "interestExpense": 184825000,
    "depreciationAndAmortization": 1074634000,
    "ebitda": 2588173000,
    "ebitdaratio": 0.3536583566,
    "operatingIncome": 1692201000,
    "operatingIncomeRatio": 0.231229143,
    "totalOtherIncomeExpensesNet": -363487000,
    "incomeBeforeTax": 1328714000,
    "incomeBeforeTaxRatio": 0.181560819,
    "incomeTaxExpense": -61708000,
    "netIncome": 1390422000,
    "netIncomeRatio": 0.1899928481,
    "eps": 3.5,
    "epsdiluted": 3.46,
    "weightedAverageShsOut": 397462000,
    "weightedAverageShsOutDil": 401288000,
    "link": "https://www.sec.gov/Archives/edgar/data/6281/000000628121000294/0000006281-21-000294-index.htm",
    "finalLink": "https://www.sec.gov/Archives/edgar/data/6281/000000628121000294/adi-20211030.htm"
  },
  {
    "date": "2020-10-31",
    "symbol": "ADI",
    "reportedCurrency": "USD",
    "cik": "0000006281",
    "fillingDate": "2020-11-24",
    "acceptedDate": "2020-11-24 08:08:16",
    "calendarYear": "2020",
    "period": "FY",
    "revenue": 5603056000,
    "costOfRevenue": 1912578000,
    "grossProfit": 3690478000,
    "grossProfitRatio": 0.6586544914,
    "researchAndDevelopmentExpenses": 1050519000,
    "generalAndAdministrativeExpenses": 0,
    "sellingAndMarketingExpenses": 0,
    "sellingGeneralAndAdministrativeExpenses": 660924000,
    "otherExpenses": 480791000,
    "operatingExpenses": 2192234000,
    "costAndExpenses": 4104812000,
    "interestIncome": 4305000,
    "interestExpense": 193305000,
    "depreciationAndAmortization": 810923000,
    "ebitda": 2315845000,
    "ebitdaratio": 0.4133181964,
    "operatingIncome": 1498244000,
    "operatingIncomeRatio": 0.2673976487,
    "totalOtherIncomeExpensesNet": -186627000,
    "incomeBeforeTax": 1311617000,
    "incomeBeforeTaxRatio": 0.2340895754,
    "incomeTaxExpense": 90856000,
    "netIncome": 1220761000,
    "netIncomeRatio": 0.2178741387,
    "eps": 3.31,
    "epsdiluted": 3.28,
    "weightedAverageShsOut": 368633000,
    "weightedAverageShsOutDil": 371973000,
    "link": "https://www.sec.gov/Archives/edgar/data/6281/000000628120000156/0000006281-20-000156-index.htm",
    "finalLink": "https://www.sec.gov/Archives/edgar/data/6281/000000628120000156/adi-20201031.htm"
  },
  {
    "date": "2019-11-02",
    "symbol": "ADI",
    "reportedCurrency": "USD",
    "cik": "0000006281",
    "fillingDate": "2019-11-26",
    "acceptedDate": "2019-11-26 16:26:04",
    "calendarYear": "2019",
    "period": "FY",
    "revenue": 5991065000,
    "costOfRevenue": 1977315000,
    "grossProfit": 4013750000,
    "grossProfitRatio": 0.6699560095,
    "researchAndDevelopmentExpenses": 1130348000,
    "generalAndAdministrativeExpenses": 0,
    "sellingAndMarketingExpenses": 0,
    "sellingGeneralAndAdministrativeExpenses": 647897000,
    "otherExpenses": 524897000,
    "operatingExpenses": 2303142000,
    "costAndExpenses": 4280457000,
    "interestIncome": 10229000,
    "interestExpense": 229075000,
    "depreciationAndAmortization": 811251000,
    "ebitda": 2526054000,
    "ebitdaratio": 0.4216368876,
    "operatingIncome": 1710608000,
    "operatingIncomeRatio": 0.2855265299,
    "totalOtherIncomeExpensesNet": -224880000,
    "incomeBeforeTax": 1485728000,
    "incomeBeforeTaxRatio": 0.2479906327,
    "incomeTaxExpense": 122717000,
    "netIncome": 1363011000,
    "netIncomeRatio": 0.2275072963,
    "eps": 3.69,
    "epsdiluted": 3.66,
    "weightedAverageShsOut": 369133000,
    "weightedAverageShsOutDil": 372871000,
    "link": "https://www.sec.gov/Archives/edgar/data/6281/000000628119000144/0000006281-19-000144-index.htm",
    "finalLink": "https://www.sec.gov/Archives/edgar/data/6281/000000628119000144/adi-20191102.htm"
  },
  {
    "date": "2018-11-03",
    "symbol": "ADI",
    "reportedCurrency": "USD",
    "cik": "0000006281",
    "fillingDate": "2018-11-27",
    "acceptedDate": "2018-11-27 08:17:08",
    "calendarYear": "2018",
    "period": "FY",
    "revenue": 6224689000,
    "costOfRevenue": 1974293000,
    "grossProfit": 4250395999,
    "grossProfitRatio": 0.682828652,
    "researchAndDevelopmentExpenses": 1165047000,
    "generalAndAdministrativeExpenses": 0,
    "sellingAndMarketingExpenses": 0,
    "sellingGeneralAndAdministrativeExpenses": 696597000,
    "otherExpenses": 489163000,
    "operatingExpenses": 2350807000,
    "costAndExpenses": 4325100000,
    "interestIncome": 9383000,
    "interestExpense": 253589000,
    "depreciationAndAmortization": 799063000,
    "ebitda": 2707966000,
    "ebitdaratio": 0.4350363528,
    "operatingIncome": 1899589000,
    "operatingIncomeRatio": 0.3051701057,
    "totalOtherIncomeExpensesNet": -244275000,
    "incomeBeforeTax": 1655314000,
    "incomeBeforeTaxRatio": 0.2659271813,
    "incomeTaxExpense": 148334000,
    "netIncome": 1506980000,
    "netIncomeRatio": 0.2420972357,
    "eps": 4.04,
    "epsdiluted": 3.99,
    "weightedAverageShsOut": 370430000,
    "weightedAverageShsOutDil": 374938000,
    "link": "https://www.sec.gov/Archives/edgar/data/6281/000000628118000126/0000006281-18-000126-index.htm",
    "finalLink": "https://www.sec.gov/Archives/edgar/data/6281/000000628118000126/adi-1132018x10k.htm"
  },
  {
    "date": "2017-10-28",
    "symbol": "ADI",
    "reportedCurrency": "USD",
    "cik": "0000006281",
    "fillingDate": "2017-11-22",
    "acceptedDate": "2017-11-22 16:09:02",
    "calendarYear": "2017",
    "period": "FY",
    "revenue": 5246354000,
    "costOfRevenue": 1719395000,
    "grossProfit": 3526959000,
    "grossProfitRatio": 0.6722685888,
    "researchAndDevelopmentExpenses": 968133000,
    "generalAndAdministrativeExpenses": 0,
    "sellingAndMarketingExpenses": 0,
    "sellingGeneralAndAdministrativeExpenses": 644398000,
    "otherExpenses": 751667000,
    "operatingExpenses": 2364198000,
    "costAndExpenses": 4083593000,
    "interestIncome": 30333000,
    "interestExpense": 250840000,
    "depreciationAndAmortization": 584059000,
    "ebitda": 1769646000,
    "ebitdaratio": 0.3373096821,
    "operatingIncome": 1162761000,
    "operatingIncomeRatio": 0.221632204,
    "totalOtherIncomeExpensesNet": -228014000,
    "incomeBeforeTax": 934747000,
    "incomeBeforeTaxRatio": 0.178170783,
    "incomeTaxExpense": 129368000,
    "netIncome": 805379000,
    "netIncomeRatio": 0.1535121343,
    "eps": 2.32,
    "epsdiluted": 2.29,
    "weightedAverageShsOut": 346371000,
    "weightedAverageShsOutDil": 350484000,
    "link": "https://www.sec.gov/Archives/edgar/data/6281/000000628117000144/0000006281-17-000144-index.htm",
    "finalLink": "https://www.sec.gov/Archives/edgar/data/6281/000000628117000144/adi-10282017x10k.htm"
  },
  {
    "date": "2016-10-29",
    "symbol": "ADI",
    "reportedCurrency": "USD",
    "cik": "0000006281",
    "fillingDate": "2016-11-22",
    "acceptedDate": "2016-11-22 08:18:52",
    "calendarYear": "2016",
    "period": "FY",
    "revenue": 3421409000,
    "costOfRevenue": 1194236000,
    "grossProfit": 2227173000,
    "grossProfitRatio": 0.6509519908,
    "researchAndDevelopmentExpenses": 653816000,
    "generalAndAdministrativeExpenses": 0,
    "sellingAndMarketingExpenses": 0,
    "sellingGeneralAndAdministrativeExpenses": 461438000,
    "otherExpenses": 83807000,
    "operatingExpenses": 1199061000,
    "costAndExpenses": 2393297000,
    "interestIncome": 21221000,
    "interestExpense": 88757000,
    "depreciationAndAmortization": 209790000,
    "ebitda": 1255468000,
    "ebitdaratio": 0.3669447295,
    "operatingIncome": 1028112000,
    "operatingIncomeRatio": 0.300493744,
    "totalOtherIncomeExpensesNet": -71191000,
    "incomeBeforeTax": 956921000,
    "incomeBeforeTaxRatio": 0.2796862345,
    "incomeTaxExpense": 95257000,
    "netIncome": 861664000,
    "netIncomeRatio": 0.2518447809,
    "eps": 2.79,
    "epsdiluted": 2.76,
    "weightedAverageShsOut": 308736000,
    "weightedAverageShsOutDil": 312308000,
    "link": "https://www.sec.gov/Archives/edgar/data/6281/000000628116000097/0000006281-16-000097-index.htm",
    "finalLink": "https://www.sec.gov/Archives/edgar/data/6281/000000628116000097/adi-10292016x10k.htm"
  },
  {
    "date": "2015-10-31",
    "symbol": "ADI",
    "reportedCurrency": "USD",
    "cik": "0000006281",
    "fillingDate": "2015-11-24",
    "acceptedDate": "2015-11-24 08:12:56",
    "calendarYear": "2015",
    "period": "FY",
    "revenue": 3435092000,
    "costOfRevenue": 1175830000,
    "grossProfit": 2259262000,
    "grossProfitRatio": 0.6577005798,
    "researchAndDevelopmentExpenses": 637459000,
    "generalAndAdministrativeExpenses": 0,
    "sellingAndMarketingExpenses": 0,
    "sellingGeneralAndAdministrativeExpenses": 478972000,
    "otherExpenses": 311990000,
    "operatingExpenses": 1428421000,
    "costAndExpenses": 2604251000,
    "interestIncome": 8625000,
    "interestExpense": 27030000,
    "depreciationAndAmortization": 222240000,
    "ebitda": 1059384000,
    "ebitdaratio": 0.3084004737,
    "operatingIncome": 830841000,
    "operatingIncomeRatio": 0.2418686312,
    "totalOtherIncomeExpensesNet": -20727000,
    "incomeBeforeTax": 810114000,
    "incomeBeforeTaxRatio": 0.2358347316,
    "incomeTaxExpense": 113236000,
    "netIncome": 696878000,
    "netIncomeRatio": 0.2028702579,
    "eps": 2.23,
    "epsdiluted": 2.2,
    "weightedAverageShsOut": 312660000,
    "weightedAverageShsOutDil": 316872000,
    "link": "https://www.sec.gov/Archives/edgar/data/6281/000000628115000044/0000006281-15-000044-index.htm",
    "finalLink": "https://www.sec.gov/Archives/edgar/data/6281/000000628115000044/adi-10312015x10k.htm"
  },
  {
    "date": "2014-11-01",
    "symbol": "ADI",
    "reportedCurrency": "USD",
    "cik": "0000006281",
    "fillingDate": "2014-12-10",
    "acceptedDate": "2014-12-10 16:45:07",
    "calendarYear": "2014",
    "period": "FY",
    "revenue": 2864773000,
    "costOfRevenue": 1034585000,
    "grossProfit": 1830188000,
    "grossProfitRatio": 0.6388596932,
    "researchAndDevelopmentExpenses": 559686000,
    "generalAndAdministrativeExpenses": 0,
    "sellingAndMarketingExpenses": 0,
    "sellingGeneralAndAdministrativeExpenses": 421376000,
    "otherExpenses": 96642000,
    "operatingExpenses": 1077704000,
    "costAndExpenses": 2112289000,
    "interestIncome": 12173000,
    "interestExpense": 34784000,
    "depreciationAndAmortization": 141970000,
    "ebitda": 906099000,
    "ebitdaratio": 0.3162899818,
    "operatingIncome": 752484000,
    "operatingIncomeRatio": 0.2626679322,
    "totalOtherIncomeExpensesNet": -23139000,
    "incomeBeforeTax": 729345000,
    "incomeBeforeTaxRatio": 0.2545908524,
    "incomeTaxExpense": 100025000,
    "netIncome": 629320000,
    "netIncomeRatio": 0.219675346,
    "eps": 2.01,
    "epsdiluted": 1.98,
    "weightedAverageShsOut": 313195000,
    "weightedAverageShsOutDil": 318027000,
    "link": "https://www.sec.gov/Archives/edgar/data/6281/000000628114000039/0000006281-14-000039-index.htm",
    "finalLink": "https://www.sec.gov/Archives/edgar/data/6281/000000628114000039/adi-1112014x10k.htm"
  },
  {
    "date": "2013-11-02",
    "symbol": "ADI",
    "reportedCurrency": "USD",
    "cik": "0000006281",
    "fillingDate": "2013-11-26",
    "acceptedDate": "2013-11-26 16:22:18",
    "calendarYear": "2013",
    "period": "FY",
    "revenue": 2633689000,
    "costOfRevenue": 941278000,
    "grossProfit": 1692411000,
    "grossProfitRatio": 0.6426009297,
    "researchAndDevelopmentExpenses": 513034999,
    "generalAndAdministrativeExpenses": 0,
    "sellingAndMarketingExpenses": 0,
    "sellingGeneralAndAdministrativeExpenses": 389933000,
    "otherExpenses": 0,
    "operatingExpenses": 862739000,
    "costAndExpenses": 1804017000,
    "interestIncome": 12753000,
    "interestExpense": 27102000,
    "depreciationAndAmortization": 110416000,
    "ebitda": 952841000,
    "ebitdaratio": 0.36178949,
    "operatingIncome": 753075000,
    "operatingIncomeRatio": 0.2859392282,
    "totalOtherIncomeExpensesNet": 62248000,
    "incomeBeforeTax": 815323000,
    "incomeBeforeTaxRatio": 0.309574517,
    "incomeTaxExpense": 141836000,
    "netIncome": 673487000,
    "netIncomeRatio": 0.2557200186,
    "eps": 2.19,
    "epsdiluted": 2.14,
    "weightedAverageShsOut": 307763000,
    "weightedAverageShsOutDil": 314041000,
    "link": "https://www.sec.gov/Archives/edgar/data/6281/000000628113000040/0000006281-13-000040-index.htm",
    "finalLink": "https://www.sec.gov/Archives/edgar/data/6281/000000628113000040/adi-1122013x10k.htm"
  },
  {
    "date": "2012-11-03",
    "symbol": "ADI",
    "reportedCurrency": "USD",
    "cik": "0000006281",
    "fillingDate": "2012-11-27",
    "acceptedDate": "2012-11-27 16:14:09",
    "calendarYear": "2012",
    "period": "FY",
    "revenue": 2701142000,
    "costOfRevenue": 960141000,
    "grossProfit": 1741001000,
    "grossProfitRatio": 0.6445425676,
    "researchAndDevelopmentExpenses": 511935000,
    "generalAndAdministrativeExpenses": 0,
    "sellingAndMarketingExpenses": 0,
    "sellingGeneralAndAdministrativeExpenses": 396519000,
    "otherExpenses": 0,
    "operatingExpenses": 915493999,
    "costAndExpenses": 1875634999,
    "interestIncome": 14448000,
    "interestExpense": 26422000,
    "depreciationAndAmortization": 109833000,
    "ebitda": 949788000,
    "ebitdaratio": 0.3516246091,
    "operatingIncome": 824048000,
    "operatingIncomeRatio": 0.305073928,
    "totalOtherIncomeExpensesNet": -10515000,
    "incomeBeforeTax": 813533000,
    "incomeBeforeTaxRatio": 0.3011811301,
    "incomeTaxExpense": 162297000,
    "netIncome": 651236000,
    "netIncomeRatio": 0.2410965436,
    "eps": 2.18,
    "epsdiluted": 2.13,
    "weightedAverageShsOut": 298761000,
    "weightedAverageShsOutDil": 306191000,
    "link": "https://www.sec.gov/Archives/edgar/data/6281/000000628112000010/0000006281-12-000010-index.htm",
    "finalLink": "https://www.sec.gov/Archives/edgar/data/6281/000000628112000010/adi-1132012x10k.htm"
  },
  {
    "date": "2011-10-29",
    "symbol": "ADI",
    "reportedCurrency": "USD",
    "cik": "0000006281",
    "fillingDate": "2011-11-22",
    "acceptedDate": "2011-11-22 10:51:07",
    "calendarYear": "2011",
    "period": "FY",
    "revenue": 2993320000,
    "costOfRevenue": 1006779000,
    "grossProfit": 1986541000,
    "grossProfitRatio": 0.6636580787,
    "researchAndDevelopmentExpenses": 505570000,
    "generalAndAdministrativeExpenses": 0,
    "sellingAndMarketingExpenses": 406707000,
    "sellingGeneralAndAdministrativeExpenses": 406707000,
    "otherExpenses": 2239000,
    "operatingExpenses": 914516000,
    "costAndExpenses": 1921295000,
    "interestIncome": 9060000,
    "interestExpense": 19146000,
    "depreciationAndAmortization": 118219000,
    "ebitda": 1198812000,
    "ebitdaratio": 0.4004957706,
    "operatingIncome": 1072025000,
    "operatingIncomeRatio": 0.3581391231,
    "totalOtherIncomeExpensesNet": -10578000,
    "incomeBeforeTax": 1061447000,
    "incomeBeforeTaxRatio": 0.3546052544,
    "incomeTaxExpense": 200553000,
    "netIncome": 867394000,
    "netIncomeRatio": 0.2897765692,
    "eps": 2.9,
    "epsdiluted": 2.81,
    "weightedAverageShsOut": 299417000,
    "weightedAverageShsOutDil": 308236000,
    "link": "https://www.sec.gov/Archives/edgar/data/6281/000095012311099928/0000950123-11-099928-index.htm",
    "finalLink": "https://www.sec.gov/Archives/edgar/data/6281/000095012311099928/b87841e10vk.htm"
  },
  {
    "date": "2010-10-30",
    "symbol": "ADI",
    "reportedCurrency": "USD",
    "cik": "0000006281",
    "fillingDate": "2010-11-22",
    "acceptedDate": "2010-11-22 16:19:46",
    "calendarYear": "2010",
    "period": "FY",
    "revenue": 2761503000,
    "costOfRevenue": 962081000,
    "grossProfit": 1799422000,
    "grossProfitRatio": 0.6516096488,
    "researchAndDevelopmentExpenses": 492305000,
    "generalAndAdministrativeExpenses": 0,
    "sellingAndMarketingExpenses": 0,
    "sellingGeneralAndAdministrativeExpenses": 390560000,
    "otherExpenses": 16483000,
    "operatingExpenses": 899348000,
    "costAndExpenses": 1861429000,
    "interestIncome": 9837000,
    "interestExpense": 10429000,
    "depreciationAndAmortization": 120911000,
    "ebitda": 1033005000,
    "ebitdaratio": 0.3740734665,
    "operatingIncome": 900074000,
    "operatingIncomeRatio": 0.3259362746,
    "totalOtherIncomeExpensesNet": 1591000,
    "incomeBeforeTax": 901665000,
    "incomeBeforeTaxRatio": 0.3265124101,
    "incomeTaxExpense": 190440000,
    "netIncome": 712084000,
    "netIncomeRatio": 0.2578610271,
    "eps": 2.39,
    "epsdiluted": 2.33,
    "weightedAverageShsOut": 297387000,
    "weightedAverageShsOutDil": 305861000,
    "link": "https://www.sec.gov/Archives/edgar/data/6281/000095012310107816/0000950123-10-107816-index.htm",
    "finalLink": "https://www.sec.gov/Archives/edgar/data/6281/000095012310107816/b81293e10vk.htm"
  },
  {
    "date": "2009-10-31",
    "symbol": "ADI",
    "reportedCurrency": "USD",
    "cik": "0000006281",
    "fillingDate": "2009-11-24",
    "acceptedDate": "2009-11-24 15:37:04",
    "calendarYear": "2009",
    "period": "FY",
    "revenue": 2014908000,
    "costOfRevenue": 896271000,
    "grossProfit": 1118637000,
    "grossProfitRatio": 0.5551801869,
    "researchAndDevelopmentExpenses": 446980000,
    "generalAndAdministrativeExpenses": 0,
    "sellingAndMarketingExpenses": 0,
    "sellingGeneralAndAdministrativeExpenses": 333184000,
    "otherExpenses": 53656000,
    "operatingExpenses": 833820000,
    "costAndExpenses": 1730091000,
    "interestIncome": 15621000,
    "interestExpense": 4094000,
    "depreciationAndAmortization": 139870000,
    "ebitda": 441408000,
    "ebitdaratio": 0.2190710444,
    "operatingIncome": 284817000,
    "operatingIncomeRatio": 0.141354841,
    "totalOtherIncomeExpensesNet": 12627000,
    "incomeBeforeTax": 297444000,
    "incomeBeforeTaxRatio": 0.1476216284,
    "incomeTaxExpense": 50036000,
    "netIncome": 247772000,
    "netIncomeRatio": 0.1229693862,
    "eps": 0.85,
    "epsdiluted": 0.85,
    "weightedAverageShsOut": 291385000,
    "weightedAverageShsOutDil": 292698000,
    "link": "https://www.sec.gov/Archives/edgar/data/6281/000095012309065635/0000950123-09-065635-index.htm",
    "finalLink": "https://www.sec.gov/Archives/edgar/data/6281/000095012309065635/b76910e10vk.htm"
  },
  {
    "date": "2008-11-01",
    "symbol": "ADI",
    "reportedCurrency": "USD",
    "cik": "0000006281",
    "fillingDate": "2008-11-25",
    "acceptedDate": "2008-11-25 16:26:02",
    "calendarYear": "2008",
    "period": "FY",
    "revenue": 2582931000,
    "costOfRevenue": 1005656000,
    "grossProfit": 1577275000,
    "grossProfitRatio": 0.6106531688,
    "researchAndDevelopmentExpenses": 533480000,
    "generalAndAdministrativeExpenses": 0,
    "sellingAndMarketingExpenses": 0,
    "sellingGeneralAndAdministrativeExpenses": 415682000,
    "otherExpenses": 3088000,
    "operatingExpenses": 952250000,
    "costAndExpenses": 1957906000,
    "interestIncome": 0,
    "interestExpense": 0,
    "depreciationAndAmortization": 153472000,
    "ebitda": 778497000,
    "ebitdaratio": 0.3014006181,
    "operatingIncome": 625025000,
    "operatingIncomeRatio": 0.2419828482,
    "totalOtherIncomeExpensesNet": 41077000,
    "incomeBeforeTax": 666102000,
    "incomeBeforeTaxRatio": 0.2578860992,
    "incomeTaxExpense": 140925000,
    "netIncome": 786284000,
    "netIncomeRatio": 0.3044154102,
    "eps": 2.69,
    "epsdiluted": 2.67,
    "weightedAverageShsOut": 292688000,
    "weightedAverageShsOutDil": 297110000,
    "link": "https://www.sec.gov/Archives/edgar/data/6281/000095013508007596/0000950135-08-007596-index.htm",
    "finalLink": "https://www.sec.gov/Archives/edgar/data/6281/000095013508007596/b72976ade10vk.htm"
  },
  {
    "date": "2007-11-03",
    "symbol": "ADI",
    "reportedCurrency": "USD",
    "cik": "0000006281",
    "fillingDate": "2007-11-30",
    "acceptedDate": "2007-11-30 16:08:24",
    "calendarYear": "2007",
    "period": "FY",
    "revenue": 2464721000,
    "costOfRevenue": 956445000,
    "grossProfit": 1508276000,
    "grossProfitRatio": 0.6119459363,
    "researchAndDevelopmentExpenses": 509553000,
    "generalAndAdministrativeExpenses": 0,
    "sellingAndMarketingExpenses": 0,
    "sellingGeneralAndAdministrativeExpenses": 389505000,
    "otherExpenses": 40495000,
    "operatingExpenses": 939553000,
    "costAndExpenses": 1895998000,
    "interestIncome": 0,
    "interestExpense": 0,
    "depreciationAndAmortization": 154783000,
    "ebitda": 723506000,
    "ebitdaratio": 0.2935447866,
    "operatingIncome": 568723000,
    "operatingIncomeRatio": 0.2307453866,
    "totalOtherIncomeExpensesNet": 92734000,
    "incomeBeforeTax": 661457000,
    "incomeBeforeTaxRatio": 0.2683699291,
    "incomeTaxExpense": 159553000,
    "netIncome": 496907000,
    "netIncomeRatio": 0.2016078088,
    "eps": 1.54,
    "epsdiluted": 1.5,
    "weightedAverageShsOut": 323255000,
    "weightedAverageShsOutDil": 332301000,
    "link": "https://www.sec.gov/Archives/edgar/data/6281/000095013507007253/0000950135-07-007253-index.htm",
    "finalLink": "https://www.sec.gov/Archives/edgar/data/6281/000095013507007253/b67578ade10vk.htm"
  },
  {
    "date": "2006-10-28",
    "symbol": "ADI",
    "reportedCurrency": "USD",
    "cik": "0000006281",
    "fillingDate": "2006-11-20",
    "acceptedDate": "2006-11-20 16:01:56",
    "calendarYear": "2006",
    "period": "FY",
    "revenue": 2250100000,
    "costOfRevenue": 856499000,
    "grossProfit": 1393601000,
    "grossProfitRatio": 0.6193506955,
    "researchAndDevelopmentExpenses": 459846000,
    "generalAndAdministrativeExpenses": 0,
    "sellingAndMarketingExpenses": 0,
    "sellingGeneralAndAdministrativeExpenses": 384051000,
    "otherExpenses": 23501000,
    "operatingExpenses": 867398000,
    "costAndExpenses": 1723897000,
    "interestIncome": 0,
    "interestExpense": 0,
    "depreciationAndAmortization": 172163000,
    "ebitda": 720077000,
    "ebitdaratio": 0.3200199991,
    "operatingIncome": 526203000,
    "operatingIncomeRatio": 0.2338576063,
    "totalOtherIncomeExpensesNet": 110589000,
    "incomeBeforeTax": 636792000,
    "incomeBeforeTaxRatio": 0.2830060886,
    "incomeTaxExpense": 118365000,
    "netIncome": 549482000,
    "netIncomeRatio": 0.2442033687,
    "eps": 1.53,
    "epsdiluted": 1.48,
    "weightedAverageShsOut": 358762000,
    "weightedAverageShsOutDil": 370964000,
    "link": "https://www.sec.gov/Archives/edgar/data/6281/000095013506007047/0000950135-06-007047-index.htm",
    "finalLink": "https://www.sec.gov/Archives/edgar/data/6281/000095013506007047/b63086ade10vk.htm"
  },
  {
    "date": "2005-10-29",
    "symbol": "ADI",
    "reportedCurrency": "USD",
    "cik": "0000006281",
    "fillingDate": "2005-11-21",
    "acceptedDate": "2005-11-21 17:31:32",
    "calendarYear": "2005",
    "period": "FY",
    "revenue": 2134800000,
    "costOfRevenue": 853485000,
    "grossProfit": 1281315000,
    "grossProfitRatio": 0.6002037662,
    "researchAndDevelopmentExpenses": 438183000,
    "generalAndAdministrativeExpenses": 0,
    "sellingAndMarketingExpenses": 0,
    "sellingGeneralAndAdministrativeExpenses": 333091000,
    "otherExpenses": 31480000,
    "operatingExpenses": 802754000,
    "costAndExpenses": 1656239000,
    "interestIncome": 0,
    "interestExpense": 0,
    "depreciationAndAmortization": 155564000,
    "ebitda": 634125000,
    "ebitdaratio": 0.2970418775,
    "operatingIncome": 478561000,
    "operatingIncomeRatio": 0.2241713509,
    "totalOtherIncomeExpensesNet": 71703000,
    "incomeBeforeTax": 550264000,
    "incomeBeforeTaxRatio": 0.2577590407,
    "incomeTaxExpense": 174320000,
    "netIncome": 414787000,
    "netIncomeRatio": 0.1942978265,
    "eps": 1.12,
    "epsdiluted": 1.08,
    "weightedAverageShsOut": 371791000,
    "weightedAverageShsOutDil": 383474000,
    "link": "https://www.sec.gov/Archives/edgar/data/6281/000095013505006610/0000950135-05-006610-index.htm",
    "finalLink": "https://www.sec.gov/Archives/edgar/data/6281/000095013505006610/b57812ade10vk.htm"
  },
  {
    "date": "2004-10-30",
    "symbol": "ADI",
    "reportedCurrency": "USD",
    "cik": "0000006281",
    "fillingDate": "2004-11-30",
    "acceptedDate": "2004-11-30 16:01:23",
    "calendarYear": "2004",
    "period": "FY",
    "revenue": 2633800000,
    "costOfRevenue": 1079999000,
    "grossProfit": 1553801000,
    "grossProfitRatio": 0.5899464652,
    "researchAndDevelopmentExpenses": 514442000,
    "generalAndAdministrativeExpenses": 0,
    "sellingAndMarketingExpenses": 0,
    "sellingGeneralAndAdministrativeExpenses": 340036000,
    "otherExpenses": 0,
    "operatingExpenses": 854478000,
    "costAndExpenses": 1934477000,
    "interestIncome": 0,
    "interestExpense": 0,
    "depreciationAndAmortization": 152630000,
    "ebitda": 851953000,
    "ebitdaratio": 0.3234691321,
    "operatingIncome": 699323000,
    "operatingIncomeRatio": 0.2655186423,
    "totalOtherIncomeExpensesNet": 33413000,
    "incomeBeforeTax": 732736000,
    "incomeBeforeTaxRatio": 0.2782048751,
    "incomeTaxExpense": 161998000,
    "netIncome": 570738000,
    "netIncomeRatio": 0.2166975473,
    "eps": 1.52,
    "epsdiluted": 1.45,
    "weightedAverageShsOut": 375031000,
    "weightedAverageShsOutDil": 392854000,
    "link": "https://www.sec.gov/Archives/edgar/data/6281/000095013504005529/0000950135-04-005529-index.htm",
    "finalLink": "https://www.sec.gov/Archives/edgar/data/6281/000095013504005529/b52531ade10vk.htm"
  },
  {
    "date": "2003-11-01",
    "symbol": "ADI",
    "reportedCurrency": "USD",
    "cik": "0000006281",
    "fillingDate": "2003-12-23",
    "acceptedDate": "2003-12-23 14:52:54",
    "calendarYear": "2003",
    "period": "FY",
    "revenue": 2047268000,
    "costOfRevenue": 923160000,
    "grossProfit": 1124108000,
    "grossProfitRatio": 0.5490771115,
    "researchAndDevelopmentExpenses": 450232000,
    "generalAndAdministrativeExpenses": 0,
    "sellingAndMarketingExpenses": 0,
    "sellingGeneralAndAdministrativeExpenses": 288009000,
    "otherExpenses": 12158000,
    "operatingExpenses": 750399000,
    "costAndExpenses": 1673559000,
    "interestIncome": 0,
    "interestExpense": 0,
    "depreciationAndAmortization": 168283000,
    "ebitda": 551526000,
    "ebitdaratio": 0.2693960927,
    "operatingIncome": 373709000,
    "operatingIncomeRatio": 0.1825403416,
    "totalOtherIncomeExpensesNet": 8127000,
    "incomeBeforeTax": 381836000,
    "incomeBeforeTaxRatio": 0.1865100221,
    "incomeTaxExpense": 83555000,
    "netIncome": 298281000,
    "netIncomeRatio": 0.1456970949,
    "eps": 0.82,
    "epsdiluted": 0.78,
    "weightedAverageShsOut": 365485000,
    "weightedAverageShsOutDil": 382227000,
    "link": "https://www.sec.gov/Archives/edgar/data/6281/000095013503006138/0000950135-03-006138-index.htm",
    "finalLink": "https://www.sec.gov/Archives/edgar/data/6281/000095013503006138/b48618aie10vk.htm"
  },
  {
    "date": "2002-11-02",
    "symbol": "ADI",
    "reportedCurrency": "USD",
    "cik": "0000006281",
    "fillingDate": "2003-01-29",
    "acceptedDate": "2003-01-29 16:55:03",
    "calendarYear": "2002",
    "period": "FY",
    "revenue": 1707508000,
    "costOfRevenue": 802980000,
    "grossProfit": 904528000,
    "grossProfitRatio": 0.5297357318,
    "researchAndDevelopmentExpenses": 423869000,
    "generalAndAdministrativeExpenses": 0,
    "sellingAndMarketingExpenses": 0,
    "sellingGeneralAndAdministrativeExpenses": 257054000,
    "otherExpenses": 105367000,
    "operatingExpenses": 786290000,
    "costAndExpenses": 1589270000,
    "interestIncome": 0,
    "interestExpense": 0,
    "depreciationAndAmortization": 238002000,
    "ebitda": 356240000,
    "ebitdaratio": 0.2086315262,
    "operatingIncome": 118238000,
    "operatingIncomeRatio": 0.069245942,
    "totalOtherIncomeExpensesNet": 22112000,
    "incomeBeforeTax": 140350000,
    "incomeBeforeTaxRatio": 0.0821958082,
    "incomeTaxExpense": 35051000,
    "netIncome": 105299000,
    "netIncomeRatio": 0.0616682323,
    "eps": 0.29,
    "epsdiluted": 0.28,
    "weightedAverageShsOut": 364194000,
    "weightedAverageShsOutDil": 381245000,
    "link": "https://www.sec.gov/Archives/edgar/data/6281/000095013503000473/0000950135-03-000473-index.htm",
    "finalLink": "https://www.sec.gov/Archives/edgar/data/6281/000095013503000473/b45351ade10vk.htm"
  },
  {
    "date": "2001-11-03",
    "symbol": "ADI",
    "reportedCurrency": "USD",
    "cik": "0000006281",
    "fillingDate": "2002-01-28",
    "acceptedDate": "2002-01-28 00:00:00",
    "calendarYear": "2001",
    "period": "FY",
    "revenue": 2276915000,
    "costOfRevenue": 1008095000,
    "grossProfit": 1268820000,
    "grossProfitRatio": 0.5572540038,
    "researchAndDevelopmentExpenses": 464686000,
    "generalAndAdministrativeExpenses": 0,
    "sellingAndMarketingExpenses": 0,
    "sellingGeneralAndAdministrativeExpenses": 287146000,
    "otherExpenses": 109302000,
    "operatingExpenses": 861134000,
    "costAndExpenses": 1869229000,
    "interestIncome": 0,
    "interestExpense": 0,
    "depreciationAndAmortization": 210490000,
    "ebitda": 627676000,
    "ebitdaratio": 0.2756694914,
    "operatingIncome": 407686000,
    "operatingIncomeRatio": 0.1790519189,
    "totalOtherIncomeExpensesNet": 99558000,
    "incomeBeforeTax": 507244000,
    "incomeBeforeTaxRatio": 0.2227768713,
    "incomeTaxExpense": 150867000,
    "netIncome": 356377000,
    "netIncomeRatio": 0.1565174809,
    "eps": 1,
    "epsdiluted": 0.93,
    "weightedAverageShsOut": 359113000,
    "weightedAverageShsOutDil": 381962000,
    "link": "https://www.sec.gov/Archives/edgar/data/6281/000095013502000307/0000950135-02-000307-index.htm",
    "finalLink": "https://www.sec.gov/Archives/edgar/data/6281/000095013502000307/b40733ade10-k.htm"
  },
  {
    "date": "2000-10-28",
    "symbol": "ADI",
    "reportedCurrency": "USD",
    "cik": "0000006281",
    "fillingDate": "2001-01-26",
    "acceptedDate": "2001-01-26 00:00:00",
    "calendarYear": "2000",
    "period": "FY",
    "revenue": 2577547000,
    "costOfRevenue": 1116520000,
    "grossProfit": 1461027000,
    "grossProfitRatio": 0.5668284613,
    "researchAndDevelopmentExpenses": 400566000,
    "generalAndAdministrativeExpenses": 0,
    "sellingAndMarketingExpenses": 0,
    "sellingGeneralAndAdministrativeExpenses": 293364000,
    "otherExpenses": 0,
    "operatingExpenses": 693930000,
    "costAndExpenses": 1810450000,
    "interestIncome": 0,
    "interestExpense": 0,
    "depreciationAndAmortization": 156671000,
    "ebitda": 923768000,
    "ebitdaratio": 0.3583903611,
    "operatingIncome": 767097000,
    "operatingIncomeRatio": 0.2976073763,
    "totalOtherIncomeExpensesNet": 98614000,
    "incomeBeforeTax": 865711000,
    "incomeBeforeTaxRatio": 0.3358662325,
    "incomeTaxExpense": 258579000,
    "netIncome": 607132000,
    "netIncomeRatio": 0.2355464323,
    "eps": 1.71,
    "epsdiluted": 1.59,
    "weightedAverageShsOut": 353363000,
    "weightedAverageShsOutDil": 381157000,
    "link": "https://www.sec.gov/Archives/edgar/data/6281/000095013501000177/0000950135-01-000177-index.htm",
    "finalLink": "https://www.sec.gov/Archives/edgar/data/6281/000095013501000177/b37980ade10-k.txt"
  },
  {
    "date": "1999-10-30",
    "symbol": "ADI",
    "reportedCurrency": "USD",
    "cik": "0000006281",
    "fillingDate": "2000-01-28",
    "acceptedDate": "2000-01-28 00:00:00",
    "calendarYear": "1999",
    "period": "FY",
    "revenue": 1450400000,
    "costOfRevenue": 593000000,
    "grossProfit": 857400000,
    "grossProfitRatio": 0.5911472697,
    "researchAndDevelopmentExpenses": 257000000,
    "generalAndAdministrativeExpenses": 0,
    "sellingAndMarketingExpenses": 0,
    "sellingGeneralAndAdministrativeExpenses": 209600000,
    "otherExpenses": 142600000,
    "operatingExpenses": 609200000,
    "costAndExpenses": 1202200000,
    "interestIncome": 0,
    "interestExpense": 0,
    "depreciationAndAmortization": 142600000,
    "ebitda": 390800000,
    "ebitdaratio": 0.2694429123,
    "operatingIncome": 248200000,
    "operatingIncomeRatio": 0.1711252068,
    "totalOtherIncomeExpensesNet": 9300000,
    "incomeBeforeTax": 257500000,
    "incomeBeforeTaxRatio": 0.1775372311,
    "incomeTaxExpense": 60700000,
    "netIncome": 196800000,
    "netIncomeRatio": 0.1356867071,
    "eps": 0.58,
    "epsdiluted": 0.55,
    "weightedAverageShsOut": 339310345,
    "weightedAverageShsOutDil": 357818182,
    "link": "https://www.sec.gov/Archives/edgar/data/6281/000095013500000300/0000950135-00-000300-index.html",
    "finalLink": "https://www.sec.gov/Archives/edgar/data/6281/000095013500000300/"
  },
  {
    "date": "1998-10-31",
    "symbol": "ADI",
    "reportedCurrency": "USD",
    "cik": "0000006281",
    "fillingDate": "1999-01-28",
    "acceptedDate": "1999-01-28 00:00:00",
    "calendarYear": "1998",
    "period": "FY",
    "revenue": 1230600000,
    "costOfRevenue": 514500000,
    "grossProfit": 716100000,
    "grossProfitRatio": 0.5819112628,
    "researchAndDevelopmentExpenses": 219400000,
    "generalAndAdministrativeExpenses": 0,
    "sellingAndMarketingExpenses": 0,
    "sellingGeneralAndAdministrativeExpenses": 207500000,
    "otherExpenses": 127600000,
    "operatingExpenses": 554500000,
    "costAndExpenses": 1069000000,
    "interestIncome": 0,
    "interestExpense": 24200000,
    "depreciationAndAmortization": 127600000,
    "ebitda": 289200000,
    "ebitdaratio": 0.2350073135,
    "operatingIncome": 161600000,
    "operatingIncomeRatio": 0.1313180562,
    "totalOtherIncomeExpensesNet": -11100000,
    "incomeBeforeTax": 150500000,
    "incomeBeforeTaxRatio": 0.122298066,
    "incomeTaxExpense": 31000000,
    "netIncome": 82400000,
    "netIncomeRatio": 0.0669592069,
    "eps": 0.37,
    "epsdiluted": 0.36,
    "weightedAverageShsOut": 323148000,
    "weightedAverageShsOutDil": 355750000,
    "link": "https://www.sec.gov/Archives/edgar/data/6281/000095013599000361/0000950135-99-000361-index.html",
    "finalLink": "https://www.sec.gov/Archives/edgar/data/6281/"
  },
  {
    "date": "1997-11-01",
    "symbol": "ADI",
    "reportedCurrency": "USD",
    "cik": "0000006281",
    "fillingDate": "1998-01-28",
    "acceptedDate": "1998-01-28 00:00:00",
    "calendarYear": "1997",
    "period": "FY",
    "revenue": 1243500000,
    "costOfRevenue": 622300000,
    "grossProfit": 621200000,
    "grossProfitRatio": 0.4995577,
    "researchAndDevelopmentExpenses": 196100000,
    "generalAndAdministrativeExpenses": 0,
    "sellingAndMarketingExpenses": 0,
    "sellingGeneralAndAdministrativeExpenses": 191600000,
    "otherExpenses": 100000,
    "operatingExpenses": 387800000,
    "costAndExpenses": 1010100000,
    "interestIncome": 0,
    "interestExpense": 0,
    "depreciationAndAmortization": 103600000,
    "ebitda": 337000000,
    "ebitdaratio": 0.2710092481,
    "operatingIncome": 233400000,
    "operatingIncomeRatio": 0.1876960193,
    "totalOtherIncomeExpensesNet": 2500000,
    "incomeBeforeTax": 235900000,
    "incomeBeforeTaxRatio": 0.1897064737,
    "incomeTaxExpense": 57700000,
    "netIncome": 178200000,
    "netIncomeRatio": 0.143305187,
    "eps": 0.57,
    "epsdiluted": 0.52,
    "weightedAverageShsOut": 342578000,
    "weightedAverageShsOutDil": 342578000,
    "link": "https://www.sec.gov/Archives/edgar/data/6281/000095013598000301/0000950135-98-000301-index.html",
    "finalLink": "https://www.sec.gov/Archives/edgar/data/6281/"
  },
  {
    "date": "1996-11-02",
    "symbol": "ADI",
    "reportedCurrency": "USD",
    "cik": "0000006281",
    "fillingDate": "1997-01-29",
    "acceptedDate": "1997-01-29 00:00:00",
    "calendarYear": "1996",
    "period": "FY",
    "revenue": 1193800000,
    "costOfRevenue": 509200000,
    "grossProfit": 684600000,
    "grossProfitRatio": 0.5734628916,
    "researchAndDevelopmentExpenses": 177800000,
    "generalAndAdministrativeExpenses": 0,
    "sellingAndMarketingExpenses": 0,
    "sellingGeneralAndAdministrativeExpenses": 373600000,
    "otherExpenses": -94000000,
    "operatingExpenses": 457400000,
    "costAndExpenses": 966600000,
    "interestIncome": 0,
    "interestExpense": 0,
    "depreciationAndAmortization": 83800000,
    "ebitda": 311000000,
    "ebitdaratio": 0.2605126487,
    "operatingIncome": 227200000,
    "operatingIncomeRatio": 0.190316636,
    "totalOtherIncomeExpensesNet": 3500000,
    "incomeBeforeTax": 230700000,
    "incomeBeforeTaxRatio": 0.1932484503,
    "incomeTaxExpense": 58800000,
    "netIncome": 171900000,
    "netIncomeRatio": 0.1439939688,
    "eps": 0.52,
    "epsdiluted": 0.52,
    "weightedAverageShsOut": 330576923,
    "weightedAverageShsOutDil": 330576923,
    "link": "https://www.sec.gov/Archives/edgar/data/6281/000095013597000278/0000950135-97-000278-index.html",
    "finalLink": "https://www.sec.gov/Archives/edgar/data/6281/"
  },
  {
    "date": "1995-10-28",
    "symbol": "ADI",
    "reportedCurrency": "USD",
    "cik": "0000006281",
    "fillingDate": "1996-01-26",
    "acceptedDate": "1996-01-26 00:00:00",
    "calendarYear": "1995",
    "period": "FY",
    "revenue": 941500000,
    "costOfRevenue": 464600000,
    "grossProfit": 476900000,
    "grossProfitRatio": 0.5065321296,
    "researchAndDevelopmentExpenses": 134300000,
    "generalAndAdministrativeExpenses": 0,
    "sellingAndMarketingExpenses": 0,
    "sellingGeneralAndAdministrativeExpenses": 184900000,
    "otherExpenses": -100000,
    "operatingExpenses": 319100000,
    "costAndExpenses": 783700000,
    "interestIncome": 0,
    "interestExpense": 0,
    "depreciationAndAmortization": 64100000,
    "ebitda": 221825000,
    "ebitdaratio": 0.2356080722,
    "operatingIncome": 157800000,
    "operatingIncomeRatio": 0.1676048858,
    "totalOtherIncomeExpensesNet": 1600000,
    "incomeBeforeTax": 159400000,
    "incomeBeforeTaxRatio": 0.1693043016,
    "incomeTaxExpense": 40200000,
    "netIncome": 119300000,
    "netIncomeRatio": 0.1267126925,
    "eps": 0.4,
    "epsdiluted": 0.38,
    "weightedAverageShsOut": 317437000,
    "weightedAverageShsOutDil": 317437000,
    "link": "https://www.sec.gov/Archives/edgar/data/6281/000095013596000224/0000950135-96-000224-index.html",
    "finalLink": "https://www.sec.gov/Archives/edgar/data/6281/"
  },
  {
    "date": "1994-10-29",
    "symbol": "ADI",
    "reportedCurrency": "USD",
    "cik": "0000006281",
    "fillingDate": "1995-01-24",
    "acceptedDate": "1995-01-24 00:00:00",
    "calendarYear": "1994",
    "period": "FY",
    "revenue": 773500000,
    "costOfRevenue": 394400000,
    "grossProfit": 379100000,
    "grossProfitRatio": 0.4901098901,
    "researchAndDevelopmentExpenses": 106900000,
    "generalAndAdministrativeExpenses": 0,
    "sellingAndMarketingExpenses": 0,
    "sellingGeneralAndAdministrativeExpenses": 170300000,
    "otherExpenses": 100000,
    "operatingExpenses": 277300000,
    "costAndExpenses": 671700000,
    "interestIncome": 0,
    "interestExpense": 4900000,
    "depreciationAndAmortization": 61300000,
    "ebitda": 163200000,
    "ebitdaratio": 0.210989011,
    "operatingIncome": 101800000,
    "operatingIncomeRatio": 0.1316095669,
    "totalOtherIncomeExpensesNet": -4900000,
    "incomeBeforeTax": 96900000,
    "incomeBeforeTaxRatio": 0.1252747253,
    "incomeTaxExpense": 22400000,
    "netIncome": 74500000,
    "netIncomeRatio": 0.0963154493,
    "eps": 0.26,
    "epsdiluted": 0.24,
    "weightedAverageShsOut": 463162000,
    "weightedAverageShsOutDil": 463162000,
    "link": "https://www.sec.gov/Archives/edgar/data/6281/000095013595000029/0000950135-95-000029-index.html",
    "finalLink": "https://www.sec.gov/Archives/edgar/data/6281/"
  },
  {
    "date": "1993-10-31",
    "symbol": "ADI",
    "reportedCurrency": "USD",
    "cik": "0000006281",
    "fillingDate": "1993-10-31",
    "acceptedDate": "1993-10-30 20:00:00",
    "calendarYear": "1993",
    "period": "FY",
    "revenue": 666300000,
    "costOfRevenue": 291000000,
    "grossProfit": 375300000,
    "grossProfitRatio": 0.5632597929,
    "researchAndDevelopmentExpenses": 0,
    "generalAndAdministrativeExpenses": 0,
    "sellingAndMarketingExpenses": 0,
    "sellingGeneralAndAdministrativeExpenses": 252800000,
    "otherExpenses": 59800000,
    "operatingExpenses": 312600000,
    "costAndExpenses": 603600000,
    "interestIncome": 0,
    "interestExpense": 7100000,
    "depreciationAndAmortization": 59800000,
    "ebitda": 122500000,
    "ebitdaratio": 0.1838511181,
    "operatingIncome": 62700000,
    "operatingIncomeRatio": 0.094101756,
    "totalOtherIncomeExpensesNet": -7100000,
    "incomeBeforeTax": 55600000,
    "incomeBeforeTaxRatio": 0.0834458952,
    "incomeTaxExpense": 11100000,
    "netIncome": 44500000,
    "netIncomeRatio": 0.0667867327,
    "eps": 0.15,
    "epsdiluted": 0.15,
    "weightedAverageShsOut": 296666667,
    "weightedAverageShsOutDil": 296666667,
    "link": "",
    "finalLink": ""
  },
  {
    "date": "1992-10-31",
    "symbol": "ADI",
    "reportedCurrency": "USD",
    "cik": "0000006281",
    "fillingDate": "1992-10-31",
    "acceptedDate": "1992-10-30 19:00:00",
    "calendarYear": "1992",
    "period": "FY",
    "revenue": 567300000,
    "costOfRevenue": 246700000,
    "grossProfit": 320600000,
    "grossProfitRatio": 0.5651330866,
    "researchAndDevelopmentExpenses": 0,
    "generalAndAdministrativeExpenses": 0,
    "sellingAndMarketingExpenses": 0,
    "sellingGeneralAndAdministrativeExpenses": 239500000,
    "otherExpenses": 55000000,
    "operatingExpenses": 294500000,
    "costAndExpenses": 541200000,
    "interestIncome": 0,
    "interestExpense": 8400000,
    "depreciationAndAmortization": 55000000,
    "ebitda": 81100000,
    "ebitdaratio": 0.1429578706,
    "operatingIncome": 26100000,
    "operatingIncomeRatio": 0.0460074035,
    "totalOtherIncomeExpensesNet": -7200000,
    "incomeBeforeTax": 18900000,
    "incomeBeforeTaxRatio": 0.033315706,
    "incomeTaxExpense": 4000000,
    "netIncome": 14900000,
    "netIncomeRatio": 0.0262647629,
    "eps": 0.06,
    "epsdiluted": 0.06,
    "weightedAverageShsOut": 248333333,
    "weightedAverageShsOutDil": 248333333,
    "link": "",
    "finalLink": ""
  },
  {
    "date": "1991-10-31",
    "symbol": "ADI",
    "reportedCurrency": "USD",
    "cik": "0000006281",
    "fillingDate": "1991-10-31",
    "acceptedDate": "1991-10-30 19:00:00",
    "calendarYear": "1991",
    "period": "FY",
    "revenue": 537700000,
    "costOfRevenue": 219700000,
    "grossProfit": 318000000,
    "grossProfitRatio": 0.5914078482,
    "researchAndDevelopmentExpenses": 0,
    "generalAndAdministrativeExpenses": 0,
    "sellingAndMarketingExpenses": 0,
    "sellingGeneralAndAdministrativeExpenses": 247900000,
    "otherExpenses": 52700000,
    "operatingExpenses": 300600000,
    "costAndExpenses": 520300000,
    "interestIncome": 0,
    "interestExpense": 11200000,
    "depreciationAndAmortization": 52700000,
    "ebitda": 70100000,
    "ebitdaratio": 0.1303700948,
    "operatingIncome": 17400000,
    "operatingIncomeRatio": 0.0323600521,
    "totalOtherIncomeExpensesNet": -8000000,
    "incomeBeforeTax": 9400000,
    "incomeBeforeTaxRatio": 0.0174818672,
    "incomeTaxExpense": 1200000,
    "netIncome": 8200000,
    "netIncomeRatio": 0.0152501395,
    "eps": 0.03,
    "epsdiluted": 0.03,
    "weightedAverageShsOut": 273333333,
    "weightedAverageShsOutDil": 273333333,
    "link": "",
    "finalLink": ""
  },
  {
    "date": "1990-10-31",
    "symbol": "ADI",
    "reportedCurrency": "USD",
    "cik": "0000006281",
    "fillingDate": "1990-10-31",
    "acceptedDate": "1990-10-30 19:00:00",
    "calendarYear": "1990",
    "period": "FY",
    "revenue": 485200000,
    "costOfRevenue": 197500000,
    "grossProfit": 287700000,
    "grossProfitRatio": 0.5929513603,
    "researchAndDevelopmentExpenses": 0,
    "generalAndAdministrativeExpenses": 0,
    "sellingAndMarketingExpenses": 0,
    "sellingGeneralAndAdministrativeExpenses": 234700000,
    "otherExpenses": 46800000,
    "operatingExpenses": 281500000,
    "costAndExpenses": 479000000,
    "interestIncome": 0,
    "interestExpense": 19800000,
    "depreciationAndAmortization": 46800000,
    "ebitda": 53000000,
    "ebitdaratio": 0.1092333059,
    "operatingIncome": 6200000,
    "operatingIncomeRatio": 0.0127782358,
    "totalOtherIncomeExpensesNet": -19800000,
    "incomeBeforeTax": -13600000,
    "incomeBeforeTaxRatio": -0.0280296785,
    "incomeTaxExpense": -700000,
    "netIncome": -12900000,
    "netIncomeRatio": -0.0265869744,
    "eps": -0.05,
    "epsdiluted": -0.05,
    "weightedAverageShsOut": 258000000,
    "weightedAverageShsOutDil": 258000000,
    "link": "",
    "finalLink": ""
  },
  {
    "date": "1989-10-31",
    "symbol": "ADI",
    "reportedCurrency": "USD",
    "cik": "0000006281",
    "fillingDate": "1989-10-31",
    "acceptedDate": "1989-10-30 19:00:00",
    "calendarYear": "1989",
    "period": "FY",
    "revenue": 453400000,
    "costOfRevenue": 173600000,
    "grossProfit": 279800000,
    "grossProfitRatio": 0.6171151301,
    "researchAndDevelopmentExpenses": 0,
    "generalAndAdministrativeExpenses": 0,
    "sellingAndMarketingExpenses": 0,
    "sellingGeneralAndAdministrativeExpenses": 194500000,
    "otherExpenses": 41500000,
    "operatingExpenses": 236000000,
    "costAndExpenses": 409600000,
    "interestIncome": 0,
    "interestExpense": 7400000,
    "depreciationAndAmortization": 41500000,
    "ebitda": 85300000,
    "ebitdaratio": 0.1881340979,
    "operatingIncome": 43800000,
    "operatingIncomeRatio": 0.0966034407,
    "totalOtherIncomeExpensesNet": -7400000,
    "incomeBeforeTax": 36400000,
    "incomeBeforeTaxRatio": 0.0802823114,
    "incomeTaxExpense": 8500000,
    "netIncome": 27900000,
    "netIncomeRatio": 0.0615350684,
    "eps": 0.1,
    "epsdiluted": 0.1,
    "weightedAverageShsOut": 279000000,
    "weightedAverageShsOutDil": 279000000,
    "link": "",
    "finalLink": ""
  },
  {
    "date": "1988-10-31",
    "symbol": "ADI",
    "reportedCurrency": "USD",
    "cik": "0000006281",
    "fillingDate": "1988-10-31",
    "acceptedDate": "1988-10-30 19:00:00",
    "calendarYear": "1988",
    "period": "FY",
    "revenue": 439200000,
    "costOfRevenue": 164200000,
    "grossProfit": 275000000,
    "grossProfitRatio": 0.6261384335,
    "researchAndDevelopmentExpenses": 0,
    "generalAndAdministrativeExpenses": 0,
    "sellingAndMarketingExpenses": 0,
    "sellingGeneralAndAdministrativeExpenses": 183000000,
    "otherExpenses": 36600000,
    "operatingExpenses": 219600000,
    "costAndExpenses": 383800000,
    "interestIncome": 0,
    "interestExpense": 3800000,
    "depreciationAndAmortization": 36600000,
    "ebitda": 92000000,
    "ebitdaratio": 0.2094717668,
    "operatingIncome": 55400000,
    "operatingIncomeRatio": 0.1261384335,
    "totalOtherIncomeExpensesNet": -3800000,
    "incomeBeforeTax": 51600000,
    "incomeBeforeTaxRatio": 0.1174863388,
    "incomeTaxExpense": 13600000,
    "netIncome": 38000000,
    "netIncomeRatio": 0.0865209472,
    "eps": 0.13,
    "epsdiluted": 0.13,
    "weightedAverageShsOut": 292307692,
    "weightedAverageShsOutDil": 292307692,
    "link": "",
    "finalLink": ""
  },
  {
    "date": "1987-10-31",
    "symbol": "ADI",
    "reportedCurrency": "USD",
    "cik": "0000006281",
    "fillingDate": "1987-10-31",
    "acceptedDate": "1987-10-30 19:00:00",
    "calendarYear": "1987",
    "period": "FY",
    "revenue": 370400000,
    "costOfRevenue": 138000000,
    "grossProfit": 232400000,
    "grossProfitRatio": 0.6274298056,
    "researchAndDevelopmentExpenses": 0,
    "generalAndAdministrativeExpenses": 0,
    "sellingAndMarketingExpenses": 0,
    "sellingGeneralAndAdministrativeExpenses": 164300000,
    "otherExpenses": 33700000,
    "operatingExpenses": 198000000,
    "costAndExpenses": 336000000,
    "interestIncome": 0,
    "interestExpense": 14400000,
    "depreciationAndAmortization": 33700000,
    "ebitda": 68100000,
    "ebitdaratio": 0.1838552916,
    "operatingIncome": 34400000,
    "operatingIncomeRatio": 0.0928725702,
    "totalOtherIncomeExpensesNet": -8800000,
    "incomeBeforeTax": 25600000,
    "incomeBeforeTaxRatio": 0.0691144708,
    "incomeTaxExpense": 6900000,
    "netIncome": 18700000,
    "netIncomeRatio": 0.0504859611,
    "eps": 0.07,
    "epsdiluted": 0.07,
    "weightedAverageShsOut": 267142857,
    "weightedAverageShsOutDil": 267142857,
    "link": "",
    "finalLink": ""
  },
  {
    "date": "1986-10-31",
    "symbol": "ADI",
    "reportedCurrency": "USD",
    "cik": "0000006281",
    "fillingDate": "1986-10-31",
    "acceptedDate": "1986-10-30 19:00:00",
    "calendarYear": "1986",
    "period": "FY",
    "revenue": 334400000,
    "costOfRevenue": 123000000,
    "grossProfit": 211400000,
    "grossProfitRatio": 0.6321770335,
    "researchAndDevelopmentExpenses": 0,
    "generalAndAdministrativeExpenses": 0,
    "sellingAndMarketingExpenses": 0,
    "sellingGeneralAndAdministrativeExpenses": 142600000,
    "otherExpenses": 28400000,
    "operatingExpenses": 171000000,
    "costAndExpenses": 294000000,
    "interestIncome": 0,
    "interestExpense": 12800000,
    "depreciationAndAmortization": 28400000,
    "ebitda": 68800000,
    "ebitdaratio": 0.2057416268,
    "operatingIncome": 40400000,
    "operatingIncomeRatio": 0.1208133971,
    "totalOtherIncomeExpensesNet": -8300000,
    "incomeBeforeTax": 32100000,
    "incomeBeforeTaxRatio": 0.095992823,
    "incomeTaxExpense": 8700000,
    "netIncome": 23400000,
    "netIncomeRatio": 0.0699760766,
    "eps": 0.09,
    "epsdiluted": 0.09,
    "weightedAverageShsOut": 260000000,
    "weightedAverageShsOutDil": 260000000,
    "link": "",
    "finalLink": ""
  },
  {
    "date": "1985-10-31",
    "symbol": "ADI",
    "reportedCurrency": "USD",
    "cik": "0000006281",
    "fillingDate": "1985-10-31",
    "acceptedDate": "1985-10-30 19:00:00",
    "calendarYear": "1985",
    "period": "FY",
    "revenue": 322400000,
    "costOfRevenue": 127400000,
    "grossProfit": 195000000,
    "grossProfitRatio": 0.6048387097,
    "researchAndDevelopmentExpenses": 0,
    "generalAndAdministrativeExpenses": 0,
    "sellingAndMarketingExpenses": 0,
    "sellingGeneralAndAdministrativeExpenses": 125400000,
    "otherExpenses": 23000000,
    "operatingExpenses": 148400000,
    "costAndExpenses": 275800000,
    "interestIncome": 0,
    "interestExpense": 7500000,
    "depreciationAndAmortization": 23000000,
    "ebitda": 69600000,
    "ebitdaratio": 0.2158808933,
    "operatingIncome": 46600000,
    "operatingIncomeRatio": 0.1445409429,
    "totalOtherIncomeExpensesNet": -7500000,
    "incomeBeforeTax": 39100000,
    "incomeBeforeTaxRatio": 0.1212779156,
    "incomeTaxExpense": 9400000,
    "netIncome": 29700000,
    "netIncomeRatio": 0.0921215881,
    "eps": 0.11,
    "epsdiluted": 0.11,
    "weightedAverageShsOut": 270000000,
    "weightedAverageShsOutDil": 270000000,
    "link": "",
    "finalLink": ""
  }
]