[
  {
    "date": "2025-06-30",
    "symbol": "ADM",
    "reportedCurrency": "USD",
    "cik": "0000007084",
    "fillingDate": "2025-08-05",
    "acceptedDate": "2025-08-05 16:03:32",
    "calendarYear": "2025",
    "period": "Q2",
    "revenue": 21188000000,
    "costOfRevenue": 20193000000,
    "grossProfit": 995000000,
    "grossProfitRatio": 0.0469605437,
    "researchAndDevelopmentExpenses": 0,
    "generalAndAdministrativeExpenses": 0,
    "sellingAndMarketingExpenses": 0,
    "sellingGeneralAndAdministrativeExpenses": 895000000,
    "otherExpenses": 0,
    "operatingExpenses": 895000000,
    "costAndExpenses": 21088000000,
    "interestIncome": 0,
    "interestExpense": 159000000,
    "depreciationAndAmortization": 291000000,
    "ebitda": 729000000,
    "ebitdaratio": 0.0344062677,
    "operatingIncome": 100000000,
    "operatingIncomeRatio": 0.0047196526,
    "totalOtherIncomeExpensesNet": 179000000,
    "incomeBeforeTax": 279000000,
    "incomeBeforeTaxRatio": 0.0131678308,
    "incomeTaxExpense": 62000000,
    "netIncome": 219000000,
    "netIncomeRatio": 0.0103360393,
    "eps": 0.45,
    "epsdiluted": 0.45,
    "weightedAverageShsOut": 484000000,
    "weightedAverageShsOutDil": 484000000,
    "link": "https://www.sec.gov/Archives/edgar/data/7084/000000708425000042/0000007084-25-000042-index.htm",
    "finalLink": "https://www.sec.gov/Archives/edgar/data/7084/000000708425000042/adm-20250630.htm"
  },
  {
    "date": "2025-03-31",
    "symbol": "ADM",
    "reportedCurrency": "USD",
    "cik": "0000007084",
    "fillingDate": "2025-05-06",
    "acceptedDate": "2025-05-06 16:01:14",
    "calendarYear": "2025",
    "period": "Q1",
    "revenue": 20175000000,
    "costOfRevenue": 18995000000,
    "grossProfit": 1180000000,
    "grossProfitRatio": 0.058488228,
    "researchAndDevelopmentExpenses": 0,
    "generalAndAdministrativeExpenses": 0,
    "sellingAndMarketingExpenses": 0,
    "sellingGeneralAndAdministrativeExpenses": 932000000,
    "otherExpenses": 0,
    "operatingExpenses": 932000000,
    "costAndExpenses": 19927000000,
    "interestIncome": 138000000,
    "interestExpense": 158000000,
    "depreciationAndAmortization": 287000000,
    "ebitda": 798000000,
    "ebitdaratio": 0.0395539033,
    "operatingIncome": 248000000,
    "operatingIncomeRatio": 0.0122924411,
    "totalOtherIncomeExpensesNet": 105000000,
    "incomeBeforeTax": 353000000,
    "incomeBeforeTaxRatio": 0.0174969021,
    "incomeTaxExpense": 61000000,
    "netIncome": 295000000,
    "netIncomeRatio": 0.014622057,
    "eps": 0.61,
    "epsdiluted": 0.61,
    "weightedAverageShsOut": 483000000,
    "weightedAverageShsOutDil": 483000000,
    "link": "https://www.sec.gov/Archives/edgar/data/7084/000000708425000022/0000007084-25-000022-index.htm",
    "finalLink": "https://www.sec.gov/Archives/edgar/data/7084/000000708425000022/adm-20250331.htm"
  },
  {
    "date": "2024-12-31",
    "symbol": "ADM",
    "reportedCurrency": "USD",
    "cik": "0000007084",
    "fillingDate": "2025-02-20",
    "acceptedDate": "2025-02-20 16:01:46",
    "calendarYear": "2024",
    "period": "Q4",
    "revenue": 21498000000,
    "costOfRevenue": 20140000000,
    "grossProfit": 1358000000,
    "grossProfitRatio": 0.0631686669,
    "researchAndDevelopmentExpenses": 0,
    "generalAndAdministrativeExpenses": 0,
    "sellingAndMarketingExpenses": 0,
    "sellingGeneralAndAdministrativeExpenses": 943000000,
    "otherExpenses": 0,
    "operatingExpenses": 943000000,
    "costAndExpenses": 21083000000,
    "interestIncome": 162000000,
    "interestExpense": 179000000,
    "depreciationAndAmortization": 287000000,
    "ebitda": 1133000000,
    "ebitdaratio": 0.052702577,
    "operatingIncome": 415000000,
    "operatingIncomeRatio": 0.0193041213,
    "totalOtherIncomeExpensesNet": 252000000,
    "incomeBeforeTax": 667000000,
    "incomeBeforeTaxRatio": 0.031026142,
    "incomeTaxExpense": 106000000,
    "netIncome": 567000000,
    "netIncomeRatio": 0.0263745465,
    "eps": 1.19,
    "epsdiluted": 1.17,
    "weightedAverageShsOut": 478000000,
    "weightedAverageShsOutDil": 484000000,
    "link": "https://www.sec.gov/Archives/edgar/data/7084/000000708425000011/0000007084-25-000011-index.htm",
    "finalLink": "https://www.sec.gov/Archives/edgar/data/7084/000000708425000011/adm-20241231.htm"
  },
  {
    "date": "2024-09-30",
    "symbol": "ADM",
    "reportedCurrency": "USD",
    "cik": "0000007084",
    "fillingDate": "2024-11-18",
    "acceptedDate": "2024-11-18 16:05:08",
    "calendarYear": "2024",
    "period": "Q3",
    "revenue": 19937000000,
    "costOfRevenue": 18572000000,
    "grossProfit": 1365000000,
    "grossProfitRatio": 0.0684656669,
    "researchAndDevelopmentExpenses": 0,
    "generalAndAdministrativeExpenses": 0,
    "sellingAndMarketingExpenses": 0,
    "sellingGeneralAndAdministrativeExpenses": 905000000,
    "otherExpenses": 0,
    "operatingExpenses": 905000000,
    "costAndExpenses": 19477000000,
    "interestIncome": 137000000,
    "interestExpense": 174000000,
    "depreciationAndAmortization": 288000000,
    "ebitda": 570000000,
    "ebitdaratio": 0.0285900587,
    "operatingIncome": 460000000,
    "operatingIncomeRatio": 0.0230726789,
    "totalOtherIncomeExpensesNet": -352000000,
    "incomeBeforeTax": 108000000,
    "incomeBeforeTaxRatio": 0.0054170638,
    "incomeTaxExpense": 90000000,
    "netIncome": 18000000,
    "netIncomeRatio": 0.000902844,
    "eps": 0.0373,
    "epsdiluted": 0.0373,
    "weightedAverageShsOut": 482000000,
    "weightedAverageShsOutDil": 483000000,
    "link": "https://www.sec.gov/Archives/edgar/data/7084/000000708424000054/0000007084-24-000054-index.htm",
    "finalLink": "https://www.sec.gov/Archives/edgar/data/7084/000000708424000054/adm-20240930.htm"
  },
  {
    "date": "2024-06-30",
    "symbol": "ADM",
    "reportedCurrency": "USD",
    "cik": "0000007084",
    "fillingDate": "2024-11-18",
    "acceptedDate": "2024-11-18 16:03:43",
    "calendarYear": "2024",
    "period": "Q2",
    "revenue": 22248000000,
    "costOfRevenue": 20852000000,
    "grossProfit": 1396000000,
    "grossProfitRatio": 0.0627472132,
    "researchAndDevelopmentExpenses": 0,
    "generalAndAdministrativeExpenses": 0,
    "sellingAndMarketingExpenses": 0,
    "sellingGeneralAndAdministrativeExpenses": 907000000,
    "otherExpenses": 0,
    "operatingExpenses": 907000000,
    "costAndExpenses": 21759000000,
    "interestIncome": 140000000,
    "interestExpense": 187000000,
    "depreciationAndAmortization": 286000000,
    "ebitda": 1069000000,
    "ebitdaratio": 0.0480492629,
    "operatingIncome": 489000000,
    "operatingIncomeRatio": 0.0219795038,
    "totalOtherIncomeExpensesNet": 107000000,
    "incomeBeforeTax": 596000000,
    "incomeBeforeTaxRatio": 0.0267889248,
    "incomeTaxExpense": 115000000,
    "netIncome": 486000000,
    "netIncomeRatio": 0.0218446602,
    "eps": 0.98,
    "epsdiluted": 0.98,
    "weightedAverageShsOut": 495918367,
    "weightedAverageShsOutDil": 495918367,
    "link": "https://www.sec.gov/Archives/edgar/data/7084/000000708424000053/0000007084-24-000053-index.htm",
    "finalLink": "https://www.sec.gov/Archives/edgar/data/7084/000000708424000053/adm-20240630.htm"
  },
  {
    "date": "2024-03-31",
    "symbol": "ADM",
    "reportedCurrency": "USD",
    "cik": "0000007084",
    "fillingDate": "2024-04-30",
    "acceptedDate": "2024-04-30 16:01:53",
    "calendarYear": "2024",
    "period": "Q1",
    "revenue": 21847000000,
    "costOfRevenue": 20188000000,
    "grossProfit": 1659000000,
    "grossProfitRatio": 0.0759371996,
    "researchAndDevelopmentExpenses": 0,
    "generalAndAdministrativeExpenses": 0,
    "sellingAndMarketingExpenses": 0,
    "sellingGeneralAndAdministrativeExpenses": 951000000,
    "otherExpenses": 0,
    "operatingExpenses": 951000000,
    "costAndExpenses": 21139000000,
    "interestIncome": 123000000,
    "interestExpense": 166000000,
    "depreciationAndAmortization": 280000000,
    "ebitda": 1331000000,
    "ebitdaratio": 0.0609236966,
    "operatingIncome": 708000000,
    "operatingIncomeRatio": 0.0324071955,
    "totalOtherIncomeExpensesNet": 177000000,
    "incomeBeforeTax": 885000000,
    "incomeBeforeTaxRatio": 0.0405089944,
    "incomeTaxExpense": 166000000,
    "netIncome": 729000000,
    "netIncomeRatio": 0.0333684259,
    "eps": 1.45,
    "epsdiluted": 1.42,
    "weightedAverageShsOut": 502000000,
    "weightedAverageShsOutDil": 514000000,
    "link": "https://www.sec.gov/Archives/edgar/data/7084/000000708424000017/0000007084-24-000017-index.htm",
    "finalLink": "https://www.sec.gov/Archives/edgar/data/7084/000000708424000017/adm-20240331.htm"
  },
  {
    "date": "2023-12-31",
    "symbol": "ADM",
    "reportedCurrency": "USD",
    "cik": "0000007084",
    "fillingDate": "2024-03-12",
    "acceptedDate": "2024-03-12 06:01:10",
    "calendarYear": "2023",
    "period": "Q4",
    "revenue": 22978000000,
    "costOfRevenue": 21238000000,
    "grossProfit": 1740000000,
    "grossProfitRatio": 0.0757246061,
    "researchAndDevelopmentExpenses": 0,
    "generalAndAdministrativeExpenses": 0,
    "sellingAndMarketingExpenses": 0,
    "sellingGeneralAndAdministrativeExpenses": 919000000,
    "otherExpenses": 0,
    "operatingExpenses": 919000000,
    "costAndExpenses": 22157000000,
    "interestIncome": 71000000,
    "interestExpense": 165000000,
    "depreciationAndAmortization": 277000000,
    "ebitda": 1176000000,
    "ebitdaratio": 0.051179389,
    "operatingIncome": 821000000,
    "operatingIncomeRatio": 0.0357298285,
    "totalOtherIncomeExpensesNet": -87000000,
    "incomeBeforeTax": 734000000,
    "incomeBeforeTaxRatio": 0.0319435982,
    "incomeTaxExpense": 192000000,
    "netIncome": 565000000,
    "netIncomeRatio": 0.0245887371,
    "eps": 1.08,
    "epsdiluted": 1.06,
    "weightedAverageShsOut": 521242142,
    "weightedAverageShsOutDil": 531000000,
    "link": "https://www.sec.gov/Archives/edgar/data/7084/000000708424000009/0000007084-24-000009-index.htm",
    "finalLink": "https://www.sec.gov/Archives/edgar/data/7084/000000708424000009/adm-20231231.htm"
  },
  {
    "date": "2023-09-30",
    "symbol": "ADM",
    "reportedCurrency": "USD",
    "cik": "0000007084",
    "fillingDate": "2023-10-24",
    "acceptedDate": "2023-10-24 16:12:11",
    "calendarYear": "2023",
    "period": "Q3",
    "revenue": 21695000000,
    "costOfRevenue": 19885000000,
    "grossProfit": 1810000000,
    "grossProfitRatio": 0.0834293616,
    "researchAndDevelopmentExpenses": 0,
    "generalAndAdministrativeExpenses": 0,
    "sellingAndMarketingExpenses": 0,
    "sellingGeneralAndAdministrativeExpenses": 815000000,
    "otherExpenses": 0,
    "operatingExpenses": 815000000,
    "costAndExpenses": 20700000000,
    "interestIncome": 152000000,
    "interestExpense": 155000000,
    "depreciationAndAmortization": 261000000,
    "ebitda": 1447000000,
    "ebitdaratio": 0.0666973957,
    "operatingIncome": 995000000,
    "operatingIncomeRatio": 0.0458631021,
    "totalOtherIncomeExpensesNet": 36000000,
    "incomeBeforeTax": 1031000000,
    "incomeBeforeTaxRatio": 0.0475224706,
    "incomeTaxExpense": 207000000,
    "netIncome": 821000000,
    "netIncomeRatio": 0.0378428209,
    "eps": 1.52,
    "epsdiluted": 1.52,
    "weightedAverageShsOut": 540000000,
    "weightedAverageShsOutDil": 540000000,
    "link": "https://www.sec.gov/Archives/edgar/data/7084/000000708423000039/0000007084-23-000039-index.htm",
    "finalLink": "https://www.sec.gov/Archives/edgar/data/7084/000000708423000039/adm-20230930.htm"
  },
  {
    "date": "2023-06-30",
    "symbol": "ADM",
    "reportedCurrency": "USD",
    "cik": "0000007084",
    "fillingDate": "2023-09-11",
    "acceptedDate": "2023-09-11 17:01:47",
    "calendarYear": "2023",
    "period": "Q2",
    "revenue": 25190000000,
    "costOfRevenue": 23307000000,
    "grossProfit": 1883000000,
    "grossProfitRatio": 0.0747518857,
    "researchAndDevelopmentExpenses": 0,
    "generalAndAdministrativeExpenses": 0,
    "sellingAndMarketingExpenses": 0,
    "sellingGeneralAndAdministrativeExpenses": 841000000,
    "otherExpenses": 0,
    "operatingExpenses": 841000000,
    "costAndExpenses": 24148000000,
    "interestIncome": 142000000,
    "interestExpense": 181000000,
    "depreciationAndAmortization": 262000000,
    "ebitda": 1574000000,
    "ebitdaratio": 0.0624851131,
    "operatingIncome": 1042000000,
    "operatingIncomeRatio": 0.0413656213,
    "totalOtherIncomeExpensesNet": 90000000,
    "incomeBeforeTax": 1132000000,
    "incomeBeforeTaxRatio": 0.0449384676,
    "incomeTaxExpense": 204000000,
    "netIncome": 927000000,
    "netIncomeRatio": 0.0368003176,
    "eps": 1.7,
    "epsdiluted": 1.7,
    "weightedAverageShsOut": 545000000,
    "weightedAverageShsOutDil": 546000000,
    "link": "https://www.sec.gov/Archives/edgar/data/7084/000000708423000033/0000007084-23-000033-index.htm",
    "finalLink": "https://www.sec.gov/Archives/edgar/data/7084/000000708423000033/adm-20230630.htm"
  },
  {
    "date": "2023-03-31",
    "symbol": "ADM",
    "reportedCurrency": "USD",
    "cik": "0000007084",
    "fillingDate": "2023-04-25",
    "acceptedDate": "2023-04-25 16:05:27",
    "calendarYear": "2023",
    "period": "Q1",
    "revenue": 24072000000,
    "costOfRevenue": 21992000000,
    "grossProfit": 2080000000,
    "grossProfitRatio": 0.0864074443,
    "researchAndDevelopmentExpenses": 0,
    "generalAndAdministrativeExpenses": 0,
    "sellingAndMarketingExpenses": 0,
    "sellingGeneralAndAdministrativeExpenses": 881000000,
    "otherExpenses": 0,
    "operatingExpenses": 881000000,
    "costAndExpenses": 22873000000,
    "interestIncome": 134000000,
    "interestExpense": 152000000,
    "depreciationAndAmortization": 259000000,
    "ebitda": 1803000000,
    "ebitdaratio": 0.0749002991,
    "operatingIncome": 1199000000,
    "operatingIncomeRatio": 0.0498089066,
    "totalOtherIncomeExpensesNet": 198000000,
    "incomeBeforeTax": 1397000000,
    "incomeBeforeTaxRatio": 0.0580342306,
    "incomeTaxExpense": 225000000,
    "netIncome": 1170000000,
    "netIncomeRatio": 0.0486041874,
    "eps": 2.13,
    "epsdiluted": 2.12,
    "weightedAverageShsOut": 550000000,
    "weightedAverageShsOutDil": 551000000,
    "link": "https://www.sec.gov/Archives/edgar/data/7084/000000708423000017/0000007084-23-000017-index.htm",
    "finalLink": "https://www.sec.gov/Archives/edgar/data/7084/000000708423000017/adm-20230331.htm"
  },
  {
    "date": "2022-12-31",
    "symbol": "ADM",
    "reportedCurrency": "USD",
    "cik": "0000007084",
    "fillingDate": "2023-02-14",
    "acceptedDate": "2023-02-14 16:09:23",
    "calendarYear": "2022",
    "period": "Q4",
    "revenue": 25939000000,
    "costOfRevenue": 24177000000,
    "grossProfit": 1762000000,
    "grossProfitRatio": 0.0679286017,
    "researchAndDevelopmentExpenses": 0,
    "generalAndAdministrativeExpenses": 0,
    "sellingAndMarketingExpenses": 0,
    "sellingGeneralAndAdministrativeExpenses": 897000000,
    "otherExpenses": 0,
    "operatingExpenses": 897000000,
    "costAndExpenses": 25074000000,
    "interestIncome": 117000000,
    "interestExpense": 131000000,
    "depreciationAndAmortization": 254000000,
    "ebitda": 1601000000,
    "ebitdaratio": 0.0617217318,
    "operatingIncome": 865000000,
    "operatingIncomeRatio": 0.0333474691,
    "totalOtherIncomeExpensesNet": 348000000,
    "incomeBeforeTax": 1213000000,
    "incomeBeforeTaxRatio": 0.0467635607,
    "incomeTaxExpense": 189000000,
    "netIncome": 1019000000,
    "netIncomeRatio": 0.0392844751,
    "eps": 1.86,
    "epsdiluted": 1.84,
    "weightedAverageShsOut": 547000000,
    "weightedAverageShsOutDil": 554000000,
    "link": "https://www.sec.gov/Archives/edgar/data/7084/000000708423000010/0000007084-23-000010-index.htm",
    "finalLink": "https://www.sec.gov/Archives/edgar/data/7084/000000708423000010/adm-20221231.htm"
  },
  {
    "date": "2022-09-30",
    "symbol": "ADM",
    "reportedCurrency": "USD",
    "cik": "0000007084",
    "fillingDate": "2022-10-25",
    "acceptedDate": "2022-10-25 16:01:27",
    "calendarYear": "2022",
    "period": "Q3",
    "revenue": 24683000000,
    "costOfRevenue": 22872000000,
    "grossProfit": 1811000000,
    "grossProfitRatio": 0.0733703359,
    "researchAndDevelopmentExpenses": 0,
    "generalAndAdministrativeExpenses": 0,
    "sellingAndMarketingExpenses": 0,
    "sellingGeneralAndAdministrativeExpenses": 818000000,
    "otherExpenses": 0,
    "operatingExpenses": 818000000,
    "costAndExpenses": 23690000000,
    "interestIncome": 85000000,
    "interestExpense": 105000000,
    "depreciationAndAmortization": 260000000,
    "ebitda": 1587000000,
    "ebitdaratio": 0.0642952639,
    "operatingIncome": 993000000,
    "operatingIncomeRatio": 0.0402301179,
    "totalOtherIncomeExpensesNet": 237000000,
    "incomeBeforeTax": 1230000000,
    "incomeBeforeTaxRatio": 0.0498318681,
    "incomeTaxExpense": 193000000,
    "netIncome": 1031000000,
    "netIncomeRatio": 0.041769639,
    "eps": 1.84,
    "epsdiluted": 1.83,
    "weightedAverageShsOut": 561000000,
    "weightedAverageShsOutDil": 563000000,
    "link": "https://www.sec.gov/Archives/edgar/data/7084/000000708422000029/0000007084-22-000029-index.htm",
    "finalLink": "https://www.sec.gov/Archives/edgar/data/7084/000000708422000029/adm-20220930.htm"
  },
  {
    "date": "2022-06-30",
    "symbol": "ADM",
    "reportedCurrency": "USD",
    "cik": "0000007084",
    "fillingDate": "2022-07-26",
    "acceptedDate": "2022-07-26 16:01:30",
    "calendarYear": "2022",
    "period": "Q2",
    "revenue": 27284000000,
    "costOfRevenue": 25184000000,
    "grossProfit": 2100000000,
    "grossProfitRatio": 0.0769681865,
    "researchAndDevelopmentExpenses": 0,
    "generalAndAdministrativeExpenses": 0,
    "sellingAndMarketingExpenses": 0,
    "sellingGeneralAndAdministrativeExpenses": 814000000,
    "otherExpenses": 0,
    "operatingExpenses": 814000000,
    "costAndExpenses": 25998000000,
    "interestIncome": 29000000,
    "interestExpense": 92000000,
    "depreciationAndAmortization": 257000000,
    "ebitda": 1849000000,
    "ebitdaratio": 0.0677686556,
    "operatingIncome": 1286000000,
    "operatingIncomeRatio": 0.0471338513,
    "totalOtherIncomeExpensesNet": 233000000,
    "incomeBeforeTax": 1519000000,
    "incomeBeforeTaxRatio": 0.0556736549,
    "incomeTaxExpense": 279000000,
    "netIncome": 1236000000,
    "netIncomeRatio": 0.0453012755,
    "eps": 2.18,
    "epsdiluted": 2.18,
    "weightedAverageShsOut": 566000000,
    "weightedAverageShsOutDil": 568000000,
    "link": "https://www.sec.gov/Archives/edgar/data/7084/000000708422000023/0000007084-22-000023-index.htm",
    "finalLink": "https://www.sec.gov/Archives/edgar/data/7084/000000708422000023/adm-20220630.htm"
  },
  {
    "date": "2022-03-31",
    "symbol": "ADM",
    "reportedCurrency": "USD",
    "cik": "0000007084",
    "fillingDate": "2022-04-26",
    "acceptedDate": "2022-04-26 16:10:28",
    "calendarYear": "2022",
    "period": "Q1",
    "revenue": 23650000000,
    "costOfRevenue": 21753000000,
    "grossProfit": 1897000000,
    "grossProfitRatio": 0.0802114165,
    "researchAndDevelopmentExpenses": 0,
    "generalAndAdministrativeExpenses": 0,
    "sellingAndMarketingExpenses": 0,
    "sellingGeneralAndAdministrativeExpenses": 829000000,
    "otherExpenses": 0,
    "operatingExpenses": 829000000,
    "costAndExpenses": 22582000000,
    "interestIncome": 25000000,
    "interestExpense": 77000000,
    "depreciationAndAmortization": 257000000,
    "ebitda": 1620000000,
    "ebitdaratio": 0.0684989429,
    "operatingIncome": 1068000000,
    "operatingIncomeRatio": 0.0451585624,
    "totalOtherIncomeExpensesNet": 203000000,
    "incomeBeforeTax": 1271000000,
    "incomeBeforeTaxRatio": 0.0537420719,
    "incomeTaxExpense": 207000000,
    "netIncome": 1054000000,
    "netIncomeRatio": 0.0445665962,
    "eps": 1.86,
    "epsdiluted": 1.86,
    "weightedAverageShsOut": 566000000,
    "weightedAverageShsOutDil": 568000000,
    "link": "https://www.sec.gov/Archives/edgar/data/7084/000000708422000013/0000007084-22-000013-index.htm",
    "finalLink": "https://www.sec.gov/Archives/edgar/data/7084/000000708422000013/adm-20220331.htm"
  },
  {
    "date": "2021-12-31",
    "symbol": "ADM",
    "reportedCurrency": "USD",
    "cik": "0000007084",
    "fillingDate": "2022-02-17",
    "acceptedDate": "2022-02-17 07:17:27",
    "calendarYear": "2021",
    "period": "Q4",
    "revenue": 23090000000,
    "costOfRevenue": 21440000000,
    "grossProfit": 1650000000,
    "grossProfitRatio": 0.0714595063,
    "researchAndDevelopmentExpenses": 0,
    "generalAndAdministrativeExpenses": 0,
    "sellingAndMarketingExpenses": 0,
    "sellingGeneralAndAdministrativeExpenses": 786000000,
    "otherExpenses": 0,
    "operatingExpenses": 786000000,
    "costAndExpenses": 22226000000,
    "interestIncome": 13000000,
    "interestExpense": 79000000,
    "depreciationAndAmortization": 257000000,
    "ebitda": 1345000000,
    "ebitdaratio": 0.0582503248,
    "operatingIncome": 864000000,
    "operatingIncomeRatio": 0.037418796,
    "totalOtherIncomeExpensesNet": 147000000,
    "incomeBeforeTax": 1011000000,
    "incomeBeforeTaxRatio": 0.0437851884,
    "incomeTaxExpense": 214000000,
    "netIncome": 782000000,
    "netIncomeRatio": 0.0338674751,
    "eps": 1.4,
    "epsdiluted": 1.38,
    "weightedAverageShsOut": 560000000,
    "weightedAverageShsOutDil": 566000000,
    "link": "https://www.sec.gov/Archives/edgar/data/7084/000000708422000008/0000007084-22-000008-index.htm",
    "finalLink": "https://www.sec.gov/Archives/edgar/data/7084/000000708422000008/adm-20211231.htm"
  },
  {
    "date": "2021-09-30",
    "symbol": "ADM",
    "reportedCurrency": "USD",
    "cik": "0000007084",
    "fillingDate": "2021-10-26",
    "acceptedDate": "2021-10-26 16:01:39",
    "calendarYear": "2021",
    "period": "Q3",
    "revenue": 20340000000,
    "costOfRevenue": 19014000000,
    "grossProfit": 1326000000,
    "grossProfitRatio": 0.0651917404,
    "researchAndDevelopmentExpenses": 0,
    "generalAndAdministrativeExpenses": 0,
    "sellingAndMarketingExpenses": 0,
    "sellingGeneralAndAdministrativeExpenses": 720000000,
    "otherExpenses": 0,
    "operatingExpenses": 720000000,
    "costAndExpenses": 19734000000,
    "interestIncome": 11000000,
    "interestExpense": 68000000,
    "depreciationAndAmortization": 247000000,
    "ebitda": 961000000,
    "ebitdaratio": 0.0472468043,
    "operatingIncome": 606000000,
    "operatingIncomeRatio": 0.0297935103,
    "totalOtherIncomeExpensesNet": 47000000,
    "incomeBeforeTax": 653000000,
    "incomeBeforeTaxRatio": 0.0321042281,
    "incomeTaxExpense": 120000000,
    "netIncome": 526000000,
    "netIncomeRatio": 0.0258603736,
    "eps": 0.93,
    "epsdiluted": 0.93,
    "weightedAverageShsOut": 564000000,
    "weightedAverageShsOutDil": 566000000,
    "link": "https://www.sec.gov/Archives/edgar/data/7084/000000708421000039/0000007084-21-000039-index.htm",
    "finalLink": "https://www.sec.gov/Archives/edgar/data/7084/000000708421000039/adm-20210930.htm"
  },
  {
    "date": "2021-06-30",
    "symbol": "ADM",
    "reportedCurrency": "USD",
    "cik": "0000007084",
    "fillingDate": "2021-07-27",
    "acceptedDate": "2021-07-27 16:40:07",
    "calendarYear": "2021",
    "period": "Q2",
    "revenue": 22926000000,
    "costOfRevenue": 21463000000,
    "grossProfit": 1463000000,
    "grossProfitRatio": 0.0638140103,
    "researchAndDevelopmentExpenses": 0,
    "generalAndAdministrativeExpenses": 0,
    "sellingAndMarketingExpenses": 0,
    "sellingGeneralAndAdministrativeExpenses": 739000000,
    "otherExpenses": 0,
    "operatingExpenses": 739000000,
    "costAndExpenses": 22202000000,
    "interestIncome": 10000000,
    "interestExpense": 70000000,
    "depreciationAndAmortization": 243000000,
    "ebitda": 1108000000,
    "ebitdaratio": 0.0483294077,
    "operatingIncome": 724000000,
    "operatingIncomeRatio": 0.0315798657,
    "totalOtherIncomeExpensesNet": 101000000,
    "incomeBeforeTax": 825000000,
    "incomeBeforeTaxRatio": 0.0359853442,
    "incomeTaxExpense": 113000000,
    "netIncome": 712000000,
    "netIncomeRatio": 0.0310564425,
    "eps": 1.26,
    "epsdiluted": 1.26,
    "weightedAverageShsOut": 564000000,
    "weightedAverageShsOutDil": 566000000,
    "link": "https://www.sec.gov/Archives/edgar/data/7084/000000708421000031/0000007084-21-000031-index.htm",
    "finalLink": "https://www.sec.gov/Archives/edgar/data/7084/000000708421000031/adm-20210630.htm"
  },
  {
    "date": "2021-03-31",
    "symbol": "ADM",
    "reportedCurrency": "USD",
    "cik": "0000007084",
    "fillingDate": "2021-04-28",
    "acceptedDate": "2021-04-28 16:00:55",
    "calendarYear": "2021",
    "period": "Q1",
    "revenue": 18893000000,
    "costOfRevenue": 17345000000,
    "grossProfit": 1548000000,
    "grossProfitRatio": 0.0819351082,
    "researchAndDevelopmentExpenses": 0,
    "generalAndAdministrativeExpenses": 0,
    "sellingAndMarketingExpenses": 0,
    "sellingGeneralAndAdministrativeExpenses": 749000000,
    "otherExpenses": 0,
    "operatingExpenses": 749000000,
    "costAndExpenses": 18094000000,
    "interestIncome": 13000000,
    "interestExpense": 67000000,
    "depreciationAndAmortization": 249000000,
    "ebitda": 1160000000,
    "ebitdaratio": 0.0613984015,
    "operatingIncome": 799000000,
    "operatingIncomeRatio": 0.0422907955,
    "totalOtherIncomeExpensesNet": 25000000,
    "incomeBeforeTax": 824000000,
    "incomeBeforeTaxRatio": 0.0436140369,
    "incomeTaxExpense": 131000000,
    "netIncome": 689000000,
    "netIncomeRatio": 0.0364685333,
    "eps": 1.22,
    "epsdiluted": 1.22,
    "weightedAverageShsOut": 563000000,
    "weightedAverageShsOutDil": 564000000,
    "link": "https://www.sec.gov/Archives/edgar/data/7084/000000708421000018/0000007084-21-000018-index.htm",
    "finalLink": "https://www.sec.gov/Archives/edgar/data/7084/000000708421000018/adm-20210331.htm"
  },
  {
    "date": "2020-12-31",
    "symbol": "ADM",
    "reportedCurrency": "USD",
    "cik": "0000007084",
    "fillingDate": "2021-02-18",
    "acceptedDate": "2021-02-18 16:01:30",
    "calendarYear": "2020",
    "period": "Q4",
    "revenue": 17978000000,
    "costOfRevenue": 16626000000,
    "grossProfit": 1352000000,
    "grossProfitRatio": 0.0752030259,
    "researchAndDevelopmentExpenses": 0,
    "generalAndAdministrativeExpenses": 0,
    "sellingAndMarketingExpenses": 0,
    "sellingGeneralAndAdministrativeExpenses": 749000000,
    "otherExpenses": 0,
    "operatingExpenses": 749000000,
    "costAndExpenses": 17375000000,
    "interestIncome": 17000000,
    "interestExpense": 73000000,
    "depreciationAndAmortization": 249000000,
    "ebitda": 1074000000,
    "ebitdaratio": 0.0597396818,
    "operatingIncome": 603000000,
    "operatingIncomeRatio": 0.0335409945,
    "totalOtherIncomeExpensesNet": 153000000,
    "incomeBeforeTax": 756000000,
    "incomeBeforeTaxRatio": 0.0420513962,
    "incomeTaxExpense": 63000000,
    "netIncome": 687000000,
    "netIncomeRatio": 0.0382133719,
    "eps": 1.24,
    "epsdiluted": 1.22,
    "weightedAverageShsOut": 556000000,
    "weightedAverageShsOutDil": 563000000,
    "link": "https://www.sec.gov/Archives/edgar/data/7084/000000708421000008/0000007084-21-000008-index.htm",
    "finalLink": "https://www.sec.gov/Archives/edgar/data/7084/000000708421000008/adm-20201231.htm"
  },
  {
    "date": "2020-09-30",
    "symbol": "ADM",
    "reportedCurrency": "USD",
    "cik": "0000007084",
    "fillingDate": "2020-10-30",
    "acceptedDate": "2020-10-30 16:01:00",
    "calendarYear": "2020",
    "period": "Q3",
    "revenue": 15126000000,
    "costOfRevenue": 14084000000,
    "grossProfit": 1042000000,
    "grossProfitRatio": 0.0688880074,
    "researchAndDevelopmentExpenses": 0,
    "generalAndAdministrativeExpenses": 0,
    "sellingAndMarketingExpenses": 0,
    "sellingGeneralAndAdministrativeExpenses": 636000000,
    "otherExpenses": 0,
    "operatingExpenses": 636000000,
    "costAndExpenses": 14720000000,
    "interestIncome": 16000000,
    "interestExpense": 85000000,
    "depreciationAndAmortization": 238000000,
    "ebitda": 538000000,
    "ebitdaratio": 0.0355678963,
    "operatingIncome": 406000000,
    "operatingIncomeRatio": 0.0268412006,
    "totalOtherIncomeExpensesNet": -206000000,
    "incomeBeforeTax": 200000000,
    "incomeBeforeTaxRatio": 0.0132222663,
    "incomeTaxExpense": -26000000,
    "netIncome": 225000000,
    "netIncomeRatio": 0.0148750496,
    "eps": 0.4,
    "epsdiluted": 0.4,
    "weightedAverageShsOut": 561000000,
    "weightedAverageShsOutDil": 562000000,
    "link": "https://www.sec.gov/Archives/edgar/data/7084/000000708420000038/0000007084-20-000038-index.htm",
    "finalLink": "https://www.sec.gov/Archives/edgar/data/7084/000000708420000038/adm-2020930x10q.htm"
  },
  {
    "date": "2020-06-30",
    "symbol": "ADM",
    "reportedCurrency": "USD",
    "cik": "0000007084",
    "fillingDate": "2020-07-30",
    "acceptedDate": "2020-07-30 18:39:05",
    "calendarYear": "2020",
    "period": "Q2",
    "revenue": 16281000000,
    "costOfRevenue": 15173000000,
    "grossProfit": 1108000000,
    "grossProfitRatio": 0.0680547878,
    "researchAndDevelopmentExpenses": 0,
    "generalAndAdministrativeExpenses": 0,
    "sellingAndMarketingExpenses": 0,
    "sellingGeneralAndAdministrativeExpenses": 638000000,
    "otherExpenses": 0,
    "operatingExpenses": 638000000,
    "costAndExpenses": 15811000000,
    "interestIncome": 15000000,
    "interestExpense": 79000000,
    "depreciationAndAmortization": 244000000,
    "ebitda": 883000000,
    "ebitdaratio": 0.0542349979,
    "operatingIncome": 470000000,
    "operatingIncomeRatio": 0.0288680057,
    "totalOtherIncomeExpensesNet": 82000000,
    "incomeBeforeTax": 552000000,
    "incomeBeforeTaxRatio": 0.0339045513,
    "incomeTaxExpense": 80000000,
    "netIncome": 469000000,
    "netIncomeRatio": 0.0288065844,
    "eps": 0.84,
    "epsdiluted": 0.84,
    "weightedAverageShsOut": 561000000,
    "weightedAverageShsOutDil": 562000000,
    "link": "https://www.sec.gov/Archives/edgar/data/7084/000000708420000025/0000007084-20-000025-index.htm",
    "finalLink": "https://www.sec.gov/Archives/edgar/data/7084/000000708420000025/adm-2020630x10q.htm"
  },
  {
    "date": "2020-03-31",
    "symbol": "ADM",
    "reportedCurrency": "USD",
    "cik": "0000007084",
    "fillingDate": "2020-05-01",
    "acceptedDate": "2020-05-01 11:51:12",
    "calendarYear": "2020",
    "period": "Q1",
    "revenue": 14970000000,
    "costOfRevenue": 14019000000,
    "grossProfit": 951000000,
    "grossProfitRatio": 0.0635270541,
    "researchAndDevelopmentExpenses": 0,
    "generalAndAdministrativeExpenses": 0,
    "sellingAndMarketingExpenses": 0,
    "sellingGeneralAndAdministrativeExpenses": 664000000,
    "otherExpenses": 0,
    "operatingExpenses": 664000000,
    "costAndExpenses": 14683000000,
    "interestIncome": 40000000,
    "interestExpense": 83000000,
    "depreciationAndAmortization": 245000000,
    "ebitda": 703000000,
    "ebitdaratio": 0.0469605878,
    "operatingIncome": 287000000,
    "operatingIncomeRatio": 0.0191716767,
    "totalOtherIncomeExpensesNet": 88000000,
    "incomeBeforeTax": 375000000,
    "incomeBeforeTaxRatio": 0.0250501002,
    "incomeTaxExpense": -16000000,
    "netIncome": 391000000,
    "netIncomeRatio": 0.0261189045,
    "eps": 0.69,
    "epsdiluted": 0.69,
    "weightedAverageShsOut": 563000000,
    "weightedAverageShsOutDil": 564000000,
    "link": "https://www.sec.gov/Archives/edgar/data/7084/000000708420000015/0000007084-20-000015-index.htm",
    "finalLink": "https://www.sec.gov/Archives/edgar/data/7084/000000708420000015/adm-2020331x10q.htm"
  },
  {
    "date": "2019-12-31",
    "symbol": "ADM",
    "reportedCurrency": "USD",
    "cik": "0000007084",
    "fillingDate": "2020-02-18",
    "acceptedDate": "2020-02-18 16:03:05",
    "calendarYear": "2019",
    "period": "Q4",
    "revenue": 16329000000,
    "costOfRevenue": 15160000000,
    "grossProfit": 1169000000,
    "grossProfitRatio": 0.0715904219,
    "researchAndDevelopmentExpenses": 0,
    "generalAndAdministrativeExpenses": 0,
    "sellingAndMarketingExpenses": 0,
    "sellingGeneralAndAdministrativeExpenses": 654000000,
    "otherExpenses": 0,
    "operatingExpenses": 654000000,
    "costAndExpenses": 15814000000,
    "interestIncome": 50000000,
    "interestExpense": 96000000,
    "depreciationAndAmortization": 251000000,
    "ebitda": 842000000,
    "ebitdaratio": 0.0515647008,
    "operatingIncome": 515000000,
    "operatingIncomeRatio": 0.0315389797,
    "totalOtherIncomeExpensesNet": -19000000,
    "incomeBeforeTax": 496000000,
    "incomeBeforeTaxRatio": 0.0303754057,
    "incomeTaxExpense": -3000000,
    "netIncome": 504000000,
    "netIncomeRatio": 0.0308653316,
    "eps": 0.9,
    "epsdiluted": 0.9,
    "weightedAverageShsOut": 557000000,
    "weightedAverageShsOutDil": 563000000,
    "link": "https://www.sec.gov/Archives/edgar/data/7084/000000708420000009/0000007084-20-000009-index.htm",
    "finalLink": "https://www.sec.gov/Archives/edgar/data/7084/000000708420000009/adm-20191231x10k.htm"
  },
  {
    "date": "2019-09-30",
    "symbol": "ADM",
    "reportedCurrency": "USD",
    "cik": "0000007084",
    "fillingDate": "2019-10-31",
    "acceptedDate": "2019-10-31 16:02:17",
    "calendarYear": "2019",
    "period": "Q3",
    "revenue": 16726000000,
    "costOfRevenue": 15648000000,
    "grossProfit": 1078000000,
    "grossProfitRatio": 0.064450556,
    "researchAndDevelopmentExpenses": 0,
    "generalAndAdministrativeExpenses": 0,
    "sellingAndMarketingExpenses": 0,
    "sellingGeneralAndAdministrativeExpenses": 578000000,
    "otherExpenses": 0,
    "operatingExpenses": 578000000,
    "costAndExpenses": 16226000000,
    "interestIncome": 47000000,
    "interestExpense": 97000000,
    "depreciationAndAmortization": 249000000,
    "ebitda": 849000000,
    "ebitdaratio": 0.0507592969,
    "operatingIncome": 500000000,
    "operatingIncomeRatio": 0.0298935789,
    "totalOtherIncomeExpensesNet": 3000000,
    "incomeBeforeTax": 503000000,
    "incomeBeforeTaxRatio": 0.0300729403,
    "incomeTaxExpense": 95000000,
    "netIncome": 407000000,
    "netIncomeRatio": 0.0243333732,
    "eps": 0.72,
    "epsdiluted": 0.72,
    "weightedAverageShsOut": 562000000,
    "weightedAverageShsOutDil": 563000000,
    "link": "https://www.sec.gov/Archives/edgar/data/7084/000000708419000034/0000007084-19-000034-index.htm",
    "finalLink": "https://www.sec.gov/Archives/edgar/data/7084/000000708419000034/adm-2019930x10q.htm"
  },
  {
    "date": "2019-06-30",
    "symbol": "ADM",
    "reportedCurrency": "USD",
    "cik": "0000007084",
    "fillingDate": "2019-08-01",
    "acceptedDate": "2019-08-01 16:03:18",
    "calendarYear": "2019",
    "period": "Q2",
    "revenue": 16297000000,
    "costOfRevenue": 15325000000,
    "grossProfit": 972000000,
    "grossProfitRatio": 0.0596428791,
    "researchAndDevelopmentExpenses": 0,
    "generalAndAdministrativeExpenses": 0,
    "sellingAndMarketingExpenses": 0,
    "sellingGeneralAndAdministrativeExpenses": 602000000,
    "otherExpenses": 0,
    "operatingExpenses": 602000000,
    "costAndExpenses": 15927000000,
    "interestIncome": 46000000,
    "interestExpense": 109000000,
    "depreciationAndAmortization": 248000000,
    "ebitda": 631000000,
    "ebitdaratio": 0.0387187826,
    "operatingIncome": 370000000,
    "operatingIncomeRatio": 0.0227035651,
    "totalOtherIncomeExpensesNet": -96000000,
    "incomeBeforeTax": 274000000,
    "incomeBeforeTaxRatio": 0.0168129104,
    "incomeTaxExpense": 36000000,
    "netIncome": 235000000,
    "netIncomeRatio": 0.0144198319,
    "eps": 0.42,
    "epsdiluted": 0.42,
    "weightedAverageShsOut": 565000000,
    "weightedAverageShsOutDil": 566000000,
    "link": "https://www.sec.gov/Archives/edgar/data/7084/000000708419000028/0000007084-19-000028-index.htm",
    "finalLink": "https://www.sec.gov/Archives/edgar/data/7084/000000708419000028/adm-2019630x10q.htm"
  },
  {
    "date": "2019-03-31",
    "symbol": "ADM",
    "reportedCurrency": "USD",
    "cik": "0000007084",
    "fillingDate": "2019-04-26",
    "acceptedDate": "2019-04-26 16:02:20",
    "calendarYear": "2019",
    "period": "Q1",
    "revenue": 15304000000,
    "costOfRevenue": 14376000000,
    "grossProfit": 928000000,
    "grossProfitRatio": 0.0606377418,
    "researchAndDevelopmentExpenses": 0,
    "generalAndAdministrativeExpenses": 0,
    "sellingAndMarketingExpenses": 0,
    "sellingGeneralAndAdministrativeExpenses": 659000000,
    "otherExpenses": 0,
    "operatingExpenses": 659000000,
    "costAndExpenses": 15035000000,
    "interestIncome": 49000000,
    "interestExpense": 101000000,
    "depreciationAndAmortization": 245000000,
    "ebitda": 661000000,
    "ebitdaratio": 0.0431913225,
    "operatingIncome": 269000000,
    "operatingIncomeRatio": 0.017577104,
    "totalOtherIncomeExpensesNet": 46000000,
    "incomeBeforeTax": 315000000,
    "incomeBeforeTaxRatio": 0.0205828542,
    "incomeTaxExpense": 81000000,
    "netIncome": 233000000,
    "netIncomeRatio": 0.0152247778,
    "eps": 0.41,
    "epsdiluted": 0.41,
    "weightedAverageShsOut": 565000000,
    "weightedAverageShsOutDil": 566000000,
    "link": "https://www.sec.gov/Archives/edgar/data/7084/000000708419000018/0000007084-19-000018-index.htm",
    "finalLink": "https://www.sec.gov/Archives/edgar/data/7084/000000708419000018/adm-2019331x10q.htm"
  },
  {
    "date": "2018-12-31",
    "symbol": "ADM",
    "reportedCurrency": "USD",
    "cik": "0000007084",
    "fillingDate": "2019-02-19",
    "acceptedDate": "2019-02-19 16:46:04",
    "calendarYear": "2018",
    "period": "Q4",
    "revenue": 15947000000,
    "costOfRevenue": 14894000000,
    "grossProfit": 1053000000,
    "grossProfitRatio": 0.0660312284,
    "researchAndDevelopmentExpenses": 0,
    "generalAndAdministrativeExpenses": 0,
    "sellingAndMarketingExpenses": 0,
    "sellingGeneralAndAdministrativeExpenses": 558000000,
    "otherExpenses": 0,
    "operatingExpenses": 558000000,
    "costAndExpenses": 15452000000,
    "interestIncome": 47000000,
    "interestExpense": 97000000,
    "depreciationAndAmortization": 235000000,
    "ebitda": 644000000,
    "ebitdaratio": 0.0403837712,
    "operatingIncome": 495000000,
    "operatingIncomeRatio": 0.0310403211,
    "totalOtherIncomeExpensesNet": -183000000,
    "incomeBeforeTax": 312000000,
    "incomeBeforeTaxRatio": 0.0195648084,
    "incomeTaxExpense": -5000000,
    "netIncome": 315000000,
    "netIncomeRatio": 0.0197529316,
    "eps": 0.56,
    "epsdiluted": 0.55,
    "weightedAverageShsOut": 559000000,
    "weightedAverageShsOutDil": 567000000,
    "link": "https://www.sec.gov/Archives/edgar/data/7084/000000708419000012/0000007084-19-000012-index.htm",
    "finalLink": "https://www.sec.gov/Archives/edgar/data/7084/000000708419000012/adm-20181231x10k.htm"
  },
  {
    "date": "2018-09-30",
    "symbol": "ADM",
    "reportedCurrency": "USD",
    "cik": "0000007084",
    "fillingDate": "2018-11-06",
    "acceptedDate": "2018-11-06 16:03:52",
    "calendarYear": "2018",
    "period": "Q3",
    "revenue": 15800000000,
    "costOfRevenue": 14742000000,
    "grossProfit": 1058000000,
    "grossProfitRatio": 0.0669620253,
    "researchAndDevelopmentExpenses": 0,
    "generalAndAdministrativeExpenses": 0,
    "sellingAndMarketingExpenses": 0,
    "sellingGeneralAndAdministrativeExpenses": 534000000,
    "otherExpenses": 0,
    "operatingExpenses": 534000000,
    "costAndExpenses": 15276000000,
    "interestIncome": 40000000,
    "interestExpense": 87000000,
    "depreciationAndAmortization": 232000000,
    "ebitda": 951000000,
    "ebitdaratio": 0.0601898734,
    "operatingIncome": 524000000,
    "operatingIncomeRatio": 0.033164557,
    "totalOtherIncomeExpensesNet": 108000000,
    "incomeBeforeTax": 632000000,
    "incomeBeforeTaxRatio": 0.04,
    "incomeTaxExpense": 96000000,
    "netIncome": 536000000,
    "netIncomeRatio": 0.0339240506,
    "eps": 0.95,
    "epsdiluted": 0.94,
    "weightedAverageShsOut": 565000000,
    "weightedAverageShsOutDil": 568000000,
    "link": "https://www.sec.gov/Archives/edgar/data/7084/000000708418000039/0000007084-18-000039-index.htm",
    "finalLink": "https://www.sec.gov/Archives/edgar/data/7084/000000708418000039/adm-2018930x10q.htm"
  },
  {
    "date": "2018-06-30",
    "symbol": "ADM",
    "reportedCurrency": "USD",
    "cik": "0000007084",
    "fillingDate": "2018-07-31",
    "acceptedDate": "2018-07-31 16:02:20",
    "calendarYear": "2018",
    "period": "Q2",
    "revenue": 17068000000,
    "costOfRevenue": 15887000000,
    "grossProfit": 1181000000,
    "grossProfitRatio": 0.069193813,
    "researchAndDevelopmentExpenses": 0,
    "generalAndAdministrativeExpenses": 0,
    "sellingAndMarketingExpenses": 0,
    "sellingGeneralAndAdministrativeExpenses": 560000000,
    "otherExpenses": 0,
    "operatingExpenses": 560000000,
    "costAndExpenses": 16447000000,
    "interestIncome": 42000000,
    "interestExpense": 90000000,
    "depreciationAndAmortization": 239000000,
    "ebitda": 980000000,
    "ebitdaratio": 0.0574173893,
    "operatingIncome": 621000000,
    "operatingIncomeRatio": 0.0363838763,
    "totalOtherIncomeExpensesNet": 31000000,
    "incomeBeforeTax": 652000000,
    "incomeBeforeTaxRatio": 0.0382001406,
    "incomeTaxExpense": 86000000,
    "netIncome": 566000000,
    "netIncomeRatio": 0.0331614718,
    "eps": 1,
    "epsdiluted": 1,
    "weightedAverageShsOut": 564000000,
    "weightedAverageShsOutDil": 567000000,
    "link": "https://www.sec.gov/Archives/edgar/data/7084/000000708418000032/0000007084-18-000032-index.htm",
    "finalLink": "https://www.sec.gov/Archives/edgar/data/7084/000000708418000032/adm-2018630x10q.htm"
  },
  {
    "date": "2018-03-31",
    "symbol": "ADM",
    "reportedCurrency": "USD",
    "cik": "0000007084",
    "fillingDate": "2018-05-01",
    "acceptedDate": "2018-05-01 16:12:42",
    "calendarYear": "2018",
    "period": "Q1",
    "revenue": 15526000000,
    "costOfRevenue": 14637000000,
    "grossProfit": 889000000,
    "grossProfitRatio": 0.0572587917,
    "researchAndDevelopmentExpenses": 0,
    "generalAndAdministrativeExpenses": 0,
    "sellingAndMarketingExpenses": 0,
    "sellingGeneralAndAdministrativeExpenses": 513000000,
    "otherExpenses": 0,
    "operatingExpenses": 513000000,
    "costAndExpenses": 15150000000,
    "interestIncome": 33000000,
    "interestExpense": 91000000,
    "depreciationAndAmortization": 235000000,
    "ebitda": 790000000,
    "ebitdaratio": 0.0508823908,
    "operatingIncome": 376000000,
    "operatingIncomeRatio": 0.0242174417,
    "totalOtherIncomeExpensesNet": 88000000,
    "incomeBeforeTax": 464000000,
    "incomeBeforeTaxRatio": 0.0298853536,
    "incomeTaxExpense": 68000000,
    "netIncome": 393000000,
    "netIncomeRatio": 0.0253123792,
    "eps": 0.7,
    "epsdiluted": 0.7,
    "weightedAverageShsOut": 563000000,
    "weightedAverageShsOutDil": 565000000,
    "link": "https://www.sec.gov/Archives/edgar/data/7084/000000708418000021/0000007084-18-000021-index.htm",
    "finalLink": "https://www.sec.gov/Archives/edgar/data/7084/000000708418000021/adm-2018331x10q.htm"
  },
  {
    "date": "2017-12-31",
    "symbol": "ADM",
    "reportedCurrency": "USD",
    "cik": "0000007084",
    "fillingDate": "2018-02-16",
    "acceptedDate": "2018-02-16 16:02:09",
    "calendarYear": "2017",
    "period": "Q4",
    "revenue": 16070000000,
    "costOfRevenue": 15131000000,
    "grossProfit": 939000000,
    "grossProfitRatio": 0.0584318606,
    "researchAndDevelopmentExpenses": 0,
    "generalAndAdministrativeExpenses": 0,
    "sellingAndMarketingExpenses": 0,
    "sellingGeneralAndAdministrativeExpenses": 463000000,
    "otherExpenses": 0,
    "operatingExpenses": 463000000,
    "costAndExpenses": 15594000000,
    "interestIncome": 31000000,
    "interestExpense": 85000000,
    "depreciationAndAmortization": 240000000,
    "ebitda": 867000000,
    "ebitdaratio": 0.0539514624,
    "operatingIncome": 476000000,
    "operatingIncomeRatio": 0.0296204107,
    "totalOtherIncomeExpensesNet": 67000000,
    "incomeBeforeTax": 543000000,
    "incomeBeforeTaxRatio": 0.0337896702,
    "incomeTaxExpense": -249000000,
    "netIncome": 788000000,
    "netIncomeRatio": 0.0490354698,
    "eps": 1.41,
    "epsdiluted": 1.39,
    "weightedAverageShsOut": 557000000,
    "weightedAverageShsOutDil": 565000000,
    "link": "https://www.sec.gov/Archives/edgar/data/7084/000000708418000012/0000007084-18-000012-index.htm",
    "finalLink": "https://www.sec.gov/Archives/edgar/data/7084/000000708418000012/adm-20171231x10k.htm"
  },
  {
    "date": "2017-09-30",
    "symbol": "ADM",
    "reportedCurrency": "USD",
    "cik": "0000007084",
    "fillingDate": "2017-10-31",
    "acceptedDate": "2017-10-31 16:55:27",
    "calendarYear": "2017",
    "period": "Q3",
    "revenue": 14827000000,
    "costOfRevenue": 14015000000,
    "grossProfit": 812000000,
    "grossProfitRatio": 0.0547649558,
    "researchAndDevelopmentExpenses": 0,
    "generalAndAdministrativeExpenses": 0,
    "sellingAndMarketingExpenses": 0,
    "sellingGeneralAndAdministrativeExpenses": 478000000,
    "otherExpenses": 0,
    "operatingExpenses": 478000000,
    "costAndExpenses": 14493000000,
    "interestIncome": 27000000,
    "interestExpense": 79000000,
    "depreciationAndAmortization": 232000000,
    "ebitda": 536000000,
    "ebitdaratio": 0.0361502664,
    "operatingIncome": 334000000,
    "operatingIncomeRatio": 0.022526472,
    "totalOtherIncomeExpensesNet": -109000000,
    "incomeBeforeTax": 225000000,
    "incomeBeforeTaxRatio": 0.0151750185,
    "incomeTaxExpense": 30000000,
    "netIncome": 192000000,
    "netIncomeRatio": 0.0129493492,
    "eps": 0.34,
    "epsdiluted": 0.34,
    "weightedAverageShsOut": 566000000,
    "weightedAverageShsOutDil": 569000000,
    "link": "https://www.sec.gov/Archives/edgar/data/7084/000000708417000036/0000007084-17-000036-index.htm",
    "finalLink": "https://www.sec.gov/Archives/edgar/data/7084/000000708417000036/adm-2017930x10q.htm"
  },
  {
    "date": "2017-06-30",
    "symbol": "ADM",
    "reportedCurrency": "USD",
    "cik": "0000007084",
    "fillingDate": "2017-08-01",
    "acceptedDate": "2017-08-01 16:26:29",
    "calendarYear": "2017",
    "period": "Q2",
    "revenue": 14943000000,
    "costOfRevenue": 14051000000,
    "grossProfit": 892000000,
    "grossProfitRatio": 0.059693502,
    "researchAndDevelopmentExpenses": 0,
    "generalAndAdministrativeExpenses": 0,
    "sellingAndMarketingExpenses": 0,
    "sellingGeneralAndAdministrativeExpenses": 525000000,
    "otherExpenses": 0,
    "operatingExpenses": 525000000,
    "costAndExpenses": 14576000000,
    "interestIncome": 25000000,
    "interestExpense": 86000000,
    "depreciationAndAmortization": 227000000,
    "ebitda": 696000000,
    "ebitdaratio": 0.0465769926,
    "operatingIncome": 367000000,
    "operatingIncomeRatio": 0.0245599946,
    "totalOtherIncomeExpensesNet": 16000000,
    "incomeBeforeTax": 383000000,
    "incomeBeforeTaxRatio": 0.0256307301,
    "incomeTaxExpense": 108000000,
    "netIncome": 276000000,
    "netIncomeRatio": 0.0184701867,
    "eps": 0.48,
    "epsdiluted": 0.48,
    "weightedAverageShsOut": 571000000,
    "weightedAverageShsOutDil": 574000000,
    "link": "https://www.sec.gov/Archives/edgar/data/7084/000000708417000027/0000007084-17-000027-index.htm",
    "finalLink": "https://www.sec.gov/Archives/edgar/data/7084/000000708417000027/adm-2017630x10q.htm"
  },
  {
    "date": "2017-03-31",
    "symbol": "ADM",
    "reportedCurrency": "USD",
    "cik": "0000007084",
    "fillingDate": "2017-05-02",
    "acceptedDate": "2017-05-02 15:10:14",
    "calendarYear": "2017",
    "period": "Q1",
    "revenue": 14988000000,
    "costOfRevenue": 14116000000,
    "grossProfit": 872000000,
    "grossProfitRatio": 0.0581798772,
    "researchAndDevelopmentExpenses": 0,
    "generalAndAdministrativeExpenses": 0,
    "sellingAndMarketingExpenses": 0,
    "sellingGeneralAndAdministrativeExpenses": 516000000,
    "otherExpenses": 0,
    "operatingExpenses": 516000000,
    "costAndExpenses": 14632000000,
    "interestIncome": 23000000,
    "interestExpense": 81000000,
    "depreciationAndAmortization": 225000000,
    "ebitda": 764000000,
    "ebitdaratio": 0.0509741126,
    "operatingIncome": 356000000,
    "operatingIncomeRatio": 0.0237523352,
    "totalOtherIncomeExpensesNet": 102000000,
    "incomeBeforeTax": 458000000,
    "incomeBeforeTaxRatio": 0.0305577796,
    "incomeTaxExpense": 118000000,
    "netIncome": 339000000,
    "netIncomeRatio": 0.0226180945,
    "eps": 0.59,
    "epsdiluted": 0.59,
    "weightedAverageShsOut": 576000000,
    "weightedAverageShsOutDil": 579000000,
    "link": "https://www.sec.gov/Archives/edgar/data/7084/000000708417000015/0000007084-17-000015-index.htm",
    "finalLink": "https://www.sec.gov/Archives/edgar/data/7084/000000708417000015/adm-2017331x10q.htm"
  },
  {
    "date": "2016-12-31",
    "symbol": "ADM",
    "reportedCurrency": "USD",
    "cik": "0000007084",
    "fillingDate": "2017-02-17",
    "acceptedDate": "2017-02-17 15:20:17",
    "calendarYear": "2016",
    "period": "Q4",
    "revenue": 16501000000,
    "costOfRevenue": 15475000000,
    "grossProfit": 1026000000,
    "grossProfitRatio": 0.0621780498,
    "researchAndDevelopmentExpenses": 0,
    "generalAndAdministrativeExpenses": 0,
    "sellingAndMarketingExpenses": 0,
    "sellingGeneralAndAdministrativeExpenses": 470000000,
    "otherExpenses": 0,
    "operatingExpenses": 470000000,
    "costAndExpenses": 15945000000,
    "interestIncome": 24000000,
    "interestExpense": 80000000,
    "depreciationAndAmortization": 222000000,
    "ebitda": 931000000,
    "ebitdaratio": 0.056420823,
    "operatingIncome": 556000000,
    "operatingIncomeRatio": 0.0336949276,
    "totalOtherIncomeExpensesNet": 73000000,
    "incomeBeforeTax": 629000000,
    "incomeBeforeTaxRatio": 0.0381189019,
    "incomeTaxExpense": 203000000,
    "netIncome": 424000000,
    "netIncomeRatio": 0.0256954124,
    "eps": 0.74,
    "epsdiluted": 0.73,
    "weightedAverageShsOut": 573000000,
    "weightedAverageShsOutDil": 583000000,
    "link": "https://www.sec.gov/Archives/edgar/data/7084/000000708417000008/0000007084-17-000008-index.htm",
    "finalLink": "https://www.sec.gov/Archives/edgar/data/7084/000000708417000008/adm-20161231x10k.htm"
  },
  {
    "date": "2016-09-30",
    "symbol": "ADM",
    "reportedCurrency": "USD",
    "cik": "0000007084",
    "fillingDate": "2016-11-01",
    "acceptedDate": "2016-11-01 16:26:14",
    "calendarYear": "2016",
    "period": "Q3",
    "revenue": 15832000000,
    "costOfRevenue": 14742000000,
    "grossProfit": 1090000000,
    "grossProfitRatio": 0.068847903,
    "researchAndDevelopmentExpenses": 0,
    "generalAndAdministrativeExpenses": 0,
    "sellingAndMarketingExpenses": 0,
    "sellingGeneralAndAdministrativeExpenses": 546000000,
    "otherExpenses": 0,
    "operatingExpenses": 546000000,
    "costAndExpenses": 15288000000,
    "interestIncome": 23000000,
    "interestExpense": 76000000,
    "depreciationAndAmortization": 226000000,
    "ebitda": 784000000,
    "ebitdaratio": 0.0495199596,
    "operatingIncome": 544000000,
    "operatingIncomeRatio": 0.0343607883,
    "totalOtherIncomeExpensesNet": -64000000,
    "incomeBeforeTax": 480000000,
    "incomeBeforeTaxRatio": 0.0303183426,
    "incomeTaxExpense": 136000000,
    "netIncome": 341000000,
    "netIncomeRatio": 0.0215386559,
    "eps": 0.58,
    "epsdiluted": 0.58,
    "weightedAverageShsOut": 586000000,
    "weightedAverageShsOutDil": 589000000,
    "link": "https://www.sec.gov/Archives/edgar/data/7084/000000708416000076/0000007084-16-000076-index.htm",
    "finalLink": "https://www.sec.gov/Archives/edgar/data/7084/000000708416000076/adm-2016930x10q.htm"
  },
  {
    "date": "2016-06-30",
    "symbol": "ADM",
    "reportedCurrency": "USD",
    "cik": "0000007084",
    "fillingDate": "2016-08-02",
    "acceptedDate": "2016-08-02 15:07:32",
    "calendarYear": "2016",
    "period": "Q2",
    "revenue": 15629000000,
    "costOfRevenue": 14892000000,
    "grossProfit": 737000000,
    "grossProfitRatio": 0.0471559281,
    "researchAndDevelopmentExpenses": 0,
    "generalAndAdministrativeExpenses": 0,
    "sellingAndMarketingExpenses": 0,
    "sellingGeneralAndAdministrativeExpenses": 500000000,
    "otherExpenses": 0,
    "operatingExpenses": 500000000,
    "costAndExpenses": 15392000000,
    "interestIncome": 23000000,
    "interestExpense": 65000000,
    "depreciationAndAmortization": 221000000,
    "ebitda": 693000000,
    "ebitdaratio": 0.0443406488,
    "operatingIncome": 237000000,
    "operatingIncomeRatio": 0.015164118,
    "totalOtherIncomeExpensesNet": 170000000,
    "incomeBeforeTax": 407000000,
    "incomeBeforeTaxRatio": 0.0260413334,
    "incomeTaxExpense": 119000000,
    "netIncome": 284000000,
    "netIncomeRatio": 0.0181713481,
    "eps": 0.48,
    "epsdiluted": 0.48,
    "weightedAverageShsOut": 591000000,
    "weightedAverageShsOutDil": 594000000,
    "link": "https://www.sec.gov/Archives/edgar/data/7084/000000708416000068/0000007084-16-000068-index.htm",
    "finalLink": "https://www.sec.gov/Archives/edgar/data/7084/000000708416000068/adm-2016630x10q.htm"
  },
  {
    "date": "2016-03-31",
    "symbol": "ADM",
    "reportedCurrency": "USD",
    "cik": "0000007084",
    "fillingDate": "2016-05-03",
    "acceptedDate": "2016-05-03 14:47:26",
    "calendarYear": "2016",
    "period": "Q1",
    "revenue": 14384000000,
    "costOfRevenue": 13603000000,
    "grossProfit": 781000000,
    "grossProfitRatio": 0.0542964405,
    "researchAndDevelopmentExpenses": 0,
    "generalAndAdministrativeExpenses": 0,
    "sellingAndMarketingExpenses": 0,
    "sellingGeneralAndAdministrativeExpenses": 479000000,
    "otherExpenses": 0,
    "operatingExpenses": 479000000,
    "costAndExpenses": 14082000000,
    "interestIncome": 22000000,
    "interestExpense": 70000000,
    "depreciationAndAmortization": 231000000,
    "ebitda": 607000000,
    "ebitdaratio": 0.0421996663,
    "operatingIncome": 302000000,
    "operatingIncomeRatio": 0.0209955506,
    "totalOtherIncomeExpensesNet": 4000000,
    "incomeBeforeTax": 306000000,
    "incomeBeforeTaxRatio": 0.0212736374,
    "incomeTaxExpense": 76000000,
    "netIncome": 230000000,
    "netIncomeRatio": 0.0159899889,
    "eps": 0.39,
    "epsdiluted": 0.39,
    "weightedAverageShsOut": 595000000,
    "weightedAverageShsOutDil": 597000000,
    "link": "https://www.sec.gov/Archives/edgar/data/7084/000000708416000054/0000007084-16-000054-index.htm",
    "finalLink": "https://www.sec.gov/Archives/edgar/data/7084/000000708416000054/adm-2016331x10q.htm"
  },
  {
    "date": "2015-12-31",
    "symbol": "ADM",
    "reportedCurrency": "USD",
    "cik": "0000007084",
    "fillingDate": "2016-02-19",
    "acceptedDate": "2016-02-19 14:51:18",
    "calendarYear": "2015",
    "period": "Q4",
    "revenue": 16445000000,
    "costOfRevenue": 15580000000,
    "grossProfit": 865000000,
    "grossProfitRatio": 0.0525995743,
    "researchAndDevelopmentExpenses": 0,
    "generalAndAdministrativeExpenses": 0,
    "sellingAndMarketingExpenses": 0,
    "sellingGeneralAndAdministrativeExpenses": 482000000,
    "otherExpenses": 0,
    "operatingExpenses": 482000000,
    "costAndExpenses": 16062000000,
    "interestIncome": 19000000,
    "interestExpense": 73000000,
    "depreciationAndAmortization": 224000000,
    "ebitda": 998000000,
    "ebitdaratio": 0.0606871389,
    "operatingIncome": 383000000,
    "operatingIncomeRatio": 0.0232897537,
    "totalOtherIncomeExpensesNet": 318000000,
    "incomeBeforeTax": 701000000,
    "incomeBeforeTaxRatio": 0.0426269383,
    "incomeTaxExpense": -16000000,
    "netIncome": 718000000,
    "netIncomeRatio": 0.0436606871,
    "eps": 1.21,
    "epsdiluted": 1.19,
    "weightedAverageShsOut": 595000000,
    "weightedAverageShsOutDil": 603000000,
    "link": "https://www.sec.gov/Archives/edgar/data/7084/000000708416000046/0000007084-16-000046-index.htm",
    "finalLink": "https://www.sec.gov/Archives/edgar/data/7084/000000708416000046/adm-20151231x10k.htm"
  },
  {
    "date": "2015-09-30",
    "symbol": "ADM",
    "reportedCurrency": "USD",
    "cik": "0000007084",
    "fillingDate": "2015-11-03",
    "acceptedDate": "2015-11-03 16:03:34",
    "calendarYear": "2015",
    "period": "Q3",
    "revenue": 16565000000,
    "costOfRevenue": 15476000000,
    "grossProfit": 1089000000,
    "grossProfitRatio": 0.0657410202,
    "researchAndDevelopmentExpenses": 0,
    "generalAndAdministrativeExpenses": 0,
    "sellingAndMarketingExpenses": 0,
    "sellingGeneralAndAdministrativeExpenses": 519000000,
    "otherExpenses": 0,
    "operatingExpenses": 519000000,
    "costAndExpenses": 15995000000,
    "interestIncome": 13000000,
    "interestExpense": 69000000,
    "depreciationAndAmortization": 217000000,
    "ebitda": 653000000,
    "ebitdaratio": 0.0394204648,
    "operatingIncome": 570000000,
    "operatingIncomeRatio": 0.0344099004,
    "totalOtherIncomeExpensesNet": -203000000,
    "incomeBeforeTax": 367000000,
    "incomeBeforeTaxRatio": 0.0221551464,
    "incomeTaxExpense": 114000000,
    "netIncome": 252000000,
    "netIncomeRatio": 0.0152127981,
    "eps": 0.41,
    "epsdiluted": 0.41,
    "weightedAverageShsOut": 612000000,
    "weightedAverageShsOutDil": 615000000,
    "link": "https://www.sec.gov/Archives/edgar/data/7084/000000708415000037/0000007084-15-000037-index.htm",
    "finalLink": "https://www.sec.gov/Archives/edgar/data/7084/000000708415000037/adm-2015930x10q.htm"
  },
  {
    "date": "2015-06-30",
    "symbol": "ADM",
    "reportedCurrency": "USD",
    "cik": "0000007084",
    "fillingDate": "2015-08-04",
    "acceptedDate": "2015-08-04 16:31:30",
    "calendarYear": "2015",
    "period": "Q2",
    "revenue": 17186000000,
    "costOfRevenue": 16222000000,
    "grossProfit": 964000000,
    "grossProfitRatio": 0.056092168,
    "researchAndDevelopmentExpenses": 0,
    "generalAndAdministrativeExpenses": 0,
    "sellingAndMarketingExpenses": 0,
    "sellingGeneralAndAdministrativeExpenses": 525000000,
    "otherExpenses": 0,
    "operatingExpenses": 525000000,
    "costAndExpenses": 16747000000,
    "interestIncome": 21000000,
    "interestExpense": 85000000,
    "depreciationAndAmortization": 225000000,
    "ebitda": 836000000,
    "ebitdaratio": 0.0486442453,
    "operatingIncome": 439000000,
    "operatingIncomeRatio": 0.0255440475,
    "totalOtherIncomeExpensesNet": 87000000,
    "incomeBeforeTax": 526000000,
    "incomeBeforeTaxRatio": 0.0306063075,
    "incomeTaxExpense": 143000000,
    "netIncome": 386000000,
    "netIncomeRatio": 0.022460142,
    "eps": 0.62,
    "epsdiluted": 0.62,
    "weightedAverageShsOut": 624000000,
    "weightedAverageShsOutDil": 627000000,
    "link": "https://www.sec.gov/Archives/edgar/data/7084/000000708415000023/0000007084-15-000023-index.htm",
    "finalLink": "https://www.sec.gov/Archives/edgar/data/7084/000000708415000023/adm-2015630x10q.htm"
  },
  {
    "date": "2015-03-31",
    "symbol": "ADM",
    "reportedCurrency": "USD",
    "cik": "0000007084",
    "fillingDate": "2015-05-06",
    "acceptedDate": "2015-05-05 17:33:37",
    "calendarYear": "2015",
    "period": "Q1",
    "revenue": 17506000000,
    "costOfRevenue": 16404000000,
    "grossProfit": 1102000000,
    "grossProfitRatio": 0.0629498458,
    "researchAndDevelopmentExpenses": 0,
    "generalAndAdministrativeExpenses": 0,
    "sellingAndMarketingExpenses": 0,
    "sellingGeneralAndAdministrativeExpenses": 498000000,
    "otherExpenses": 0,
    "operatingExpenses": 498000000,
    "costAndExpenses": 16902000000,
    "interestIncome": 18000000,
    "interestExpense": 81000000,
    "depreciationAndAmortization": 216000000,
    "ebitda": 987000000,
    "ebitdaratio": 0.0563806695,
    "operatingIncome": 604000000,
    "operatingIncomeRatio": 0.0345024563,
    "totalOtherIncomeExpensesNet": 86000000,
    "incomeBeforeTax": 690000000,
    "incomeBeforeTaxRatio": 0.0394150577,
    "incomeTaxExpense": 197000000,
    "netIncome": 493000000,
    "netIncomeRatio": 0.0281617731,
    "eps": 0.78,
    "epsdiluted": 0.77,
    "weightedAverageShsOut": 636000000,
    "weightedAverageShsOutDil": 639000000,
    "link": "https://www.sec.gov/Archives/edgar/data/7084/000000708415000012/0000007084-15-000012-index.htm",
    "finalLink": "https://www.sec.gov/Archives/edgar/data/7084/000000708415000012/adm-2015331x10q.htm"
  },
  {
    "date": "2014-12-31",
    "symbol": "ADM",
    "reportedCurrency": "USD",
    "cik": "0000007084",
    "fillingDate": "2015-02-20",
    "acceptedDate": "2015-02-20 16:20:45",
    "calendarYear": "2014",
    "period": "Q4",
    "revenue": 20894000000,
    "costOfRevenue": 19443000000,
    "grossProfit": 1451000000,
    "grossProfitRatio": 0.0694457739,
    "researchAndDevelopmentExpenses": 0,
    "generalAndAdministrativeExpenses": 0,
    "sellingAndMarketingExpenses": 0,
    "sellingGeneralAndAdministrativeExpenses": 637000000,
    "otherExpenses": 0,
    "operatingExpenses": 637000000,
    "costAndExpenses": 20080000000,
    "interestIncome": 30000000,
    "interestExpense": 86000000,
    "depreciationAndAmortization": 248000000,
    "ebitda": 1330000000,
    "ebitdaratio": 0.0636546377,
    "operatingIncome": 814000000,
    "operatingIncomeRatio": 0.0389585527,
    "totalOtherIncomeExpensesNet": 182000000,
    "incomeBeforeTax": 996000000,
    "incomeBeforeTaxRatio": 0.0476691873,
    "incomeTaxExpense": 291000000,
    "netIncome": 701000000,
    "netIncomeRatio": 0.0335503015,
    "eps": 1.1,
    "epsdiluted": 1.08,
    "weightedAverageShsOut": 637000000,
    "weightedAverageShsOutDil": 649000000,
    "link": "https://www.sec.gov/Archives/edgar/data/7084/000000708415000005/0000007084-15-000005-index.htm",
    "finalLink": "https://www.sec.gov/Archives/edgar/data/7084/000000708415000005/adm-20141231x10k.htm"
  },
  {
    "date": "2014-09-30",
    "symbol": "ADM",
    "reportedCurrency": "USD",
    "cik": "0000007084",
    "fillingDate": "2014-11-05",
    "acceptedDate": "2014-11-05 15:39:34",
    "calendarYear": "2014",
    "period": "Q3",
    "revenue": 18117000000,
    "costOfRevenue": 16647000000,
    "grossProfit": 1470000000,
    "grossProfitRatio": 0.0811392615,
    "researchAndDevelopmentExpenses": 0,
    "generalAndAdministrativeExpenses": 0,
    "sellingAndMarketingExpenses": 0,
    "sellingGeneralAndAdministrativeExpenses": 451000000,
    "otherExpenses": 0,
    "operatingExpenses": 451000000,
    "costAndExpenses": 17098000000,
    "interestIncome": 16000000,
    "interestExpense": 79000000,
    "depreciationAndAmortization": 214000000,
    "ebitda": 1326000000,
    "ebitdaratio": 0.0731909256,
    "operatingIncome": 1019000000,
    "operatingIncomeRatio": 0.0562455153,
    "totalOtherIncomeExpensesNet": 14000000,
    "incomeBeforeTax": 1033000000,
    "incomeBeforeTaxRatio": 0.0570182701,
    "incomeTaxExpense": 285000000,
    "netIncome": 747000000,
    "netIncomeRatio": 0.0412319921,
    "eps": 1.15,
    "epsdiluted": 1.14,
    "weightedAverageShsOut": 650000000,
    "weightedAverageShsOutDil": 653000000,
    "link": "https://www.sec.gov/Archives/edgar/data/7084/000000708414000033/0000007084-14-000033-index.htm",
    "finalLink": "https://www.sec.gov/Archives/edgar/data/7084/000000708414000033/adm-2014930x10q.htm"
  },
  {
    "date": "2014-06-30",
    "symbol": "ADM",
    "reportedCurrency": "USD",
    "cik": "0000007084",
    "fillingDate": "2014-08-05",
    "acceptedDate": "2014-08-05 16:38:24",
    "calendarYear": "2014",
    "period": "Q2",
    "revenue": 21494000000,
    "costOfRevenue": 20322000000,
    "grossProfit": 1172000000,
    "grossProfitRatio": 0.0545268447,
    "researchAndDevelopmentExpenses": 0,
    "generalAndAdministrativeExpenses": 0,
    "sellingAndMarketingExpenses": 0,
    "sellingGeneralAndAdministrativeExpenses": 426000000,
    "otherExpenses": 0,
    "operatingExpenses": 426000000,
    "costAndExpenses": 20748000000,
    "interestIncome": 24000000,
    "interestExpense": 79000000,
    "depreciationAndAmortization": 213000000,
    "ebitda": 1027000000,
    "ebitdaratio": 0.047780776,
    "operatingIncome": 746000000,
    "operatingIncomeRatio": 0.0347073602,
    "totalOtherIncomeExpensesNet": -11000000,
    "incomeBeforeTax": 735000000,
    "incomeBeforeTaxRatio": 0.0341955895,
    "incomeTaxExpense": 203000000,
    "netIncome": 533000000,
    "netIncomeRatio": 0.0247976179,
    "eps": 0.81,
    "epsdiluted": 0.81,
    "weightedAverageShsOut": 656000000,
    "weightedAverageShsOutDil": 659000000,
    "link": "https://www.sec.gov/Archives/edgar/data/7084/000000708414000026/0000007084-14-000026-index.htm",
    "finalLink": "https://www.sec.gov/Archives/edgar/data/7084/000000708414000026/adm-2014630x10q.htm"
  },
  {
    "date": "2014-03-31",
    "symbol": "ADM",
    "reportedCurrency": "USD",
    "cik": "0000007084",
    "fillingDate": "2014-05-02",
    "acceptedDate": "2014-05-02 15:33:11",
    "calendarYear": "2014",
    "period": "Q1",
    "revenue": 20696000000,
    "costOfRevenue": 20021000000,
    "grossProfit": 675000000,
    "grossProfitRatio": 0.0326149981,
    "researchAndDevelopmentExpenses": 0,
    "generalAndAdministrativeExpenses": 0,
    "sellingAndMarketingExpenses": 0,
    "sellingGeneralAndAdministrativeExpenses": 393000000,
    "otherExpenses": 0,
    "operatingExpenses": 393000000,
    "costAndExpenses": 20414000000,
    "interestIncome": 22000000,
    "interestExpense": 93000000,
    "depreciationAndAmortization": 219000000,
    "ebitda": 678000000,
    "ebitdaratio": 0.0327599536,
    "operatingIncome": 282000000,
    "operatingIncomeRatio": 0.0136258214,
    "totalOtherIncomeExpensesNet": 84000000,
    "incomeBeforeTax": 366000000,
    "incomeBeforeTaxRatio": 0.0176845767,
    "incomeTaxExpense": 98000000,
    "netIncome": 267000000,
    "netIncomeRatio": 0.0129010437,
    "eps": 0.4,
    "epsdiluted": 0.4,
    "weightedAverageShsOut": 660000000,
    "weightedAverageShsOutDil": 663000000,
    "link": "https://www.sec.gov/Archives/edgar/data/7084/000000708414000018/0000007084-14-000018-index.htm",
    "finalLink": "https://www.sec.gov/Archives/edgar/data/7084/000000708414000018/adm-2014331x10q.htm"
  },
  {
    "date": "2013-12-31",
    "symbol": "ADM",
    "reportedCurrency": "USD",
    "cik": "0000007084",
    "fillingDate": "2014-02-26",
    "acceptedDate": "2014-02-26 16:06:16",
    "calendarYear": "2013",
    "period": "Q4",
    "revenue": 24143000000,
    "costOfRevenue": 22973000000,
    "grossProfit": 1170000000,
    "grossProfitRatio": 0.0484612517,
    "researchAndDevelopmentExpenses": 0,
    "generalAndAdministrativeExpenses": 0,
    "sellingAndMarketingExpenses": 0,
    "sellingGeneralAndAdministrativeExpenses": 442000000,
    "otherExpenses": 0,
    "operatingExpenses": 442000000,
    "costAndExpenses": 23415000000,
    "interestIncome": 34000000,
    "interestExpense": 95000000,
    "depreciationAndAmortization": 228000000,
    "ebitda": 946000000,
    "ebitdaratio": 0.0391832001,
    "operatingIncome": 728000000,
    "operatingIncomeRatio": 0.0301536677,
    "totalOtherIncomeExpensesNet": -105000000,
    "incomeBeforeTax": 623000000,
    "incomeBeforeTaxRatio": 0.025804581,
    "incomeTaxExpense": 246000000,
    "netIncome": 374000000,
    "netIncomeRatio": 0.0154910326,
    "eps": 0.57,
    "epsdiluted": 0.56,
    "weightedAverageShsOut": 659000000,
    "weightedAverageShsOutDil": 663000000,
    "link": "https://www.sec.gov/Archives/edgar/data/7084/000000708414000011/0000007084-14-000011-index.htm",
    "finalLink": "https://www.sec.gov/Archives/edgar/data/7084/000000708414000011/adm-20131231x10k.htm"
  },
  {
    "date": "2013-09-30",
    "symbol": "ADM",
    "reportedCurrency": "USD",
    "cik": "0000007084",
    "fillingDate": "2013-11-01",
    "acceptedDate": "2013-11-01 17:15:31",
    "calendarYear": "2013",
    "period": "Q3",
    "revenue": 21393000000,
    "costOfRevenue": 20237000000,
    "grossProfit": 1156000000,
    "grossProfitRatio": 0.054036367,
    "researchAndDevelopmentExpenses": 0,
    "generalAndAdministrativeExpenses": 0,
    "sellingAndMarketingExpenses": 0,
    "sellingGeneralAndAdministrativeExpenses": 429000000,
    "otherExpenses": 0,
    "operatingExpenses": 429000000,
    "costAndExpenses": 20666000000,
    "interestIncome": 12000000,
    "interestExpense": 105000000,
    "depreciationAndAmortization": 227000000,
    "ebitda": 1041000000,
    "ebitdaratio": 0.0486607769,
    "operatingIncome": 727000000,
    "operatingIncomeRatio": 0.0339830786,
    "totalOtherIncomeExpensesNet": -18000000,
    "incomeBeforeTax": 709000000,
    "incomeBeforeTaxRatio": 0.0331416819,
    "incomeTaxExpense": 228000000,
    "netIncome": 476000000,
    "netIncomeRatio": 0.0222502688,
    "eps": 0.72,
    "epsdiluted": 0.72,
    "weightedAverageShsOut": 661000000,
    "weightedAverageShsOutDil": 664000000,
    "link": "https://www.sec.gov/Archives/edgar/data/7084/000000708413000040/0000007084-13-000040-index.htm",
    "finalLink": "https://www.sec.gov/Archives/edgar/data/7084/000000708413000040/adm-2013930x10q.htm"
  },
  {
    "date": "2013-06-30",
    "symbol": "ADM",
    "reportedCurrency": "USD",
    "cik": "0000007084",
    "fillingDate": "2013-08-07",
    "acceptedDate": "2013-08-07 16:31:17",
    "calendarYear": "2013",
    "period": "Q2",
    "revenue": 22541000000,
    "costOfRevenue": 21734000000,
    "grossProfit": 807000000,
    "grossProfitRatio": 0.0358014285,
    "researchAndDevelopmentExpenses": 0,
    "generalAndAdministrativeExpenses": 0,
    "sellingAndMarketingExpenses": 0,
    "sellingGeneralAndAdministrativeExpenses": 452000000,
    "otherExpenses": 0,
    "operatingExpenses": 452000000,
    "costAndExpenses": 22186000000,
    "interestIncome": 29000000,
    "interestExpense": 107000000,
    "depreciationAndAmortization": 227000000,
    "ebitda": 651000000,
    "ebitdaratio": 0.0288807063,
    "operatingIncome": 355000000,
    "operatingIncomeRatio": 0.0157490795,
    "totalOtherIncomeExpensesNet": -38000000,
    "incomeBeforeTax": 317000000,
    "incomeBeforeTaxRatio": 0.0140632625,
    "incomeTaxExpense": 91000000,
    "netIncome": 223000000,
    "netIncomeRatio": 0.0098930837,
    "eps": 0.34,
    "epsdiluted": 0.34,
    "weightedAverageShsOut": 661000000,
    "weightedAverageShsOutDil": 663000000,
    "link": "https://www.sec.gov/Archives/edgar/data/7084/000000708413000034/0000007084-13-000034-index.htm",
    "finalLink": "https://www.sec.gov/Archives/edgar/data/7084/000000708413000034/adm-2013630x10q.htm"
  },
  {
    "date": "2013-03-31",
    "symbol": "ADM",
    "reportedCurrency": "USD",
    "cik": "0000007084",
    "fillingDate": "2013-05-07",
    "acceptedDate": "2013-05-07 16:18:08",
    "calendarYear": "2013",
    "period": "Q1",
    "revenue": 21727000000,
    "costOfRevenue": 20971000000,
    "grossProfit": 756000000,
    "grossProfitRatio": 0.0347954158,
    "researchAndDevelopmentExpenses": 0,
    "generalAndAdministrativeExpenses": 0,
    "sellingAndMarketingExpenses": 0,
    "sellingGeneralAndAdministrativeExpenses": 436000000,
    "otherExpenses": 0,
    "operatingExpenses": 436000000,
    "costAndExpenses": 21407000000,
    "interestIncome": 27000000,
    "interestExpense": 106000000,
    "depreciationAndAmortization": 227000000,
    "ebitda": 708000000,
    "ebitdaratio": 0.0325861831,
    "operatingIncome": 320000000,
    "operatingIncomeRatio": 0.0147282183,
    "totalOtherIncomeExpensesNet": 55000000,
    "incomeBeforeTax": 375000000,
    "incomeBeforeTaxRatio": 0.0172596309,
    "incomeTaxExpense": 105000000,
    "netIncome": 269000000,
    "netIncomeRatio": 0.0123809085,
    "eps": 0.41,
    "epsdiluted": 0.41,
    "weightedAverageShsOut": 661000000,
    "weightedAverageShsOutDil": 662000000,
    "link": "https://www.sec.gov/Archives/edgar/data/7084/000000708413000022/0000007084-13-000022-index.htm",
    "finalLink": "https://www.sec.gov/Archives/edgar/data/7084/000000708413000022/adm10qfy13q1.htm"
  },
  {
    "date": "2012-09-30",
    "symbol": "ADM",
    "reportedCurrency": "USD",
    "cik": "0000007084",
    "fillingDate": "2012-11-05",
    "acceptedDate": "2012-11-05 15:24:33",
    "calendarYear": "2012",
    "period": "Q3",
    "revenue": 21808000000,
    "costOfRevenue": 21002000000,
    "grossProfit": 806000000,
    "grossProfitRatio": 0.0369589142,
    "researchAndDevelopmentExpenses": 0,
    "generalAndAdministrativeExpenses": 0,
    "sellingAndMarketingExpenses": 0,
    "sellingGeneralAndAdministrativeExpenses": 390000000,
    "otherExpenses": 0,
    "operatingExpenses": 390000000,
    "costAndExpenses": 21392000000,
    "interestIncome": 30000000,
    "interestExpense": 106000000,
    "depreciationAndAmortization": 217000000,
    "ebitda": 618000000,
    "ebitdaratio": 0.0283382245,
    "operatingIncome": 416000000,
    "operatingIncomeRatio": 0.0190755686,
    "totalOtherIncomeExpensesNet": -121000000,
    "incomeBeforeTax": 295000000,
    "incomeBeforeTaxRatio": 0.013527146,
    "incomeTaxExpense": 111000000,
    "netIncome": 182000000,
    "netIncomeRatio": 0.0083455613,
    "eps": 0.28,
    "epsdiluted": 0.28,
    "weightedAverageShsOut": 660000000,
    "weightedAverageShsOutDil": 661000000,
    "link": "https://www.sec.gov/Archives/edgar/data/7084/000000708412000048/0000007084-12-000048-index.htm",
    "finalLink": "https://www.sec.gov/Archives/edgar/data/7084/000000708412000048/adm10qfy125q1.htm"
  },
  {
    "date": "2012-06-30",
    "symbol": "ADM",
    "reportedCurrency": "USD",
    "cik": "0000007084",
    "fillingDate": "2012-08-27",
    "acceptedDate": "2012-08-24 21:11:10",
    "calendarYear": "2012",
    "period": "Q2",
    "revenue": 22675000000,
    "costOfRevenue": 21862000000,
    "grossProfit": 813000000,
    "grossProfitRatio": 0.0358544653,
    "researchAndDevelopmentExpenses": 0,
    "generalAndAdministrativeExpenses": 0,
    "sellingAndMarketingExpenses": 0,
    "sellingGeneralAndAdministrativeExpenses": 394000000,
    "otherExpenses": 0,
    "operatingExpenses": 394000000,
    "costAndExpenses": 22256000000,
    "interestIncome": 24000000,
    "interestExpense": 116000000,
    "depreciationAndAmortization": 220000000,
    "ebitda": 752000000,
    "ebitdaratio": 0.0331642778,
    "operatingIncome": 419000000,
    "operatingIncomeRatio": 0.0184785006,
    "totalOtherIncomeExpensesNet": -3000000,
    "incomeBeforeTax": 416000000,
    "incomeBeforeTaxRatio": 0.0183461963,
    "incomeTaxExpense": 123000000,
    "netIncome": 284000000,
    "netIncomeRatio": 0.0125248071,
    "eps": 0.43,
    "epsdiluted": 0.43,
    "weightedAverageShsOut": 659000000,
    "weightedAverageShsOutDil": 661000000,
    "link": "https://www.sec.gov/Archives/edgar/data/7084/000000708412000034/0000007084-12-000034-index.htm",
    "finalLink": "https://www.sec.gov/Archives/edgar/data/7084/000000708412000034/adm10kfy12.htm"
  },
  {
    "date": "2012-03-31",
    "symbol": "ADM",
    "reportedCurrency": "USD",
    "cik": "0000007084",
    "fillingDate": "2012-05-09",
    "acceptedDate": "2012-05-08 19:05:56",
    "calendarYear": "2012",
    "period": "Q1",
    "revenue": 21155000000,
    "costOfRevenue": 20147000000,
    "grossProfit": 1008000000,
    "grossProfitRatio": 0.0476483101,
    "researchAndDevelopmentExpenses": 0,
    "generalAndAdministrativeExpenses": 0,
    "sellingAndMarketingExpenses": 0,
    "sellingGeneralAndAdministrativeExpenses": 402000000,
    "otherExpenses": 0,
    "operatingExpenses": 402000000,
    "costAndExpenses": 20549000000,
    "interestIncome": 26000000,
    "interestExpense": 116000000,
    "depreciationAndAmortization": 214000000,
    "ebitda": 898000000,
    "ebitdaratio": 0.0424485937,
    "operatingIncome": 606000000,
    "operatingIncomeRatio": 0.0286457102,
    "totalOtherIncomeExpensesNet": -38000000,
    "incomeBeforeTax": 568000000,
    "incomeBeforeTaxRatio": 0.0268494446,
    "incomeTaxExpense": 163000000,
    "netIncome": 399000000,
    "netIncomeRatio": 0.0188607894,
    "eps": 0.6,
    "epsdiluted": 0.6,
    "weightedAverageShsOut": 662000000,
    "weightedAverageShsOutDil": 663000000,
    "link": "https://www.sec.gov/Archives/edgar/data/7084/000000708412000018/0000007084-12-000018-index.htm",
    "finalLink": "https://www.sec.gov/Archives/edgar/data/7084/000000708412000018/adm10qfy12q3.htm"
  },
  {
    "date": "2011-12-31",
    "symbol": "ADM",
    "reportedCurrency": "USD",
    "cik": "0000007084",
    "fillingDate": "2012-02-06",
    "acceptedDate": "2012-02-03 18:46:28",
    "calendarYear": "2011",
    "period": "Q4",
    "revenue": 23306000000,
    "costOfRevenue": 22493000000,
    "grossProfit": 813000000,
    "grossProfitRatio": 0.0348837209,
    "researchAndDevelopmentExpenses": 0,
    "generalAndAdministrativeExpenses": 0,
    "sellingAndMarketingExpenses": 0,
    "sellingGeneralAndAdministrativeExpenses": 423000000,
    "otherExpenses": 0,
    "operatingExpenses": 423000000,
    "costAndExpenses": 22916000000,
    "interestIncome": 22000000,
    "interestExpense": 96000000,
    "depreciationAndAmortization": 207000000,
    "ebitda": 217000000,
    "ebitdaratio": 0.0093109071,
    "operatingIncome": 390000000,
    "operatingIncomeRatio": 0.0167338883,
    "totalOtherIncomeExpensesNet": -269000000,
    "incomeBeforeTax": 121000000,
    "incomeBeforeTaxRatio": 0.0051917961,
    "incomeTaxExpense": 38000000,
    "netIncome": 80000000,
    "netIncomeRatio": 0.0034325925,
    "eps": 0.12,
    "epsdiluted": 0.12,
    "weightedAverageShsOut": 666000000,
    "weightedAverageShsOutDil": 667000000,
    "link": "https://www.sec.gov/Archives/edgar/data/7084/000000708412000010/0000007084-12-000010-index.htm",
    "finalLink": "https://www.sec.gov/Archives/edgar/data/7084/000000708412000010/adm10qfy12q2.htm"
  },
  {
    "date": "2011-09-30",
    "symbol": "ADM",
    "reportedCurrency": "USD",
    "cik": "0000007084",
    "fillingDate": "2011-11-07",
    "acceptedDate": "2011-11-04 21:11:22",
    "calendarYear": "2011",
    "period": "Q3",
    "revenue": 21902000000,
    "costOfRevenue": 20868000000,
    "grossProfit": 1034000000,
    "grossProfitRatio": 0.0472103004,
    "researchAndDevelopmentExpenses": 0,
    "generalAndAdministrativeExpenses": 0,
    "sellingAndMarketingExpenses": 0,
    "sellingGeneralAndAdministrativeExpenses": 407000000,
    "otherExpenses": 0,
    "operatingExpenses": 407000000,
    "costAndExpenses": 21275000000,
    "interestIncome": 40000000,
    "interestExpense": 113000000,
    "depreciationAndAmortization": 207000000,
    "ebitda": 980000000,
    "ebitdaratio": 0.0447447722,
    "operatingIncome": 627000000,
    "operatingIncomeRatio": 0.0286275226,
    "totalOtherIncomeExpensesNet": 33000000,
    "incomeBeforeTax": 660000000,
    "incomeBeforeTaxRatio": 0.0301342343,
    "incomeTaxExpense": 199000000,
    "netIncome": 460000000,
    "netIncomeRatio": 0.0210026482,
    "eps": 0.68,
    "epsdiluted": 0.68,
    "weightedAverageShsOut": 673000000,
    "weightedAverageShsOutDil": 674000000,
    "link": "https://www.sec.gov/Archives/edgar/data/7084/000000708411000041/0000007084-11-000041-index.htm",
    "finalLink": "https://www.sec.gov/Archives/edgar/data/7084/000000708411000041/adm10qfy12q1.htm"
  },
  {
    "date": "2011-06-30",
    "symbol": "ADM",
    "reportedCurrency": "USD",
    "cik": "0000007084",
    "fillingDate": "2011-08-25",
    "acceptedDate": "2011-08-24 21:58:50",
    "calendarYear": "2011",
    "period": "Q2",
    "revenue": 22870000000,
    "costOfRevenue": 21772000000,
    "grossProfit": 1098000000,
    "grossProfitRatio": 0.0480104941,
    "researchAndDevelopmentExpenses": 0,
    "generalAndAdministrativeExpenses": 0,
    "sellingAndMarketingExpenses": 0,
    "sellingGeneralAndAdministrativeExpenses": 423000000,
    "otherExpenses": 0,
    "operatingExpenses": 423000000,
    "costAndExpenses": 22195000000,
    "interestIncome": 0,
    "interestExpense": 129000000,
    "depreciationAndAmortization": 212000000,
    "ebitda": 1105000000,
    "ebitdaratio": 0.0483165719,
    "operatingIncome": 675000000,
    "operatingIncomeRatio": 0.029514648,
    "totalOtherIncomeExpensesNet": 89000000,
    "incomeBeforeTax": 764000000,
    "incomeBeforeTaxRatio": 0.033406209,
    "incomeTaxExpense": 385000000,
    "netIncome": 381000000,
    "netIncomeRatio": 0.0166593791,
    "eps": 0.56,
    "epsdiluted": 0.56,
    "weightedAverageShsOut": 676000000,
    "weightedAverageShsOutDil": 676000000,
    "link": "https://www.sec.gov/Archives/edgar/data/7084/000000708411000028/0000007084-11-000028-index.htm",
    "finalLink": "https://www.sec.gov/Archives/edgar/data/7084/000000708411000028/adm10kfy11.htm"
  },
  {
    "date": "2011-03-31",
    "symbol": "ADM",
    "reportedCurrency": "USD",
    "cik": "0000007084",
    "fillingDate": "2011-05-10",
    "acceptedDate": "2011-05-09 20:11:40",
    "calendarYear": "2011",
    "period": "Q1",
    "revenue": 20077000000,
    "costOfRevenue": 18917000000,
    "grossProfit": 1160000000,
    "grossProfitRatio": 0.0577775564,
    "researchAndDevelopmentExpenses": 0,
    "generalAndAdministrativeExpenses": 0,
    "sellingAndMarketingExpenses": 0,
    "sellingGeneralAndAdministrativeExpenses": 395000000,
    "otherExpenses": 0,
    "operatingExpenses": 395000000,
    "costAndExpenses": 19312000000,
    "interestIncome": 32000000,
    "interestExpense": 121000000,
    "depreciationAndAmortization": 202000000,
    "ebitda": 1114000000,
    "ebitdaratio": 0.0554863774,
    "operatingIncome": 765000000,
    "operatingIncomeRatio": 0.0381033023,
    "totalOtherIncomeExpensesNet": 26000000,
    "incomeBeforeTax": 791000000,
    "incomeBeforeTaxRatio": 0.0393983165,
    "incomeTaxExpense": 223000000,
    "netIncome": 578000000,
    "netIncomeRatio": 0.0287891617,
    "eps": 0.91,
    "epsdiluted": 0.86,
    "weightedAverageShsOut": 638000000,
    "weightedAverageShsOutDil": 684000000,
    "link": "https://www.sec.gov/Archives/edgar/data/7084/000000708411000016/0000007084-11-000016-index.htm",
    "finalLink": "https://www.sec.gov/Archives/edgar/data/7084/000000708411000016/adm10qfy11q3.htm"
  },
  {
    "date": "2010-12-31",
    "symbol": "ADM",
    "reportedCurrency": "USD",
    "cik": "0000007084",
    "fillingDate": "2011-02-09",
    "acceptedDate": "2011-02-08 18:00:58",
    "calendarYear": "2010",
    "period": "Q4",
    "revenue": 20930000000,
    "costOfRevenue": 19696000000,
    "grossProfit": 1234000000,
    "grossProfitRatio": 0.0589584329,
    "researchAndDevelopmentExpenses": 0,
    "generalAndAdministrativeExpenses": 0,
    "sellingAndMarketingExpenses": 0,
    "sellingGeneralAndAdministrativeExpenses": 412000000,
    "otherExpenses": 0,
    "operatingExpenses": 412000000,
    "costAndExpenses": 20108000000,
    "interestIncome": 41000000,
    "interestExpense": 115000000,
    "depreciationAndAmortization": 211000000,
    "ebitda": 1324000000,
    "ebitdaratio": 0.0632584806,
    "operatingIncome": 822000000,
    "operatingIncomeRatio": 0.0392737697,
    "totalOtherIncomeExpensesNet": 176000000,
    "incomeBeforeTax": 998000000,
    "incomeBeforeTaxRatio": 0.047682752,
    "incomeTaxExpense": 269000000,
    "netIncome": 732000000,
    "netIncomeRatio": 0.0349737219,
    "eps": 1.15,
    "epsdiluted": 1.14,
    "weightedAverageShsOut": 639000000,
    "weightedAverageShsOutDil": 641000000,
    "link": "https://www.sec.gov/Archives/edgar/data/7084/000000708411000007/0000007084-11-000007-index.htm",
    "finalLink": "https://www.sec.gov/Archives/edgar/data/7084/000000708411000007/adm10qfy11q2.htm"
  },
  {
    "date": "2010-09-30",
    "symbol": "ADM",
    "reportedCurrency": "USD",
    "cik": "0000007084",
    "fillingDate": "2010-11-08",
    "acceptedDate": "2010-11-08 17:18:12",
    "calendarYear": "2010",
    "period": "Q3",
    "revenue": 16799000000,
    "costOfRevenue": 15991000000,
    "grossProfit": 808000000,
    "grossProfitRatio": 0.0480981011,
    "researchAndDevelopmentExpenses": 0,
    "generalAndAdministrativeExpenses": 0,
    "sellingAndMarketingExpenses": 0,
    "sellingGeneralAndAdministrativeExpenses": 381000000,
    "otherExpenses": 0,
    "operatingExpenses": 381000000,
    "costAndExpenses": 16372000000,
    "interestIncome": 24000000,
    "interestExpense": 117000000,
    "depreciationAndAmortization": 252000000,
    "ebitda": 831000000,
    "ebitdaratio": 0.0494672302,
    "operatingIncome": 427000000,
    "operatingIncomeRatio": 0.0254181797,
    "totalOtherIncomeExpensesNet": 35000000,
    "incomeBeforeTax": 462000000,
    "incomeBeforeTaxRatio": 0.027501637,
    "incomeTaxExpense": 120000000,
    "netIncome": 345000000,
    "netIncomeRatio": 0.0205369367,
    "eps": 0.54,
    "epsdiluted": 0.54,
    "weightedAverageShsOut": 640000000,
    "weightedAverageShsOutDil": 641000000,
    "link": "https://www.sec.gov/Archives/edgar/data/7084/000000708410000050/0000007084-10-000050-index.htm",
    "finalLink": "https://www.sec.gov/Archives/edgar/data/7084/000000708410000050/adm10qfy11q1.htm"
  },
  {
    "date": "2010-06-30",
    "symbol": "ADM",
    "reportedCurrency": "USD",
    "cik": "0000007084",
    "fillingDate": "2010-08-30",
    "acceptedDate": "2010-08-27 21:06:24",
    "calendarYear": "2010",
    "period": "Q2",
    "revenue": 15703000000,
    "costOfRevenue": 14777000000,
    "grossProfit": 926000000,
    "grossProfitRatio": 0.0589696236,
    "researchAndDevelopmentExpenses": 0,
    "generalAndAdministrativeExpenses": 0,
    "sellingAndMarketingExpenses": 0,
    "sellingGeneralAndAdministrativeExpenses": 331000000,
    "otherExpenses": 0,
    "operatingExpenses": 331000000,
    "costAndExpenses": 15108000000,
    "interestIncome": 0,
    "interestExpense": 118000000,
    "depreciationAndAmortization": 239000000,
    "ebitda": 907000000,
    "ebitdaratio": 0.0577596638,
    "operatingIncome": 595000000,
    "operatingIncomeRatio": 0.0378908489,
    "totalOtherIncomeExpensesNet": -45000000,
    "incomeBeforeTax": 550000000,
    "incomeBeforeTaxRatio": 0.0350251544,
    "incomeTaxExpense": 105000000,
    "netIncome": 446000000,
    "netIncomeRatio": 0.0284022161,
    "eps": 0.7,
    "epsdiluted": 0.7,
    "weightedAverageShsOut": 639000000,
    "weightedAverageShsOutDil": 641000000,
    "link": "https://www.sec.gov/Archives/edgar/data/7084/000000708410000043/0000007084-10-000043-index.htm",
    "finalLink": "https://www.sec.gov/Archives/edgar/data/7084/000000708410000043/adm10kfy10.htm"
  },
  {
    "date": "2010-03-31",
    "symbol": "ADM",
    "reportedCurrency": "USD",
    "cik": "0000007084",
    "fillingDate": "2010-05-10",
    "acceptedDate": "2010-05-07 20:05:13",
    "calendarYear": "2010",
    "period": "Q1",
    "revenue": 15145000000,
    "costOfRevenue": 14254000000,
    "grossProfit": 891000000,
    "grossProfitRatio": 0.0588312975,
    "researchAndDevelopmentExpenses": 0,
    "generalAndAdministrativeExpenses": 0,
    "sellingAndMarketingExpenses": 0,
    "sellingGeneralAndAdministrativeExpenses": 355000000,
    "otherExpenses": 0,
    "operatingExpenses": 355000000,
    "costAndExpenses": 14609000000,
    "interestIncome": 0,
    "interestExpense": 101000000,
    "depreciationAndAmortization": 242000000,
    "ebitda": 877000000,
    "ebitdaratio": 0.0579069,
    "operatingIncome": 536000000,
    "operatingIncomeRatio": 0.0353912182,
    "totalOtherIncomeExpensesNet": -2000000,
    "incomeBeforeTax": 534000000,
    "incomeBeforeTaxRatio": 0.0352591614,
    "incomeTaxExpense": 118000000,
    "netIncome": 421000000,
    "netIncomeRatio": 0.0277979531,
    "eps": 0.65,
    "epsdiluted": 0.65,
    "weightedAverageShsOut": 643000000,
    "weightedAverageShsOutDil": 645000000,
    "link": "https://www.sec.gov/Archives/edgar/data/7084/000000708410000018/0000007084-10-000018-index.htm",
    "finalLink": "https://www.sec.gov/Archives/edgar/data/7084/000000708410000018/adm10qty10q3.htm"
  },
  {
    "date": "2009-12-31",
    "symbol": "ADM",
    "reportedCurrency": "USD",
    "cik": "0000007084",
    "fillingDate": "2010-02-08",
    "acceptedDate": "2010-02-05 19:10:55",
    "calendarYear": "2009",
    "period": "Q4",
    "revenue": 15913000000,
    "costOfRevenue": 14860000000,
    "grossProfit": 1053000000,
    "grossProfitRatio": 0.0661723119,
    "researchAndDevelopmentExpenses": 0,
    "generalAndAdministrativeExpenses": 0,
    "sellingAndMarketingExpenses": 0,
    "sellingGeneralAndAdministrativeExpenses": 358000000,
    "otherExpenses": 0,
    "operatingExpenses": 358000000,
    "costAndExpenses": 15218000000,
    "interestIncome": 0,
    "interestExpense": 203000000,
    "depreciationAndAmortization": 222000000,
    "ebitda": 1209000000,
    "ebitdaratio": 0.0759756174,
    "operatingIncome": 695000000,
    "operatingIncomeRatio": 0.0436749827,
    "totalOtherIncomeExpensesNet": 89000000,
    "incomeBeforeTax": 784000000,
    "incomeBeforeTaxRatio": 0.0492678942,
    "incomeTaxExpense": 223000000,
    "netIncome": 567000000,
    "netIncomeRatio": 0.0356312449,
    "eps": 0.88,
    "epsdiluted": 0.88,
    "weightedAverageShsOut": 643000000,
    "weightedAverageShsOutDil": 645000000,
    "link": "https://www.sec.gov/Archives/edgar/data/7084/000000708410000006/0000007084-10-000006-index.htm",
    "finalLink": "https://www.sec.gov/Archives/edgar/data/7084/000000708410000006/adm10qfy10q2.htm"
  },
  {
    "date": "2009-09-30",
    "symbol": "ADM",
    "reportedCurrency": "USD",
    "cik": "0000007084",
    "fillingDate": "2009-11-06",
    "acceptedDate": "2009-11-06 15:47:27",
    "calendarYear": "2009",
    "period": "Q3",
    "revenue": 14921000000,
    "costOfRevenue": 13948000000,
    "grossProfit": 973000000,
    "grossProfitRatio": 0.0652101066,
    "researchAndDevelopmentExpenses": 0,
    "generalAndAdministrativeExpenses": 0,
    "sellingAndMarketingExpenses": 0,
    "sellingGeneralAndAdministrativeExpenses": 354000000,
    "otherExpenses": 0,
    "operatingExpenses": 354000000,
    "costAndExpenses": 14302000000,
    "interestIncome": 30000000,
    "interestExpense": 98000000,
    "depreciationAndAmortization": 209000000,
    "ebitda": 1024000000,
    "ebitdaratio": 0.068628108,
    "operatingIncome": 619000000,
    "operatingIncomeRatio": 0.0414851552,
    "totalOtherIncomeExpensesNet": 98000000,
    "incomeBeforeTax": 717000000,
    "incomeBeforeTaxRatio": 0.0480530796,
    "incomeTaxExpense": 220000000,
    "netIncome": 496000000,
    "netIncomeRatio": 0.0332417398,
    "eps": 0.77,
    "epsdiluted": 0.77,
    "weightedAverageShsOut": 642000000,
    "weightedAverageShsOutDil": 644000000,
    "link": "https://www.sec.gov/Archives/edgar/data/7084/000000708409000061/0000007084-09-000061-index.htm",
    "finalLink": "https://www.sec.gov/Archives/edgar/data/7084/000000708409000061/adm10qfy10q1.htm"
  },
  {
    "date": "2009-06-30",
    "symbol": "ADM",
    "reportedCurrency": "USD",
    "cik": "0000007084",
    "fillingDate": "2009-08-26",
    "acceptedDate": "2009-08-26 14:25:08",
    "calendarYear": "2009",
    "period": "Q2",
    "revenue": 16532000000,
    "costOfRevenue": 16171000000,
    "grossProfit": 361000000,
    "grossProfitRatio": 0.0218364384,
    "researchAndDevelopmentExpenses": 0,
    "generalAndAdministrativeExpenses": 0,
    "sellingAndMarketingExpenses": 0,
    "sellingGeneralAndAdministrativeExpenses": 320000000,
    "otherExpenses": 0,
    "operatingExpenses": 320000000,
    "costAndExpenses": 16491000000,
    "interestIncome": 0,
    "interestExpense": 88000000,
    "depreciationAndAmortization": 191000000,
    "ebitda": 341000000,
    "ebitdaratio": 0.0206266634,
    "operatingIncome": 41000000,
    "operatingIncomeRatio": 0.0024800387,
    "totalOtherIncomeExpensesNet": 21000000,
    "incomeBeforeTax": 62000000,
    "incomeBeforeTaxRatio": 0.0037503024,
    "incomeTaxExpense": -2000000,
    "netIncome": 64000000,
    "netIncomeRatio": 0.0038712799,
    "eps": 0.1,
    "epsdiluted": 0.099,
    "weightedAverageShsOut": 642000000,
    "weightedAverageShsOutDil": 644000000,
    "link": "https://www.sec.gov/Archives/edgar/data/7084/000000708409000051/0000007084-09-000051-index.htm",
    "finalLink": "https://www.sec.gov/Archives/edgar/data/7084/000000708409000051/adm10kfy09.htm"
  },
  {
    "date": "2009-03-31",
    "symbol": "ADM",
    "reportedCurrency": "USD",
    "cik": "0000007084",
    "fillingDate": "2009-05-11",
    "acceptedDate": "2009-05-11 17:24:30",
    "calendarYear": "2009",
    "period": "Q1",
    "revenue": 14842000000,
    "costOfRevenue": 14193000000,
    "grossProfit": 649000000,
    "grossProfitRatio": 0.0437272605,
    "researchAndDevelopmentExpenses": 0,
    "generalAndAdministrativeExpenses": 0,
    "sellingAndMarketingExpenses": 0,
    "sellingGeneralAndAdministrativeExpenses": 346000000,
    "otherExpenses": 0,
    "operatingExpenses": 346000000,
    "costAndExpenses": 14539000000,
    "interestIncome": 0,
    "interestExpense": 103000000,
    "depreciationAndAmortization": 195000000,
    "ebitda": 441000000,
    "ebitdaratio": 0.0297129767,
    "operatingIncome": 303000000,
    "operatingIncomeRatio": 0.0204150384,
    "totalOtherIncomeExpensesNet": -160000000,
    "incomeBeforeTax": 143000000,
    "incomeBeforeTaxRatio": 0.0096348201,
    "incomeTaxExpense": 140000000,
    "netIncome": 3000000,
    "netIncomeRatio": 0.0002021291,
    "eps": 0.01,
    "epsdiluted": 0.01,
    "weightedAverageShsOut": 642000000,
    "weightedAverageShsOutDil": 644000000,
    "link": "https://www.sec.gov/Archives/edgar/data/7084/000000708409000030/0000007084-09-000030-index.htm",
    "finalLink": "https://www.sec.gov/Archives/edgar/data/7084/000000708409000030/adm10qfy09q3.htm"
  },
  {
    "date": "2008-12-31",
    "symbol": "ADM",
    "reportedCurrency": "USD",
    "cik": "0000007084",
    "fillingDate": "2009-02-09",
    "acceptedDate": "2009-02-09 17:21:16",
    "calendarYear": "2008",
    "period": "Q4",
    "revenue": 16673000000,
    "costOfRevenue": 15461000000,
    "grossProfit": 1212000000,
    "grossProfitRatio": 0.0726923769,
    "researchAndDevelopmentExpenses": 0,
    "generalAndAdministrativeExpenses": 0,
    "sellingAndMarketingExpenses": 0,
    "sellingGeneralAndAdministrativeExpenses": 337000000,
    "otherExpenses": 0,
    "operatingExpenses": 337000000,
    "costAndExpenses": 15798000000,
    "interestIncome": 0,
    "interestExpense": 130000000,
    "depreciationAndAmortization": 204000000,
    "ebitda": 1151000000,
    "ebitdaratio": 0.0690337672,
    "operatingIncome": 875000000,
    "operatingIncomeRatio": 0.0524800576,
    "totalOtherIncomeExpensesNet": -58000000,
    "incomeBeforeTax": 817000000,
    "incomeBeforeTaxRatio": 0.0490013795,
    "incomeTaxExpense": 238000000,
    "netIncome": 578000000,
    "netIncomeRatio": 0.0346668266,
    "eps": 0.9,
    "epsdiluted": 0.9,
    "weightedAverageShsOut": 642000000,
    "weightedAverageShsOutDil": 643000000,
    "link": "https://www.sec.gov/Archives/edgar/data/7084/000000708409000013/0000007084-09-000013-index.htm",
    "finalLink": "https://www.sec.gov/Archives/edgar/data/7084/000000708409000013/adm10qfy09q2.htm"
  },
  {
    "date": "2008-09-30",
    "symbol": "ADM",
    "reportedCurrency": "USD",
    "cik": "0000007084",
    "fillingDate": "2008-11-10",
    "acceptedDate": "2008-11-10 17:22:54",
    "calendarYear": "2008",
    "period": "Q3",
    "revenue": 21160000000,
    "costOfRevenue": 19293000000,
    "grossProfit": 1867000000,
    "grossProfitRatio": 0.0882325142,
    "researchAndDevelopmentExpenses": 0,
    "generalAndAdministrativeExpenses": 0,
    "sellingAndMarketingExpenses": 0,
    "sellingGeneralAndAdministrativeExpenses": 409000000,
    "otherExpenses": 0,
    "operatingExpenses": 409000000,
    "costAndExpenses": 19702000000,
    "interestIncome": 0,
    "interestExpense": 0,
    "depreciationAndAmortization": 177000000,
    "ebitda": 1635000000,
    "ebitdaratio": 0.077268431,
    "operatingIncome": 1458000000,
    "operatingIncomeRatio": 0.0689035917,
    "totalOtherIncomeExpensesNet": 36000000,
    "incomeBeforeTax": 1494000000,
    "incomeBeforeTaxRatio": 0.0706049149,
    "incomeTaxExpense": 444000000,
    "netIncome": 1050000000,
    "netIncomeRatio": 0.0496219282,
    "eps": 1.63,
    "epsdiluted": 1.63,
    "weightedAverageShsOut": 644000000,
    "weightedAverageShsOutDil": 645000000,
    "link": "https://www.sec.gov/Archives/edgar/data/7084/000000708408000054/0000007084-08-000054-index.htm",
    "finalLink": "https://www.sec.gov/Archives/edgar/data/7084/000000708408000054/adm10qfy09q1.htm"
  },
  {
    "date": "2008-06-30",
    "symbol": "ADM",
    "reportedCurrency": "USD",
    "cik": "0000007084",
    "fillingDate": "2008-08-29",
    "acceptedDate": "2008-08-28 20:19:06",
    "calendarYear": "2008",
    "period": "Q2",
    "revenue": 21784000000,
    "costOfRevenue": 20977000000,
    "grossProfit": 807000000,
    "grossProfitRatio": 0.037045538,
    "researchAndDevelopmentExpenses": 0,
    "generalAndAdministrativeExpenses": 0,
    "sellingAndMarketingExpenses": 0,
    "sellingGeneralAndAdministrativeExpenses": 348000000,
    "otherExpenses": 0,
    "operatingExpenses": 348000000,
    "costAndExpenses": 21325000000,
    "interestIncome": 0,
    "interestExpense": 0,
    "depreciationAndAmortization": 181000000,
    "ebitda": 640000000,
    "ebitdaratio": 0.029379361,
    "operatingIncome": 459000000,
    "operatingIncomeRatio": 0.0210705105,
    "totalOtherIncomeExpensesNet": 79000000,
    "incomeBeforeTax": 538000000,
    "incomeBeforeTaxRatio": 0.0246970253,
    "incomeTaxExpense": 166000000,
    "netIncome": 372000000,
    "netIncomeRatio": 0.0170767536,
    "eps": 0.58,
    "epsdiluted": 0.58,
    "weightedAverageShsOut": 644000000,
    "weightedAverageShsOutDil": 645000000,
    "link": "https://www.sec.gov/Archives/edgar/data/7084/000000708408000044/0000007084-08-000044-index.htm",
    "finalLink": "https://www.sec.gov/Archives/edgar/data/7084/000000708408000044/adm10kfy08.htm"
  },
  {
    "date": "2008-03-31",
    "symbol": "ADM",
    "reportedCurrency": "USD",
    "cik": "0000007084",
    "fillingDate": "2008-05-09",
    "acceptedDate": "2008-05-09 16:15:27",
    "calendarYear": "2008",
    "period": "Q1",
    "revenue": 18708000000,
    "costOfRevenue": 17551000000,
    "grossProfit": 1157000000,
    "grossProfitRatio": 0.0618451999,
    "researchAndDevelopmentExpenses": 0,
    "generalAndAdministrativeExpenses": 0,
    "sellingAndMarketingExpenses": 0,
    "sellingGeneralAndAdministrativeExpenses": 378000000,
    "otherExpenses": 0,
    "operatingExpenses": 378000000,
    "costAndExpenses": 17929000000,
    "interestIncome": 0,
    "interestExpense": 0,
    "depreciationAndAmortization": 180000000,
    "ebitda": 959000000,
    "ebitdaratio": 0.0512614924,
    "operatingIncome": 779000000,
    "operatingIncomeRatio": 0.0416399401,
    "totalOtherIncomeExpensesNet": -24000000,
    "incomeBeforeTax": 755000000,
    "incomeBeforeTaxRatio": 0.0403570665,
    "incomeTaxExpense": 238000000,
    "netIncome": 517000000,
    "netIncomeRatio": 0.0276352363,
    "eps": 0.8,
    "epsdiluted": 0.8,
    "weightedAverageShsOut": 644000000,
    "weightedAverageShsOutDil": 647000000,
    "link": "https://www.sec.gov/Archives/edgar/data/7084/000000708408000028/0000007084-08-000028-index.htm",
    "finalLink": "https://www.sec.gov/Archives/edgar/data/7084/000000708408000028/adm10qfy08q3.htm"
  },
  {
    "date": "2007-12-31",
    "symbol": "ADM",
    "reportedCurrency": "USD",
    "cik": "0000007084",
    "fillingDate": "2008-02-08",
    "acceptedDate": "2008-02-07 18:03:35",
    "calendarYear": "2007",
    "period": "Q4",
    "revenue": 16496000000,
    "costOfRevenue": 15548000000,
    "grossProfit": 948000000,
    "grossProfitRatio": 0.0574684772,
    "researchAndDevelopmentExpenses": 0,
    "generalAndAdministrativeExpenses": 0,
    "sellingAndMarketingExpenses": 0,
    "sellingGeneralAndAdministrativeExpenses": 338000000,
    "otherExpenses": 0,
    "operatingExpenses": 338000000,
    "costAndExpenses": 15886000000,
    "interestIncome": 0,
    "interestExpense": 0,
    "depreciationAndAmortization": 175000000,
    "ebitda": 785000000,
    "ebitdaratio": 0.0475872939,
    "operatingIncome": 610000000,
    "operatingIncomeRatio": 0.0369786615,
    "totalOtherIncomeExpensesNet": 75000000,
    "incomeBeforeTax": 685000000,
    "incomeBeforeTaxRatio": 0.0415252182,
    "incomeTaxExpense": 212000000,
    "netIncome": 473000000,
    "netIncomeRatio": 0.0286736178,
    "eps": 0.74,
    "epsdiluted": 0.73,
    "weightedAverageShsOut": 643000000,
    "weightedAverageShsOutDil": 646000000,
    "link": "https://www.sec.gov/Archives/edgar/data/7084/000000708408000016/0000007084-08-000016-index.htm",
    "finalLink": "https://www.sec.gov/Archives/edgar/data/7084/000000708408000016/adm10qfy08q2.htm"
  },
  {
    "date": "2007-09-30",
    "symbol": "ADM",
    "reportedCurrency": "USD",
    "cik": "0000007084",
    "fillingDate": "2007-11-08",
    "acceptedDate": "2007-11-08 16:44:49",
    "calendarYear": "2007",
    "period": "Q3",
    "revenue": 12828000000,
    "costOfRevenue": 11898000000,
    "grossProfit": 930000000,
    "grossProfitRatio": 0.0724976614,
    "researchAndDevelopmentExpenses": 0,
    "generalAndAdministrativeExpenses": 0,
    "sellingAndMarketingExpenses": 0,
    "sellingGeneralAndAdministrativeExpenses": 354000000,
    "otherExpenses": 0,
    "operatingExpenses": 354000000,
    "costAndExpenses": 12252000000,
    "interestIncome": 0,
    "interestExpense": 0,
    "depreciationAndAmortization": 185000000,
    "ebitda": 761000000,
    "ebitdaratio": 0.0593233552,
    "operatingIncome": 576000000,
    "operatingIncomeRatio": 0.0449017774,
    "totalOtherIncomeExpensesNet": 71000000,
    "incomeBeforeTax": 647000000,
    "incomeBeforeTaxRatio": 0.0504365451,
    "incomeTaxExpense": 206000000,
    "netIncome": 441000000,
    "netIncomeRatio": 0.0343779233,
    "eps": 0.68,
    "epsdiluted": 0.68,
    "weightedAverageShsOut": 644000000,
    "weightedAverageShsOutDil": 647000000,
    "link": "https://www.sec.gov/Archives/edgar/data/7084/000000708407000179/0000007084-07-000179-index.htm",
    "finalLink": "https://www.sec.gov/Archives/edgar/data/7084/000000708407000179/adm10qfy08q1.htm"
  },
  {
    "date": "2007-06-30",
    "symbol": "ADM",
    "reportedCurrency": "USD",
    "cik": "0000007084",
    "fillingDate": "2007-08-27",
    "acceptedDate": "2007-08-27 16:58:34",
    "calendarYear": "2007",
    "period": "Q2",
    "revenue": 12213889000,
    "costOfRevenue": 11496297000,
    "grossProfit": 717592000,
    "grossProfitRatio": 0.0587521305,
    "researchAndDevelopmentExpenses": 0,
    "generalAndAdministrativeExpenses": 0,
    "sellingAndMarketingExpenses": 0,
    "sellingGeneralAndAdministrativeExpenses": 292917000,
    "otherExpenses": 0,
    "operatingExpenses": 292917000,
    "costAndExpenses": 11789214000,
    "interestIncome": 0,
    "interestExpense": 0,
    "depreciationAndAmortization": 181224000,
    "ebitda": 605899000,
    "ebitdaratio": 0.0496073773,
    "operatingIncome": 424675000,
    "operatingIncomeRatio": 0.0347698428,
    "totalOtherIncomeExpensesNet": 969141000,
    "incomeBeforeTax": 1393816000,
    "incomeBeforeTaxRatio": 0.1141172971,
    "incomeTaxExpense": 438720000,
    "netIncome": 955096000,
    "netIncomeRatio": 0.078197534,
    "eps": 1.48,
    "epsdiluted": 1.48,
    "weightedAverageShsOut": 644000000,
    "weightedAverageShsOutDil": 647000000,
    "link": "https://www.sec.gov/Archives/edgar/data/7084/000000708407000166/0000007084-07-000166-index.htm",
    "finalLink": "https://www.sec.gov/Archives/edgar/data/7084/000000708407000166/adm10kfy07.htm"
  },
  {
    "date": "2007-03-31",
    "symbol": "ADM",
    "reportedCurrency": "USD",
    "cik": "0000007084",
    "fillingDate": "2007-05-09",
    "acceptedDate": "2007-05-08 17:32:03",
    "calendarYear": "2007",
    "period": "Q1",
    "revenue": 11381000000,
    "costOfRevenue": 10635000000,
    "grossProfit": 746000000,
    "grossProfitRatio": 0.0655478429,
    "researchAndDevelopmentExpenses": 0,
    "generalAndAdministrativeExpenses": 0,
    "sellingAndMarketingExpenses": 0,
    "sellingGeneralAndAdministrativeExpenses": 294000000,
    "otherExpenses": 0,
    "operatingExpenses": 294000000,
    "costAndExpenses": 10929000000,
    "interestIncome": 0,
    "interestExpense": 0,
    "depreciationAndAmortization": 175000000,
    "ebitda": 627000000,
    "ebitdaratio": 0.0550918197,
    "operatingIncome": 452000000,
    "operatingIncomeRatio": 0.039715315,
    "totalOtherIncomeExpensesNet": 104000000,
    "incomeBeforeTax": 556000000,
    "incomeBeforeTaxRatio": 0.0488533521,
    "incomeTaxExpense": 193000000,
    "netIncome": 363000000,
    "netIncomeRatio": 0.031895264,
    "eps": 0.56,
    "epsdiluted": 0.56,
    "weightedAverageShsOut": 649000000,
    "weightedAverageShsOutDil": 653000000,
    "link": "https://www.sec.gov/Archives/edgar/data/7084/000000708407000117/0000007084-07-000117-index.htm",
    "finalLink": "https://www.sec.gov/Archives/edgar/data/7084/000000708407000117/adm10qfy07q3.htm"
  },
  {
    "date": "2006-12-31",
    "symbol": "ADM",
    "reportedCurrency": "USD",
    "cik": "0000007084",
    "fillingDate": "2007-02-06",
    "acceptedDate": "2007-02-06 16:51:05",
    "calendarYear": "2006",
    "period": "Q4",
    "revenue": 10976000000,
    "costOfRevenue": 10068000000,
    "grossProfit": 908000000,
    "grossProfitRatio": 0.0827259475,
    "researchAndDevelopmentExpenses": 0,
    "generalAndAdministrativeExpenses": 0,
    "sellingAndMarketingExpenses": 0,
    "sellingGeneralAndAdministrativeExpenses": 298000000,
    "otherExpenses": 0,
    "operatingExpenses": 298000000,
    "costAndExpenses": 10366000000,
    "interestIncome": 0,
    "interestExpense": 0,
    "depreciationAndAmortization": 173875000,
    "ebitda": 783875000,
    "ebitdaratio": 0.0714171829,
    "operatingIncome": 610000000,
    "operatingIncomeRatio": 0.0555758017,
    "totalOtherIncomeExpensesNet": 19000000,
    "incomeBeforeTax": 629000000,
    "incomeBeforeTaxRatio": 0.0573068513,
    "incomeTaxExpense": 187000000,
    "netIncome": 441000000,
    "netIncomeRatio": 0.0401785714,
    "eps": 0.67,
    "epsdiluted": 0.67,
    "weightedAverageShsOut": 657000000,
    "weightedAverageShsOutDil": 661000000,
    "link": "https://www.sec.gov/Archives/edgar/data/7084/000000708407000041/0000007084-07-000041-index.htm",
    "finalLink": "https://www.sec.gov/Archives/edgar/data/7084/000000708407000041/adm10qfy07q2.htm"
  },
  {
    "date": "2006-09-30",
    "symbol": "ADM",
    "reportedCurrency": "USD",
    "cik": "0000007084",
    "fillingDate": "2006-11-07",
    "acceptedDate": "2006-11-07 17:01:37",
    "calendarYear": "2006",
    "period": "Q3",
    "revenue": 9446922000,
    "costOfRevenue": 8581344000,
    "grossProfit": 865578000,
    "grossProfitRatio": 0.0916253993,
    "researchAndDevelopmentExpenses": 0,
    "generalAndAdministrativeExpenses": 0,
    "sellingAndMarketingExpenses": 0,
    "sellingGeneralAndAdministrativeExpenses": 309835000,
    "otherExpenses": 0,
    "operatingExpenses": 309835000,
    "costAndExpenses": 8891179000,
    "interestIncome": 0,
    "interestExpense": 0,
    "depreciationAndAmortization": 171125000,
    "ebitda": 726868000,
    "ebitdaratio": 0.0769423099,
    "operatingIncome": 555743000,
    "operatingIncomeRatio": 0.0588279442,
    "totalOtherIncomeExpensesNet": 19510000,
    "incomeBeforeTax": 575253000,
    "incomeBeforeTaxRatio": 0.0608931671,
    "incomeTaxExpense": 172508000,
    "netIncome": 402745000,
    "netIncomeRatio": 0.0426324045,
    "eps": 0.61,
    "epsdiluted": 0.61,
    "weightedAverageShsOut": 656618000,
    "weightedAverageShsOutDil": 660863000,
    "link": "https://www.sec.gov/Archives/edgar/data/7084/000000708406000515/0000007084-06-000515-index.htm",
    "finalLink": "https://www.sec.gov/Archives/edgar/data/7084/000000708406000515/adm10qfy07q1.htm"
  },
  {
    "date": "2006-06-30",
    "symbol": "ADM",
    "reportedCurrency": "USD",
    "cik": "0000007084",
    "fillingDate": "2006-09-11",
    "acceptedDate": "2006-09-08 18:47:56",
    "calendarYear": "2006",
    "period": "Q2",
    "revenue": 9547336000,
    "costOfRevenue": 8718433000,
    "grossProfit": 828903000,
    "grossProfitRatio": 0.0868203444,
    "researchAndDevelopmentExpenses": 0,
    "generalAndAdministrativeExpenses": 0,
    "sellingAndMarketingExpenses": 0,
    "sellingGeneralAndAdministrativeExpenses": 296541000,
    "otherExpenses": 0,
    "operatingExpenses": 296541000,
    "costAndExpenses": 9014974000,
    "interestIncome": 0,
    "interestExpense": 0,
    "depreciationAndAmortization": 165934000,
    "ebitda": 698296000,
    "ebitdaratio": 0.0731404027,
    "operatingIncome": 532362000,
    "operatingIncomeRatio": 0.0557602665,
    "totalOtherIncomeExpensesNet": 49489000,
    "incomeBeforeTax": 581851000,
    "incomeBeforeTaxRatio": 0.0609438067,
    "incomeTaxExpense": 171592000,
    "netIncome": 410259000,
    "netIncomeRatio": 0.0429710445,
    "eps": 0.62,
    "epsdiluted": 0.62,
    "weightedAverageShsOut": 656618000,
    "weightedAverageShsOutDil": 660863000,
    "link": "https://www.sec.gov/Archives/edgar/data/7084/000000708406000401/0000007084-06-000401-index.htm",
    "finalLink": "https://www.sec.gov/Archives/edgar/data/7084/000000708406000401/adm10kfy06.htm"
  },
  {
    "date": "2006-03-31",
    "symbol": "ADM",
    "reportedCurrency": "USD",
    "cik": "0000007084",
    "fillingDate": "2006-05-09",
    "acceptedDate": "2006-05-09 11:59:42",
    "calendarYear": "2006",
    "period": "Q1",
    "revenue": 9122841000,
    "costOfRevenue": 8352109000,
    "grossProfit": 770732000,
    "grossProfitRatio": 0.0844837699,
    "researchAndDevelopmentExpenses": 0,
    "generalAndAdministrativeExpenses": 0,
    "sellingAndMarketingExpenses": 0,
    "sellingGeneralAndAdministrativeExpenses": 297295000,
    "otherExpenses": 0,
    "operatingExpenses": 297295000,
    "costAndExpenses": 8649404000,
    "interestIncome": 0,
    "interestExpense": 0,
    "depreciationAndAmortization": 163515000,
    "ebitda": 636952000,
    "ebitdaratio": 0.0698194784,
    "operatingIncome": 473437000,
    "operatingIncomeRatio": 0.0518957855,
    "totalOtherIncomeExpensesNet": 19526000,
    "incomeBeforeTax": 492963000,
    "incomeBeforeTaxRatio": 0.0540361276,
    "incomeTaxExpense": 145167000,
    "netIncome": 347796000,
    "netIncomeRatio": 0.0381236503,
    "eps": 0.53,
    "epsdiluted": 0.53,
    "weightedAverageShsOut": 653995000,
    "weightedAverageShsOutDil": 657130000,
    "link": "https://www.sec.gov/Archives/edgar/data/7084/000000708406000202/0000007084-06-000202-index.htm",
    "finalLink": "https://www.sec.gov/Archives/edgar/data/7084/000000708406000202/adm10kfy06q3.htm"
  },
  {
    "date": "2005-12-31",
    "symbol": "ADM",
    "reportedCurrency": "USD",
    "cik": "0000007084",
    "fillingDate": "2006-02-08",
    "acceptedDate": "2006-02-08 16:32:35",
    "calendarYear": "2005",
    "period": "Q4",
    "revenue": 9298985000,
    "costOfRevenue": 8515517000,
    "grossProfit": 783468000,
    "grossProfitRatio": 0.0842530663,
    "researchAndDevelopmentExpenses": 0,
    "generalAndAdministrativeExpenses": 0,
    "sellingAndMarketingExpenses": 0,
    "sellingGeneralAndAdministrativeExpenses": 294392000,
    "otherExpenses": 0,
    "operatingExpenses": 294392000,
    "costAndExpenses": 8809909000,
    "interestIncome": 0,
    "interestExpense": 0,
    "depreciationAndAmortization": 163092000,
    "ebitda": 652168000,
    "ebitdaratio": 0.0701332457,
    "operatingIncome": 489076000,
    "operatingIncomeRatio": 0.0525945574,
    "totalOtherIncomeExpensesNet": 17628000,
    "incomeBeforeTax": 506704000,
    "incomeBeforeTaxRatio": 0.0544902481,
    "incomeTaxExpense": 139027000,
    "netIncome": 367677000,
    "netIncomeRatio": 0.0395394766,
    "eps": 0.56,
    "epsdiluted": 0.56,
    "weightedAverageShsOut": 653270000,
    "weightedAverageShsOutDil": 655508000,
    "link": "https://www.sec.gov/Archives/edgar/data/7084/000000708406000050/0000007084-06-000050-index.htm",
    "finalLink": "https://www.sec.gov/Archives/edgar/data/7084/000000708406000050/adm10qfy06q2.htm"
  },
  {
    "date": "2005-09-30",
    "symbol": "ADM",
    "reportedCurrency": "USD",
    "cik": "0000007084",
    "fillingDate": "2005-11-08",
    "acceptedDate": "2005-11-08 15:53:42",
    "calendarYear": "2005",
    "period": "Q3",
    "revenue": 8626949000,
    "costOfRevenue": 8044238000,
    "grossProfit": 582711000,
    "grossProfitRatio": 0.0675454323,
    "researchAndDevelopmentExpenses": 0,
    "generalAndAdministrativeExpenses": 0,
    "sellingAndMarketingExpenses": 0,
    "sellingGeneralAndAdministrativeExpenses": 304455000,
    "otherExpenses": 0,
    "operatingExpenses": 304455000,
    "costAndExpenses": 8348693000,
    "interestIncome": 0,
    "interestExpense": 0,
    "depreciationAndAmortization": 164173000,
    "ebitda": 442429000,
    "ebitdaratio": 0.0512845271,
    "operatingIncome": 278256000,
    "operatingIncomeRatio": 0.0322542767,
    "totalOtherIncomeExpensesNet": -4524000,
    "incomeBeforeTax": 273732000,
    "incomeBeforeTaxRatio": 0.0317298734,
    "incomeTaxExpense": 87394000,
    "netIncome": 186338000,
    "netIncomeRatio": 0.0215995249,
    "eps": 0.29,
    "epsdiluted": 0.29,
    "weightedAverageShsOut": 651945000,
    "weightedAverageShsOutDil": 653805000,
    "link": "https://www.sec.gov/Archives/edgar/data/7084/000000708405000419/0000007084-05-000419-index.htm",
    "finalLink": "https://www.sec.gov/Archives/edgar/data/7084/000000708405000419/adm10qfy06q1.htm"
  },
  {
    "date": "2005-06-30",
    "symbol": "ADM",
    "reportedCurrency": "USD",
    "cik": "0000007084",
    "fillingDate": "2005-09-09",
    "acceptedDate": "2005-09-08 17:56:11",
    "calendarYear": "2005",
    "period": "Q2",
    "revenue": 9423702000,
    "costOfRevenue": 8899359000,
    "grossProfit": 524343000,
    "grossProfitRatio": 0.0556408723,
    "researchAndDevelopmentExpenses": 0,
    "generalAndAdministrativeExpenses": 0,
    "sellingAndMarketingExpenses": 0,
    "sellingGeneralAndAdministrativeExpenses": 279166000,
    "otherExpenses": 0,
    "operatingExpenses": 279166000,
    "costAndExpenses": 9178525000,
    "interestIncome": 0,
    "interestExpense": 0,
    "depreciationAndAmortization": 157053000,
    "ebitda": 402230000,
    "ebitdaratio": 0.0426828013,
    "operatingIncome": 245177000,
    "operatingIncomeRatio": 0.0260170578,
    "totalOtherIncomeExpensesNet": 21863000,
    "incomeBeforeTax": 267040000,
    "incomeBeforeTaxRatio": 0.028337059,
    "incomeTaxExpense": 71556000,
    "netIncome": 195484000,
    "netIncomeRatio": 0.0207438648,
    "eps": 0.3,
    "epsdiluted": 0.3,
    "weightedAverageShsOut": 651945000,
    "weightedAverageShsOutDil": 653805000,
    "link": "https://www.sec.gov/Archives/edgar/data/7084/000000708405000350/0000007084-05-000350-index.htm",
    "finalLink": "https://www.sec.gov/Archives/edgar/data/7084/000000708405000350/adm10kfy05.htm"
  },
  {
    "date": "2005-03-31",
    "symbol": "ADM",
    "reportedCurrency": "USD",
    "cik": "0000007084",
    "fillingDate": "2005-05-06",
    "acceptedDate": "2005-05-06 17:21:11",
    "calendarYear": "2005",
    "period": "Q1",
    "revenue": 8484171000,
    "costOfRevenue": 7909315000,
    "grossProfit": 574856000,
    "grossProfitRatio": 0.0677562958,
    "researchAndDevelopmentExpenses": 0,
    "generalAndAdministrativeExpenses": 0,
    "sellingAndMarketingExpenses": 0,
    "sellingGeneralAndAdministrativeExpenses": 280395000,
    "otherExpenses": 0,
    "operatingExpenses": 280395000,
    "costAndExpenses": 8189710000,
    "interestIncome": 0,
    "interestExpense": 0,
    "depreciationAndAmortization": 170513000,
    "ebitda": 464974000,
    "ebitdaratio": 0.0548048831,
    "operatingIncome": 294461000,
    "operatingIncomeRatio": 0.0347071034,
    "totalOtherIncomeExpensesNet": 114575000,
    "incomeBeforeTax": 409036000,
    "incomeBeforeTaxRatio": 0.0482116638,
    "incomeTaxExpense": 139941000,
    "netIncome": 269095000,
    "netIncomeRatio": 0.0317173004,
    "eps": 0.41,
    "epsdiluted": 0.41,
    "weightedAverageShsOut": 656163000,
    "weightedAverageShsOutDil": 658904000,
    "link": "https://www.sec.gov/Archives/edgar/data/7084/000000708405000139/0000007084-05-000139-index.htm",
    "finalLink": "https://www.sec.gov/Archives/edgar/data/7084/000000708405000139/adm10qfy05q3.htm"
  },
  {
    "date": "2004-12-31",
    "symbol": "ADM",
    "reportedCurrency": "USD",
    "cik": "0000007084",
    "fillingDate": "2005-02-08",
    "acceptedDate": "2005-02-07 17:48:01",
    "calendarYear": "2004",
    "period": "Q4",
    "revenue": 9063526000,
    "costOfRevenue": 8394818000,
    "grossProfit": 668708000,
    "grossProfitRatio": 0.073780116,
    "researchAndDevelopmentExpenses": 0,
    "generalAndAdministrativeExpenses": 0,
    "sellingAndMarketingExpenses": 0,
    "sellingGeneralAndAdministrativeExpenses": 269741000,
    "otherExpenses": 0,
    "operatingExpenses": 269741000,
    "costAndExpenses": 8664559000,
    "interestIncome": 0,
    "interestExpense": 0,
    "depreciationAndAmortization": 169639000,
    "ebitda": 568606000,
    "ebitdaratio": 0.0627356285,
    "operatingIncome": 398967000,
    "operatingIncomeRatio": 0.0440189613,
    "totalOtherIncomeExpensesNet": 55395000,
    "incomeBeforeTax": 454362000,
    "incomeBeforeTaxRatio": 0.0501308211,
    "incomeTaxExpense": 140853000,
    "netIncome": 313509000,
    "netIncomeRatio": 0.0345901805,
    "eps": 0.48,
    "epsdiluted": 0.48,
    "weightedAverageShsOut": 654985000,
    "weightedAverageShsOutDil": 657120000,
    "link": "https://www.sec.gov/Archives/edgar/data/7084/000000708405000055/0000007084-05-000055-index.htm",
    "finalLink": "https://www.sec.gov/Archives/edgar/data/7084/000000708405000055/adm10qfy05q2.htm"
  },
  {
    "date": "2004-09-30",
    "symbol": "ADM",
    "reportedCurrency": "USD",
    "cik": "0000007084",
    "fillingDate": "2004-11-05",
    "acceptedDate": "2004-11-05 16:37:02",
    "calendarYear": "2004",
    "period": "Q3",
    "revenue": 8972411000,
    "costOfRevenue": 8308979000,
    "grossProfit": 663432000,
    "grossProfitRatio": 0.0739413297,
    "researchAndDevelopmentExpenses": 0,
    "generalAndAdministrativeExpenses": 0,
    "sellingAndMarketingExpenses": 0,
    "sellingGeneralAndAdministrativeExpenses": 251509000,
    "otherExpenses": 0,
    "operatingExpenses": 251509000,
    "costAndExpenses": 8560488000,
    "interestIncome": 0,
    "interestExpense": 0,
    "depreciationAndAmortization": 167447000,
    "ebitda": 579370000,
    "ebitdaratio": 0.0645723875,
    "operatingIncome": 411923000,
    "operatingIncomeRatio": 0.0459099566,
    "totalOtherIncomeExpensesNet": -25986000,
    "incomeBeforeTax": 385937000,
    "incomeBeforeTaxRatio": 0.0430137451,
    "incomeTaxExpense": 119640000,
    "netIncome": 266297000,
    "netIncomeRatio": 0.0296795365,
    "eps": 0.41,
    "epsdiluted": 0.41,
    "weightedAverageShsOut": 652325000,
    "weightedAverageShsOutDil": 652325000,
    "link": "https://www.sec.gov/Archives/edgar/data/7084/000000708404000443/0000007084-04-000443-index.htm",
    "finalLink": "https://www.sec.gov/Archives/edgar/data/7084/000000708404000443/adm10q05q1.htm"
  },
  {
    "date": "2004-06-30",
    "symbol": "ADM",
    "reportedCurrency": "USD",
    "cik": "0000007084",
    "fillingDate": "2004-09-08",
    "acceptedDate": "2004-09-08 10:33:59",
    "calendarYear": "2004",
    "period": "Q2",
    "revenue": 9685969000,
    "costOfRevenue": 9182712000,
    "grossProfit": 503257000,
    "grossProfitRatio": 0.0519573209,
    "researchAndDevelopmentExpenses": 0,
    "generalAndAdministrativeExpenses": 0,
    "sellingAndMarketingExpenses": 0,
    "sellingGeneralAndAdministrativeExpenses": 652695000,
    "otherExpenses": 0,
    "operatingExpenses": 652695000,
    "costAndExpenses": 9835407000,
    "interestIncome": 0,
    "interestExpense": 0,
    "depreciationAndAmortization": 176565000,
    "ebitda": 27127000,
    "ebitdaratio": 0.0028006491,
    "operatingIncome": -149438000,
    "operatingIncomeRatio": -0.0154282963,
    "totalOtherIncomeExpensesNet": -8695000,
    "incomeBeforeTax": -158133000,
    "incomeBeforeTaxRatio": -0.0163259866,
    "incomeTaxExpense": -55072000,
    "netIncome": -103061000,
    "netIncomeRatio": -0.0106402364,
    "eps": -0.16,
    "epsdiluted": -0.16,
    "weightedAverageShsOut": 650260000,
    "weightedAverageShsOutDil": 652325000,
    "link": "https://www.sec.gov/Archives/edgar/data/7084/000000708404000364/0000007084-04-000364-index.htm",
    "finalLink": "https://www.sec.gov/Archives/edgar/data/7084/000000708404000364/adm10-k04.htm"
  },
  {
    "date": "2004-03-31",
    "symbol": "ADM",
    "reportedCurrency": "USD",
    "cik": "0000007084",
    "fillingDate": "2004-05-14",
    "acceptedDate": "2004-05-13 20:02:19",
    "calendarYear": "2004",
    "period": "Q1",
    "revenue": 9309019000,
    "costOfRevenue": 8722000000,
    "grossProfit": 587019000,
    "grossProfitRatio": 0.0630591687,
    "researchAndDevelopmentExpenses": 0,
    "generalAndAdministrativeExpenses": 0,
    "sellingAndMarketingExpenses": 0,
    "sellingGeneralAndAdministrativeExpenses": 251701000,
    "otherExpenses": 0,
    "operatingExpenses": 251701000,
    "costAndExpenses": 8973701000,
    "interestIncome": 0,
    "interestExpense": 0,
    "depreciationAndAmortization": 172415000,
    "ebitda": 507733000,
    "ebitdaratio": 0.0545420522,
    "operatingIncome": 335318000,
    "operatingIncomeRatio": 0.0360207665,
    "totalOtherIncomeExpensesNet": 3143000,
    "incomeBeforeTax": 338461000,
    "incomeBeforeTaxRatio": 0.0363583961,
    "incomeTaxExpense": 111692000,
    "netIncome": 226769000,
    "netIncomeRatio": 0.0243601393,
    "eps": 0.35,
    "epsdiluted": 0.35,
    "weightedAverageShsOut": 648565000,
    "weightedAverageShsOutDil": 650962000,
    "link": "https://www.sec.gov/Archives/edgar/data/7084/000000708404000197/0000007084-04-000197-index.htm",
    "finalLink": "https://www.sec.gov/Archives/edgar/data/7084/000000708404000197/adm10q04q3.htm"
  },
  {
    "date": "2003-12-31",
    "symbol": "ADM",
    "reportedCurrency": "USD",
    "cik": "0000007084",
    "fillingDate": "2004-02-13",
    "acceptedDate": "2004-02-13 16:55:12",
    "calendarYear": "2003",
    "period": "Q4",
    "revenue": 9188504000,
    "costOfRevenue": 8584210000,
    "grossProfit": 604294000,
    "grossProfitRatio": 0.0657663097,
    "researchAndDevelopmentExpenses": 0,
    "generalAndAdministrativeExpenses": 0,
    "sellingAndMarketingExpenses": 0,
    "sellingGeneralAndAdministrativeExpenses": 284265000,
    "otherExpenses": 0,
    "operatingExpenses": 284265000,
    "costAndExpenses": 8868475000,
    "interestIncome": 0,
    "interestExpense": 0,
    "depreciationAndAmortization": 174745000,
    "ebitda": 494774000,
    "ebitdaratio": 0.053847068,
    "operatingIncome": 320029000,
    "operatingIncomeRatio": 0.0348292823,
    "totalOtherIncomeExpensesNet": 0,
    "incomeBeforeTax": 320029000,
    "incomeBeforeTaxRatio": 0.0348292823,
    "incomeTaxExpense": 99208000,
    "netIncome": 220821000,
    "netIncomeRatio": 0.0240323126,
    "eps": 0.34,
    "epsdiluted": 0.34,
    "weightedAverageShsOut": 646845000,
    "weightedAverageShsOutDil": 646845000,
    "link": "https://www.sec.gov/Archives/edgar/data/7084/000000708404000094/0000007084-04-000094-index.htm",
    "finalLink": "https://www.sec.gov/Archives/edgar/data/7084/000000708404000094/adm10q4q2.htm"
  },
  {
    "date": "2003-09-30",
    "symbol": "ADM",
    "reportedCurrency": "USD",
    "cik": "0000007084",
    "fillingDate": "2003-11-12",
    "acceptedDate": "2003-11-12 16:51:15",
    "calendarYear": "2003",
    "period": "Q3",
    "revenue": 7967902000,
    "costOfRevenue": 7514148000,
    "grossProfit": 453754000,
    "grossProfitRatio": 0.0569477386,
    "researchAndDevelopmentExpenses": 0,
    "generalAndAdministrativeExpenses": 0,
    "sellingAndMarketingExpenses": 0,
    "sellingGeneralAndAdministrativeExpenses": 231796000,
    "otherExpenses": 0,
    "operatingExpenses": 231796000,
    "costAndExpenses": 7745944000,
    "interestIncome": 0,
    "interestExpense": 0,
    "depreciationAndAmortization": 166133000,
    "ebitda": 388091000,
    "ebitdaratio": 0.0487067989,
    "operatingIncome": 221958000,
    "operatingIncomeRatio": 0.0278565173,
    "totalOtherIncomeExpensesNet": -4304000,
    "incomeBeforeTax": 217654000,
    "incomeBeforeTaxRatio": 0.02731635,
    "incomeTaxExpense": 67473000,
    "netIncome": 150181000,
    "netIncomeRatio": 0.0188482489,
    "eps": 0.23,
    "epsdiluted": 0.23,
    "weightedAverageShsOut": 645132000,
    "weightedAverageShsOutDil": 645132000,
    "link": "https://www.sec.gov/Archives/edgar/data/7084/000000708403000173/0000007084-03-000173-index.htm",
    "finalLink": "https://www.sec.gov/Archives/edgar/data/7084/000000708403000173/adm10q4q1.htm"
  },
  {
    "date": "2003-06-30",
    "symbol": "ADM",
    "reportedCurrency": "USD",
    "cik": "0000007084",
    "fillingDate": "2003-09-03",
    "acceptedDate": "2003-09-03 17:27:04",
    "calendarYear": "2003",
    "period": "Q2",
    "revenue": 8048226000,
    "costOfRevenue": 7646306000,
    "grossProfit": 401920000,
    "grossProfitRatio": 0.0499389555,
    "researchAndDevelopmentExpenses": 0,
    "generalAndAdministrativeExpenses": 0,
    "sellingAndMarketingExpenses": 0,
    "sellingGeneralAndAdministrativeExpenses": 254127000,
    "otherExpenses": 0,
    "operatingExpenses": 254127000,
    "costAndExpenses": 7900433000,
    "interestIncome": 0,
    "interestExpense": 0,
    "depreciationAndAmortization": 172995000,
    "ebitda": 320788000,
    "ebitdaratio": 0.0398582247,
    "operatingIncome": 147793000,
    "operatingIncomeRatio": 0.0183634257,
    "totalOtherIncomeExpensesNet": -14897000,
    "incomeBeforeTax": 132896000,
    "incomeBeforeTaxRatio": 0.0165124588,
    "incomeTaxExpense": 37876000,
    "netIncome": 95020000,
    "netIncomeRatio": 0.0118063285,
    "eps": 0.15,
    "epsdiluted": 0.15,
    "weightedAverageShsOut": 644622000,
    "weightedAverageShsOutDil": 645132000,
    "link": "https://www.sec.gov/Archives/edgar/data/7084/000000708403000063/0000007084-03-000063-index.htm",
    "finalLink": "https://www.sec.gov/Archives/edgar/data/7084/000000708403000063/adm10k2003.htm"
  },
  {
    "date": "2003-03-31",
    "symbol": "ADM",
    "reportedCurrency": "USD",
    "cik": "0000007084",
    "fillingDate": "2003-05-13",
    "acceptedDate": "2003-05-13 16:32:12",
    "calendarYear": "2003",
    "period": "Q1",
    "revenue": 7908530000,
    "costOfRevenue": 7494182000,
    "grossProfit": 414348000,
    "grossProfitRatio": 0.0523925432,
    "researchAndDevelopmentExpenses": 0,
    "generalAndAdministrativeExpenses": 0,
    "sellingAndMarketingExpenses": 0,
    "sellingGeneralAndAdministrativeExpenses": 231225000,
    "otherExpenses": 0,
    "operatingExpenses": 231225000,
    "costAndExpenses": 7725407000,
    "interestIncome": 0,
    "interestExpense": 0,
    "depreciationAndAmortization": 166707000,
    "ebitda": 349830000,
    "ebitdaratio": 0.0442345164,
    "operatingIncome": 183123000,
    "operatingIncomeRatio": 0.0231551249,
    "totalOtherIncomeExpensesNet": -29392000,
    "incomeBeforeTax": 153731000,
    "incomeBeforeTaxRatio": 0.0194386315,
    "incomeTaxExpense": 36926000,
    "netIncome": 116805000,
    "netIncomeRatio": 0.0147694957,
    "eps": 0.18,
    "epsdiluted": 0.18,
    "weightedAverageShsOut": 645445000,
    "weightedAverageShsOutDil": 645445000,
    "link": "https://www.sec.gov/Archives/edgar/data/7084/000000708403000010/0000007084-03-000010-index.htm",
    "finalLink": "https://www.sec.gov/Archives/edgar/data/7084/000000708403000010/adm10q3q3.htm"
  },
  {
    "date": "2002-12-31",
    "symbol": "ADM",
    "reportedCurrency": "USD",
    "cik": "0000007084",
    "fillingDate": "2003-02-13",
    "acceptedDate": "2003-02-13 15:53:17",
    "calendarYear": "2002",
    "period": "Q4",
    "revenue": 7807382000,
    "costOfRevenue": 7316495000,
    "grossProfit": 490887000,
    "grossProfitRatio": 0.0628747255,
    "researchAndDevelopmentExpenses": 0,
    "generalAndAdministrativeExpenses": 0,
    "sellingAndMarketingExpenses": 0,
    "sellingGeneralAndAdministrativeExpenses": 246197000,
    "otherExpenses": 0,
    "operatingExpenses": 246197000,
    "costAndExpenses": 7562692000,
    "interestIncome": 0,
    "interestExpense": 0,
    "depreciationAndAmortization": 160124000,
    "ebitda": 404814000,
    "ebitdaratio": 0.0518501592,
    "operatingIncome": 244690000,
    "operatingIncomeRatio": 0.0313408515,
    "totalOtherIncomeExpensesNet": -55848000,
    "incomeBeforeTax": 188842000,
    "incomeBeforeTaxRatio": 0.0241876214,
    "incomeTaxExpense": 57597000,
    "netIncome": 131245000,
    "netIncomeRatio": 0.0168103725,
    "eps": 0.2,
    "epsdiluted": 0.2,
    "weightedAverageShsOut": 646178000,
    "weightedAverageShsOutDil": 646178000,
    "link": "https://www.sec.gov/Archives/edgar/data/7084/000000708403000004/0000007084-03-000004-index.htm",
    "finalLink": "https://www.sec.gov/Archives/edgar/data/7084/000000708403000004/adm10q3q2.htm"
  },
  {
    "date": "2002-09-30",
    "symbol": "ADM",
    "reportedCurrency": "USD",
    "cik": "0000007084",
    "fillingDate": "2002-11-12",
    "acceptedDate": "2002-11-12 17:06:47",
    "calendarYear": "2002",
    "period": "Q3",
    "revenue": 6943895000,
    "costOfRevenue": 6523912000,
    "grossProfit": 419983000,
    "grossProfitRatio": 0.0604823374,
    "researchAndDevelopmentExpenses": 0,
    "generalAndAdministrativeExpenses": 0,
    "sellingAndMarketingExpenses": 0,
    "sellingGeneralAndAdministrativeExpenses": 216145000,
    "otherExpenses": 0,
    "operatingExpenses": 216145000,
    "costAndExpenses": 6740057000,
    "interestIncome": 0,
    "interestExpense": 0,
    "depreciationAndAmortization": 148900000,
    "ebitda": 352738000,
    "ebitdaratio": 0.0507982912,
    "operatingIncome": 203838000,
    "operatingIncomeRatio": 0.0293549946,
    "totalOtherIncomeExpensesNet": -48334000,
    "incomeBeforeTax": 155504000,
    "incomeBeforeTaxRatio": 0.0223943478,
    "incomeTaxExpense": 47429000,
    "netIncome": 108075000,
    "netIncomeRatio": 0.0155640314,
    "eps": 0.17,
    "epsdiluted": 0.17,
    "weightedAverageShsOut": 648066000,
    "weightedAverageShsOutDil": 648066000,
    "link": "https://www.sec.gov/Archives/edgar/data/7084/000000708402000021/0000007084-02-000021-index.htm",
    "finalLink": "https://www.sec.gov/Archives/edgar/data/7084/000000708402000021/adm10qf1.htm"
  },
  {
    "date": "2002-06-30",
    "symbol": "ADM",
    "reportedCurrency": "USD",
    "cik": "0000007084",
    "fillingDate": "2002-09-20",
    "acceptedDate": "2002-09-20 17:02:04",
    "calendarYear": "2002",
    "period": "Q2",
    "revenue": 7068806000,
    "costOfRevenue": 6688378000,
    "grossProfit": 380428000,
    "grossProfitRatio": 0.0538178583,
    "researchAndDevelopmentExpenses": 0,
    "generalAndAdministrativeExpenses": 0,
    "sellingAndMarketingExpenses": 0,
    "sellingGeneralAndAdministrativeExpenses": 233200000,
    "otherExpenses": 0,
    "operatingExpenses": 233200000,
    "costAndExpenses": 6921578000,
    "interestIncome": 0,
    "interestExpense": 0,
    "depreciationAndAmortization": 149510000,
    "ebitda": 296738000,
    "ebitdaratio": 0.041978518,
    "operatingIncome": 147228000,
    "operatingIncomeRatio": 0.0208278456,
    "totalOtherIncomeExpensesNet": -28032000,
    "incomeBeforeTax": 119196000,
    "incomeBeforeTaxRatio": 0.0168622537,
    "incomeTaxExpense": 6930000,
    "netIncome": 112266000,
    "netIncomeRatio": 0.0158818901,
    "eps": 0.17,
    "epsdiluted": 0.17,
    "weightedAverageShsOut": 648066000,
    "weightedAverageShsOutDil": 648066000,
    "link": "https://www.sec.gov/Archives/edgar/data/7084/000000708402000017/0000007084-02-000017-index.htm",
    "finalLink": "https://www.sec.gov/Archives/edgar/data/7084/000000708402000017/adm10k02.htm"
  },
  {
    "date": "2002-03-31",
    "symbol": "ADM",
    "reportedCurrency": "USD",
    "cik": "0000007084",
    "fillingDate": "2002-05-13",
    "acceptedDate": "2002-05-13 16:31:03",
    "calendarYear": "2002",
    "period": "Q1",
    "revenue": 5189165000,
    "costOfRevenue": 4798922000,
    "grossProfit": 390243000,
    "grossProfitRatio": 0.0752034287,
    "researchAndDevelopmentExpenses": 0,
    "generalAndAdministrativeExpenses": 0,
    "sellingAndMarketingExpenses": 0,
    "sellingGeneralAndAdministrativeExpenses": 199713000,
    "otherExpenses": 0,
    "operatingExpenses": 199713000,
    "costAndExpenses": 4998635000,
    "interestIncome": 0,
    "interestExpense": 0,
    "depreciationAndAmortization": 154716000,
    "ebitda": 345246000,
    "ebitdaratio": 0.0665320914,
    "operatingIncome": 190530000,
    "operatingIncomeRatio": 0.0367168899,
    "totalOtherIncomeExpensesNet": -14312000,
    "incomeBeforeTax": 176218000,
    "incomeBeforeTaxRatio": 0.0339588354,
    "incomeTaxExpense": 59034000,
    "netIncome": 117184000,
    "netIncomeRatio": 0.0225824386,
    "eps": 0.18,
    "epsdiluted": 0.18,
    "weightedAverageShsOut": 653586000,
    "weightedAverageShsOutDil": 653586000,
    "link": "https://www.sec.gov/Archives/edgar/data/7084/000000708402000005/0000007084-02-000005-index.htm",
    "finalLink": "https://www.sec.gov/Archives/edgar/data/7084/000000708402000005/adm10qf3.htm"
  },
  {
    "date": "2001-12-31",
    "symbol": "ADM",
    "reportedCurrency": "USD",
    "cik": "0000007084",
    "fillingDate": "2002-02-13",
    "acceptedDate": "2002-02-13 00:00:00",
    "calendarYear": "2001",
    "period": "Q4",
    "revenue": 5463996000,
    "costOfRevenue": 4956708000,
    "grossProfit": 507288000,
    "grossProfitRatio": 0.0928419421,
    "researchAndDevelopmentExpenses": 0,
    "generalAndAdministrativeExpenses": 0,
    "sellingAndMarketingExpenses": 0,
    "sellingGeneralAndAdministrativeExpenses": 209746000,
    "otherExpenses": 0,
    "operatingExpenses": 209746000,
    "costAndExpenses": 5166454000,
    "interestIncome": 0,
    "interestExpense": 0,
    "depreciationAndAmortization": 155527000,
    "ebitda": 453069000,
    "ebitdaratio": 0.0829189846,
    "operatingIncome": 297542000,
    "operatingIncomeRatio": 0.0544550179,
    "totalOtherIncomeExpensesNet": -71941000,
    "incomeBeforeTax": 225601000,
    "incomeBeforeTaxRatio": 0.0412886466,
    "incomeTaxExpense": 75576000,
    "netIncome": 150025000,
    "netIncomeRatio": 0.0274570113,
    "eps": 0.23,
    "epsdiluted": 0.23,
    "weightedAverageShsOut": 660285000,
    "weightedAverageShsOutDil": 660285000,
    "link": "https://www.sec.gov/Archives/edgar/data/7084/000000708402000002/0000007084-02-000002-index.htm",
    "finalLink": "https://www.sec.gov/Archives/edgar/data/7084/000000708402000002/adm10qf2.htm"
  },
  {
    "date": "2001-09-30",
    "symbol": "ADM",
    "reportedCurrency": "USD",
    "cik": "0000007084",
    "fillingDate": "2001-11-13",
    "acceptedDate": "2001-11-13 00:00:00",
    "calendarYear": "2001",
    "period": "Q3",
    "revenue": 5203683000,
    "costOfRevenue": 4798186000,
    "grossProfit": 405497000,
    "grossProfitRatio": 0.0779250004,
    "researchAndDevelopmentExpenses": 0,
    "generalAndAdministrativeExpenses": 0,
    "sellingAndMarketingExpenses": 0,
    "sellingGeneralAndAdministrativeExpenses": 184263000,
    "otherExpenses": 0,
    "operatingExpenses": 184263000,
    "costAndExpenses": 4982449000,
    "interestIncome": 0,
    "interestExpense": 0,
    "depreciationAndAmortization": 154317000,
    "ebitda": 375551000,
    "ebitdaratio": 0.0721702302,
    "operatingIncome": 221234000,
    "operatingIncomeRatio": 0.042514888,
    "totalOtherIncomeExpensesNet": -23312000,
    "incomeBeforeTax": 197922000,
    "incomeBeforeTaxRatio": 0.0380349841,
    "incomeTaxExpense": 66304000,
    "netIncome": 131618000,
    "netIncomeRatio": 0.0252932394,
    "eps": 0.2,
    "epsdiluted": 0.2,
    "weightedAverageShsOut": 662613000,
    "weightedAverageShsOutDil": 662613000,
    "link": "https://www.sec.gov/Archives/edgar/data/7084/000000708401500056/0000007084-01-500056-index.htm",
    "finalLink": "https://www.sec.gov/Archives/edgar/data/7084/000000708401500056/adm10q_02q1.htm"
  },
  {
    "date": "2001-06-30",
    "symbol": "ADM",
    "reportedCurrency": "USD",
    "cik": "0000007084",
    "fillingDate": "2001-09-28",
    "acceptedDate": "2001-09-28 00:00:00",
    "calendarYear": "2001",
    "period": "Q2",
    "revenue": 5345292000,
    "costOfRevenue": 4983362000,
    "grossProfit": 361930000,
    "grossProfitRatio": 0.0677100521,
    "researchAndDevelopmentExpenses": 0,
    "generalAndAdministrativeExpenses": 0,
    "sellingAndMarketingExpenses": 0,
    "sellingGeneralAndAdministrativeExpenses": 187492000,
    "otherExpenses": 0,
    "operatingExpenses": 187492000,
    "costAndExpenses": 5170854000,
    "interestIncome": 0,
    "interestExpense": 0,
    "depreciationAndAmortization": 152618000,
    "ebitda": 327056000,
    "ebitdaratio": 0.0611858061,
    "operatingIncome": 174438000,
    "operatingIncomeRatio": 0.0326339515,
    "totalOtherIncomeExpensesNet": -91329000,
    "incomeBeforeTax": 83109000,
    "incomeBeforeTaxRatio": 0.0155480748,
    "incomeTaxExpense": 27010000,
    "netIncome": 56099000,
    "netIncomeRatio": 0.01049503,
    "eps": 0.085,
    "epsdiluted": 0.085,
    "weightedAverageShsOut": 662613000,
    "weightedAverageShsOutDil": 662613000,
    "link": "https://www.sec.gov/Archives/edgar/data/7084/000000708401500047/0000007084-01-500047-index.htm",
    "finalLink": "https://www.sec.gov/Archives/edgar/data/7084/000000708401500047/adm10k2001.htm"
  },
  {
    "date": "2001-03-31",
    "symbol": "ADM",
    "reportedCurrency": "USD",
    "cik": "0000007084",
    "fillingDate": "2001-05-09",
    "acceptedDate": "2001-05-09 00:00:00",
    "calendarYear": "2001",
    "period": "Q1",
    "revenue": 5130346000,
    "costOfRevenue": 4760694000,
    "grossProfit": 369652000,
    "grossProfitRatio": 0.0720520604,
    "researchAndDevelopmentExpenses": 0,
    "generalAndAdministrativeExpenses": 0,
    "sellingAndMarketingExpenses": 0,
    "sellingGeneralAndAdministrativeExpenses": 186771000,
    "otherExpenses": 0,
    "operatingExpenses": 186771000,
    "costAndExpenses": 4947465000,
    "interestIncome": 0,
    "interestExpense": 0,
    "depreciationAndAmortization": 152426000,
    "ebitda": 335307000,
    "ebitdaratio": 0.0653575802,
    "operatingIncome": 182881000,
    "operatingIncomeRatio": 0.0356469135,
    "totalOtherIncomeExpensesNet": -44883000,
    "incomeBeforeTax": 137998000,
    "incomeBeforeTaxRatio": 0.0268983807,
    "incomeTaxExpense": 44849000,
    "netIncome": 93149000,
    "netIncomeRatio": 0.0181564752,
    "eps": 0.14,
    "epsdiluted": 0.14,
    "weightedAverageShsOut": 665541450,
    "weightedAverageShsOutDil": 665541450,
    "link": "https://www.sec.gov/Archives/edgar/data/7084/000000708401500009/0000007084-01-500009-index.htm",
    "finalLink": "https://www.sec.gov/Archives/edgar/data/7084/000000708401500009/adm3q.htm"
  },
  {
    "date": "2000-12-31",
    "symbol": "ADM",
    "reportedCurrency": "USD",
    "cik": "0000007084",
    "fillingDate": "2001-02-14",
    "acceptedDate": "2001-02-14 00:00:00",
    "calendarYear": "2000",
    "period": "Q4",
    "revenue": 4940999000,
    "costOfRevenue": 4524691000,
    "grossProfit": 416308000,
    "grossProfitRatio": 0.0842558357,
    "researchAndDevelopmentExpenses": 0,
    "generalAndAdministrativeExpenses": 0,
    "sellingAndMarketingExpenses": 0,
    "sellingGeneralAndAdministrativeExpenses": 187443000,
    "otherExpenses": 0,
    "operatingExpenses": 187443000,
    "costAndExpenses": 4712134000,
    "interestIncome": 0,
    "interestExpense": 0,
    "depreciationAndAmortization": 157782000,
    "ebitda": 386647000,
    "ebitdaratio": 0.0782527987,
    "operatingIncome": 228865000,
    "operatingIncomeRatio": 0.0463195803,
    "totalOtherIncomeExpensesNet": -44262000,
    "incomeBeforeTax": 184603000,
    "incomeBeforeTaxRatio": 0.0373614729,
    "incomeTaxExpense": 59996000,
    "netIncome": 124607000,
    "netIncomeRatio": 0.0252189891,
    "eps": 0.19,
    "epsdiluted": 0.19,
    "weightedAverageShsOut": 665072100,
    "weightedAverageShsOutDil": 665072100,
    "link": "https://www.sec.gov/Archives/edgar/data/7084/000000708401500003/0000007084-01-500003-index.htm",
    "finalLink": "https://www.sec.gov/Archives/edgar/data/7084/000000708401500003/adm10q2qfy01.htm"
  },
  {
    "date": "2000-09-30",
    "symbol": "ADM",
    "reportedCurrency": "USD",
    "cik": "0000007084",
    "fillingDate": "2000-11-14",
    "acceptedDate": "2000-11-14 00:00:00",
    "calendarYear": "2000",
    "period": "Q3",
    "revenue": 4634784000,
    "costOfRevenue": 4350876000,
    "grossProfit": 283908000,
    "grossProfitRatio": 0.0612559291,
    "researchAndDevelopmentExpenses": 0,
    "generalAndAdministrativeExpenses": 0,
    "sellingAndMarketingExpenses": 0,
    "sellingGeneralAndAdministrativeExpenses": 169323000,
    "otherExpenses": 0,
    "operatingExpenses": 169323000,
    "costAndExpenses": 4520199000,
    "interestIncome": 0,
    "interestExpense": 0,
    "depreciationAndAmortization": 159148000,
    "ebitda": 273733000,
    "ebitdaratio": 0.0590605733,
    "operatingIncome": 114585000,
    "operatingIncomeRatio": 0.024722835,
    "totalOtherIncomeExpensesNet": 1604000,
    "incomeBeforeTax": 116189000,
    "incomeBeforeTaxRatio": 0.0250689137,
    "incomeTaxExpense": 6760000,
    "netIncome": 109429000,
    "netIncomeRatio": 0.0236103775,
    "eps": 0.16,
    "epsdiluted": 0.16,
    "weightedAverageShsOut": 664211100,
    "weightedAverageShsOutDil": 664211100,
    "link": "https://www.sec.gov/Archives/edgar/data/7084/000000708400000046/0000007084-00-000046-index.htm",
    "finalLink": "https://www.sec.gov/Archives/edgar/data/7084/000000708400000046/0000007084-00-000046-0001.txt"
  },
  {
    "date": "2000-06-30",
    "symbol": "ADM",
    "reportedCurrency": "USD",
    "cik": "0000007084",
    "fillingDate": "2000-09-28",
    "acceptedDate": "2000-09-28 00:00:00",
    "calendarYear": "2000",
    "period": "Q2",
    "revenue": 3123682000,
    "costOfRevenue": 2757120000,
    "grossProfit": 366562000,
    "grossProfitRatio": 0.1173493333,
    "researchAndDevelopmentExpenses": 0,
    "generalAndAdministrativeExpenses": 0,
    "sellingAndMarketingExpenses": 0,
    "sellingGeneralAndAdministrativeExpenses": 174297000,
    "otherExpenses": 160556000,
    "operatingExpenses": 334853000,
    "costAndExpenses": 3091973000,
    "interestIncome": 0,
    "interestExpense": 0,
    "depreciationAndAmortization": 160556000,
    "ebitda": 192265000,
    "ebitdaratio": 0.0615507596,
    "operatingIncome": 31709000,
    "operatingIncomeRatio": 0.0101511614,
    "totalOtherIncomeExpensesNet": -41352000,
    "incomeBeforeTax": -9643000,
    "incomeBeforeTaxRatio": -0.003087062,
    "incomeTaxExpense": -69230000,
    "netIncome": 59587000,
    "netIncomeRatio": 0.0190758854,
    "eps": 0.09,
    "epsdiluted": 0.09,
    "weightedAverageShsOut": 664211100,
    "weightedAverageShsOutDil": 664211100,
    "link": "https://www.sec.gov/Archives/edgar/data/7084/000000708400000039/0000007084-00-000039-index.htm",
    "finalLink": "https://www.sec.gov/Archives/edgar/data/7084/000000708400000039/0000007084-00-000039-0001.txt"
  },
  {
    "date": "2000-03-31",
    "symbol": "ADM",
    "reportedCurrency": "USD",
    "cik": "0000007084",
    "fillingDate": "2000-05-12",
    "acceptedDate": "2000-05-12 00:00:00",
    "calendarYear": "2000",
    "period": "Q1",
    "revenue": 4473763000,
    "costOfRevenue": 4138787000,
    "grossProfit": 334976000,
    "grossProfitRatio": 0.0748756695,
    "researchAndDevelopmentExpenses": 0,
    "generalAndAdministrativeExpenses": 0,
    "sellingAndMarketingExpenses": 0,
    "sellingGeneralAndAdministrativeExpenses": 184850000,
    "otherExpenses": 0,
    "operatingExpenses": 184850000,
    "costAndExpenses": 4323637000,
    "interestIncome": 0,
    "interestExpense": 0,
    "depreciationAndAmortization": 163426000,
    "ebitda": 313552000,
    "ebitdaratio": 0.0700868598,
    "operatingIncome": 150126000,
    "operatingIncomeRatio": 0.0335569855,
    "totalOtherIncomeExpensesNet": 4805000,
    "incomeBeforeTax": 154931000,
    "incomeBeforeTaxRatio": 0.0346310254,
    "incomeTaxExpense": 51902000,
    "netIncome": 103029000,
    "netIncomeRatio": 0.0230296062,
    "eps": 0.14,
    "epsdiluted": 0.14,
    "weightedAverageShsOut": 736896176,
    "weightedAverageShsOutDil": 736896176,
    "link": "https://www.sec.gov/Archives/edgar/data/7084/000000708400000020/0000007084-00-000020-index.html",
    "finalLink": "https://www.sec.gov/Archives/edgar/data/7084/000000708400000020/"
  },
  {
    "date": "1999-12-31",
    "symbol": "ADM",
    "reportedCurrency": "USD",
    "cik": "0000007084",
    "fillingDate": "2000-02-11",
    "acceptedDate": "2000-02-11 00:00:00",
    "calendarYear": "1999",
    "period": "Q4",
    "revenue": 4615421000,
    "costOfRevenue": 4209148000,
    "grossProfit": 406273000,
    "grossProfitRatio": 0.0880251227,
    "researchAndDevelopmentExpenses": 0,
    "generalAndAdministrativeExpenses": 0,
    "sellingAndMarketingExpenses": 0,
    "sellingGeneralAndAdministrativeExpenses": 199476000,
    "otherExpenses": 0,
    "operatingExpenses": 199476000,
    "costAndExpenses": 4408624000,
    "interestIncome": 0,
    "interestExpense": 0,
    "depreciationAndAmortization": 164815000,
    "ebitda": 371612000,
    "ebitdaratio": 0.0805152986,
    "operatingIncome": 206797000,
    "operatingIncomeRatio": 0.0448056634,
    "totalOtherIncomeExpensesNet": -53534000,
    "incomeBeforeTax": 153263000,
    "incomeBeforeTaxRatio": 0.0332067216,
    "incomeTaxExpense": 51343000,
    "netIncome": 101920000,
    "netIncomeRatio": 0.0220824926,
    "eps": 0.14,
    "epsdiluted": 0.14,
    "weightedAverageShsOut": 740261581,
    "weightedAverageShsOutDil": 740261581,
    "link": "https://www.sec.gov/Archives/edgar/data/7084/000000708400000006/0000007084-00-000006-index.html",
    "finalLink": "https://www.sec.gov/Archives/edgar/data/7084/000000708400000006/"
  },
  {
    "date": "1999-09-30",
    "symbol": "ADM",
    "reportedCurrency": "USD",
    "cik": "0000007084",
    "fillingDate": "1999-11-12",
    "acceptedDate": "1999-11-12 00:00:00",
    "calendarYear": "1999",
    "period": "Q3",
    "revenue": 4611266000,
    "costOfRevenue": 4338946000,
    "grossProfit": 272320000,
    "grossProfitRatio": 0.0590553657,
    "researchAndDevelopmentExpenses": 0,
    "generalAndAdministrativeExpenses": 0,
    "sellingAndMarketingExpenses": 0,
    "sellingGeneralAndAdministrativeExpenses": 170735000,
    "otherExpenses": 0,
    "operatingExpenses": 170735000,
    "costAndExpenses": 4509681000,
    "interestIncome": 0,
    "interestExpense": 0,
    "depreciationAndAmortization": 158842000,
    "ebitda": 260427000,
    "ebitdaratio": 0.0564762475,
    "operatingIncome": 101585000,
    "operatingIncomeRatio": 0.0220297419,
    "totalOtherIncomeExpensesNet": -46899000,
    "incomeBeforeTax": 54686000,
    "incomeBeforeTaxRatio": 0.0118592161,
    "incomeTaxExpense": 18319000,
    "netIncome": 36367000,
    "netIncomeRatio": 0.0078865544,
    "eps": 0.0518,
    "epsdiluted": 0.0518,
    "weightedAverageShsOut": 743223970,
    "weightedAverageShsOutDil": 743223970,
    "link": "https://www.sec.gov/Archives/edgar/data/7084/000000708499000024/0000007084-99-000024-index.html",
    "finalLink": "https://www.sec.gov/Archives/edgar/data/7084/000000708499000024/"
  },
  {
    "date": "1999-06-30",
    "symbol": "ADM",
    "reportedCurrency": "USD",
    "cik": "0000007084",
    "fillingDate": "1999-09-22",
    "acceptedDate": "1999-09-22 00:00:00",
    "calendarYear": "1999",
    "period": "Q2",
    "revenue": 3192200000,
    "costOfRevenue": 2754000000,
    "grossProfit": 438200000,
    "grossProfitRatio": 0.1372721007,
    "researchAndDevelopmentExpenses": 0,
    "generalAndAdministrativeExpenses": 0,
    "sellingAndMarketingExpenses": 0,
    "sellingGeneralAndAdministrativeExpenses": 178300000,
    "otherExpenses": 160200000,
    "operatingExpenses": 338500000,
    "costAndExpenses": 3092500000,
    "interestIncome": 0,
    "interestExpense": 0,
    "depreciationAndAmortization": 160200000,
    "ebitda": 259900000,
    "ebitdaratio": 0.0814172044,
    "operatingIncome": 99700000,
    "operatingIncomeRatio": 0.0312323789,
    "totalOtherIncomeExpensesNet": -46100000,
    "incomeBeforeTax": 53600000,
    "incomeBeforeTaxRatio": 0.0167909279,
    "incomeTaxExpense": 11300000,
    "netIncome": 42300000,
    "netIncomeRatio": 0.0132510494,
    "eps": 0.06,
    "epsdiluted": 0.06,
    "weightedAverageShsOut": 700643382,
    "weightedAverageShsOutDil": 700643382,
    "link": "https://www.sec.gov/Archives/edgar/data/7084/000000708499000022/0000007084-99-000022-index.html",
    "finalLink": "https://www.sec.gov/Archives/edgar/data/7084/000000708499000022/"
  },
  {
    "date": "1999-03-31",
    "symbol": "ADM",
    "reportedCurrency": "USD",
    "cik": "0000007084",
    "fillingDate": "1999-05-14",
    "acceptedDate": "1999-05-14 00:00:00",
    "calendarYear": "1999",
    "period": "Q1",
    "revenue": 3378100000,
    "costOfRevenue": 2980200000,
    "grossProfit": 397900000,
    "grossProfitRatio": 0.1177881057,
    "researchAndDevelopmentExpenses": 0,
    "generalAndAdministrativeExpenses": 0,
    "sellingAndMarketingExpenses": 0,
    "sellingGeneralAndAdministrativeExpenses": 173800000,
    "otherExpenses": 159000000,
    "operatingExpenses": 332800000,
    "costAndExpenses": 3313000000,
    "interestIncome": 0,
    "interestExpense": 0,
    "depreciationAndAmortization": 159000000,
    "ebitda": 224100000,
    "ebitdaratio": 0.0663390663,
    "operatingIncome": 65100000,
    "operatingIncomeRatio": 0.0192711879,
    "totalOtherIncomeExpensesNet": -47200000,
    "incomeBeforeTax": 17900000,
    "incomeBeforeTaxRatio": 0.0052988366,
    "incomeTaxExpense": 6200000,
    "netIncome": 11700000,
    "netIncomeRatio": 0.0034634854,
    "eps": 0.0164,
    "epsdiluted": 0.0164,
    "weightedAverageShsOut": 711355699,
    "weightedAverageShsOutDil": 711355699,
    "link": "https://www.sec.gov/Archives/edgar/data/7084/000000708499000010/0000007084-99-000010-index.html",
    "finalLink": "https://www.sec.gov/Archives/edgar/data/7084/"
  },
  {
    "date": "1998-12-31",
    "symbol": "ADM",
    "reportedCurrency": "USD",
    "cik": "0000007084",
    "fillingDate": "1999-02-12",
    "acceptedDate": "1999-02-12 00:00:00",
    "calendarYear": "1998",
    "period": "Q4",
    "revenue": 3911500000,
    "costOfRevenue": 3335600000,
    "grossProfit": 575900000,
    "grossProfitRatio": 0.1472325195,
    "researchAndDevelopmentExpenses": 0,
    "generalAndAdministrativeExpenses": 0,
    "sellingAndMarketingExpenses": 0,
    "sellingGeneralAndAdministrativeExpenses": 182200000,
    "otherExpenses": 154600000,
    "operatingExpenses": 336800000,
    "costAndExpenses": 3672400000,
    "interestIncome": 0,
    "interestExpense": 0,
    "depreciationAndAmortization": 154600000,
    "ebitda": 393700000,
    "ebitdaratio": 0.1006519238,
    "operatingIncome": 239100000,
    "operatingIncomeRatio": 0.0611274447,
    "totalOtherIncomeExpensesNet": -69200000,
    "incomeBeforeTax": 169900000,
    "incomeBeforeTaxRatio": 0.043436022,
    "incomeTaxExpense": 59500000,
    "netIncome": 95100000,
    "netIncomeRatio": 0.0243129234,
    "eps": 0.12,
    "epsdiluted": 0.12,
    "weightedAverageShsOut": 826006434,
    "weightedAverageShsOutDil": 826006434,
    "link": "https://www.sec.gov/Archives/edgar/data/7084/000000708499000003/0000007084-99-000003-index.html",
    "finalLink": "https://www.sec.gov/Archives/edgar/data/7084/"
  },
  {
    "date": "1998-09-30",
    "symbol": "ADM",
    "reportedCurrency": "USD",
    "cik": "0000007084",
    "fillingDate": "1998-09-30",
    "acceptedDate": "1998-09-30 00:00:00",
    "calendarYear": "1998",
    "period": "Q3",
    "revenue": 3801400000,
    "costOfRevenue": 3359400000,
    "grossProfit": 442000000,
    "grossProfitRatio": 0.1162729521,
    "researchAndDevelopmentExpenses": 0,
    "generalAndAdministrativeExpenses": 0,
    "sellingAndMarketingExpenses": 0,
    "sellingGeneralAndAdministrativeExpenses": 166800000,
    "otherExpenses": 148400000,
    "operatingExpenses": 315200000,
    "costAndExpenses": 3674600000,
    "interestIncome": 0,
    "interestExpense": 0,
    "depreciationAndAmortization": 148400000,
    "ebitda": 275200000,
    "ebitdaratio": 0.072394381,
    "operatingIncome": 126800000,
    "operatingIncomeRatio": 0.033356132,
    "totalOtherIncomeExpensesNet": 51600000,
    "incomeBeforeTax": 178400000,
    "incomeBeforeTaxRatio": 0.0469300784,
    "incomeTaxExpense": 61500000,
    "netIncome": 116900000,
    "netIncomeRatio": 0.0307518283,
    "eps": 0.15,
    "epsdiluted": 0.15,
    "weightedAverageShsOut": 789719669,
    "weightedAverageShsOutDil": 789719669,
    "link": null,
    "finalLink": null
  },
  {
    "date": "1998-06-30",
    "symbol": "ADM",
    "reportedCurrency": "USD",
    "cik": "0000007084",
    "fillingDate": "1998-09-24",
    "acceptedDate": "1998-09-24 00:00:00",
    "calendarYear": "1998",
    "period": "Q2",
    "revenue": 4046700000,
    "costOfRevenue": 3576000000,
    "grossProfit": 470700000,
    "grossProfitRatio": 0.116316999,
    "researchAndDevelopmentExpenses": 0,
    "generalAndAdministrativeExpenses": 0,
    "sellingAndMarketingExpenses": 0,
    "sellingGeneralAndAdministrativeExpenses": 160800000,
    "otherExpenses": 161800000,
    "operatingExpenses": 322600000,
    "costAndExpenses": 3898600000,
    "interestIncome": 0,
    "interestExpense": 0,
    "depreciationAndAmortization": 161800000,
    "ebitda": 309900000,
    "ebitdaratio": 0.0765809178,
    "operatingIncome": 148100000,
    "operatingIncomeRatio": 0.0365977216,
    "totalOtherIncomeExpensesNet": -53100000,
    "incomeBeforeTax": 95000000,
    "incomeBeforeTaxRatio": 0.0234759186,
    "incomeTaxExpense": 32300000,
    "netIncome": 62700000,
    "netIncomeRatio": 0.0154941063,
    "eps": 0.079,
    "epsdiluted": 0.079,
    "weightedAverageShsOut": 789719669,
    "weightedAverageShsOutDil": 789719669,
    "link": "https://www.sec.gov/Archives/edgar/data/7084/000000708498000029/0000007084-98-000029-index.html",
    "finalLink": "https://www.sec.gov/Archives/edgar/data/7084/"
  },
  {
    "date": "1998-03-31",
    "symbol": "ADM",
    "reportedCurrency": "USD",
    "cik": "0000007084",
    "fillingDate": "1998-05-15",
    "acceptedDate": "1998-05-15 00:00:00",
    "calendarYear": "1998",
    "period": "Q1",
    "revenue": 4280300000,
    "costOfRevenue": 3755100000,
    "grossProfit": 525200000,
    "grossProfitRatio": 0.1227016798,
    "researchAndDevelopmentExpenses": 0,
    "generalAndAdministrativeExpenses": 0,
    "sellingAndMarketingExpenses": 0,
    "sellingGeneralAndAdministrativeExpenses": 228100000,
    "otherExpenses": 140700000,
    "operatingExpenses": 368800000,
    "costAndExpenses": 4123900000,
    "interestIncome": 0,
    "interestExpense": 0,
    "depreciationAndAmortization": 140700000,
    "ebitda": 297100000,
    "ebitdaratio": 0.0694110226,
    "operatingIncome": 156400000,
    "operatingIncomeRatio": 0.0365394949,
    "totalOtherIncomeExpensesNet": -49900000,
    "incomeBeforeTax": 106500000,
    "incomeBeforeTaxRatio": 0.0248814335,
    "incomeTaxExpense": 36200000,
    "netIncome": 70300000,
    "netIncomeRatio": 0.0164240824,
    "eps": 0.0811,
    "epsdiluted": 0.0811,
    "weightedAverageShsOut": 845829472,
    "weightedAverageShsOutDil": 845829472,
    "link": "https://www.sec.gov/Archives/edgar/data/7084/000000708498000014/0000007084-98-000014-index.html",
    "finalLink": "https://www.sec.gov/Archives/edgar/data/7084/"
  },
  {
    "date": "1997-12-12",
    "symbol": "ADM",
    "reportedCurrency": "USD",
    "cik": "0000007084",
    "fillingDate": "1997-12-15",
    "acceptedDate": "1997-12-15 00:00:00",
    "calendarYear": "1997",
    "period": "Q4",
    "revenue": 4130200000,
    "costOfRevenue": 3635600000,
    "grossProfit": 494600000,
    "grossProfitRatio": 0.1197520701,
    "researchAndDevelopmentExpenses": 0,
    "generalAndAdministrativeExpenses": 0,
    "sellingAndMarketingExpenses": 0,
    "sellingGeneralAndAdministrativeExpenses": 136700000,
    "otherExpenses": 132300000,
    "operatingExpenses": 269000000,
    "costAndExpenses": 3904600000,
    "interestIncome": 0,
    "interestExpense": 0,
    "depreciationAndAmortization": 132300000,
    "ebitda": 357900000,
    "ebitdaratio": 0.0866543993,
    "operatingIncome": 225600000,
    "operatingIncomeRatio": 0.0546220522,
    "totalOtherIncomeExpensesNet": -16200000,
    "incomeBeforeTax": 209400000,
    "incomeBeforeTaxRatio": 0.050699724,
    "incomeTaxExpense": 70200000,
    "netIncome": 139200000,
    "netIncomeRatio": 0.0337029684,
    "eps": 0.17,
    "epsdiluted": 0.17,
    "weightedAverageShsOut": 807861297,
    "weightedAverageShsOutDil": 807861297,
    "link": "https://www.sec.gov/Archives/edgar/data/7084/000000708497000042/0000007084-97-000042-index.html",
    "finalLink": "https://www.sec.gov/Archives/edgar/data/7084/"
  },
  {
    "date": "1997-09-30",
    "symbol": "ADM",
    "reportedCurrency": "USD",
    "cik": "0000007084",
    "fillingDate": "1997-10-01",
    "acceptedDate": "1997-10-01 00:00:00",
    "calendarYear": "1997",
    "period": "Q3",
    "revenue": 3651300000,
    "costOfRevenue": 3200800000,
    "grossProfit": 450500000,
    "grossProfitRatio": 0.1233807137,
    "researchAndDevelopmentExpenses": 0,
    "generalAndAdministrativeExpenses": 0,
    "sellingAndMarketingExpenses": 0,
    "sellingGeneralAndAdministrativeExpenses": 135000000,
    "otherExpenses": 125300000,
    "operatingExpenses": 260300000,
    "costAndExpenses": 3461100000,
    "interestIncome": 0,
    "interestExpense": 0,
    "depreciationAndAmortization": 125300000,
    "ebitda": 315500000,
    "ebitdaratio": 0.0864075809,
    "operatingIncome": 190200000,
    "operatingIncomeRatio": 0.0520910361,
    "totalOtherIncomeExpensesNet": 8900000,
    "incomeBeforeTax": 199100000,
    "incomeBeforeTaxRatio": 0.0545285241,
    "incomeTaxExpense": 67700000,
    "netIncome": 131400000,
    "netIncomeRatio": 0.0359871826,
    "eps": 0.16,
    "epsdiluted": 0.16,
    "weightedAverageShsOut": 825288632,
    "weightedAverageShsOutDil": 825288632,
    "link": "https://www.sec.gov/Archives/edgar/data/7084/000000708497000034/0000007084-97-000034-index.html",
    "finalLink": "https://www.sec.gov/Archives/edgar/data/7084/"
  },
  {
    "date": "1997-06-30",
    "symbol": "ADM",
    "reportedCurrency": "USD",
    "cik": "0000007084",
    "fillingDate": "1997-09-29",
    "acceptedDate": "1997-09-29 00:00:00",
    "calendarYear": "1997",
    "period": "Q2",
    "revenue": 3449900000,
    "costOfRevenue": 2978400000,
    "grossProfit": 471500000,
    "grossProfitRatio": 0.1366706281,
    "researchAndDevelopmentExpenses": 0,
    "generalAndAdministrativeExpenses": 0,
    "sellingAndMarketingExpenses": 0,
    "sellingGeneralAndAdministrativeExpenses": 145100000,
    "otherExpenses": 128500000,
    "operatingExpenses": 273600000,
    "costAndExpenses": 3252000000,
    "interestIncome": 0,
    "interestExpense": 0,
    "depreciationAndAmortization": 128500000,
    "ebitda": 326400000,
    "ebitdaratio": 0.094611438,
    "operatingIncome": 197900000,
    "operatingIncomeRatio": 0.0573639816,
    "totalOtherIncomeExpensesNet": -12100000,
    "incomeBeforeTax": 185800000,
    "incomeBeforeTaxRatio": 0.0538566335,
    "incomeTaxExpense": 63200000,
    "netIncome": 122600000,
    "netIncomeRatio": 0.0355372619,
    "eps": 0.15,
    "epsdiluted": 0.15,
    "weightedAverageShsOut": 825288632,
    "weightedAverageShsOutDil": 825288632,
    "link": "https://www.sec.gov/Archives/edgar/data/7084/000000708497000032/0000007084-97-000032-index.html",
    "finalLink": "https://www.sec.gov/Archives/edgar/data/7084/"
  },
  {
    "date": "1997-04-15",
    "symbol": "ADM",
    "reportedCurrency": "USD",
    "cik": "0000007084",
    "fillingDate": "1997-05-15",
    "acceptedDate": "1997-05-15 00:00:00",
    "calendarYear": "1997",
    "period": "Q1",
    "revenue": 3414800000,
    "costOfRevenue": 3080600000,
    "grossProfit": 334200000,
    "grossProfitRatio": 0.0978681035,
    "researchAndDevelopmentExpenses": 0,
    "generalAndAdministrativeExpenses": 0,
    "sellingAndMarketingExpenses": 0,
    "sellingGeneralAndAdministrativeExpenses": 119800000,
    "otherExpenses": 117800000,
    "operatingExpenses": 237600000,
    "costAndExpenses": 3318200000,
    "interestIncome": 0,
    "interestExpense": 0,
    "depreciationAndAmortization": 117800000,
    "ebitda": 214400000,
    "ebitdaratio": 0.0627855218,
    "operatingIncome": 96600000,
    "operatingIncomeRatio": 0.028288626,
    "totalOtherIncomeExpensesNet": -3900000,
    "incomeBeforeTax": 92700000,
    "incomeBeforeTaxRatio": 0.0271465386,
    "incomeTaxExpense": 31500000,
    "netIncome": 61200000,
    "netIncomeRatio": 0.0179219866,
    "eps": 0.0821,
    "epsdiluted": 0.0821,
    "weightedAverageShsOut": 745878835,
    "weightedAverageShsOutDil": 745878835,
    "link": "https://www.sec.gov/Archives/edgar/data/7084/000000708497000006/0000007084-97-000006-index.html",
    "finalLink": "https://www.sec.gov/Archives/edgar/data/7084/"
  },
  {
    "date": "1996-12-31",
    "symbol": "ADM",
    "reportedCurrency": "USD",
    "cik": "0000007084",
    "fillingDate": "1996-12-31",
    "acceptedDate": "1996-12-31 00:00:00",
    "calendarYear": "1996",
    "period": "Q4",
    "revenue": 3548100000,
    "costOfRevenue": 3050700000,
    "grossProfit": 497400000,
    "grossProfitRatio": 0.1401877061,
    "researchAndDevelopmentExpenses": 0,
    "generalAndAdministrativeExpenses": 0,
    "sellingAndMarketingExpenses": 0,
    "sellingGeneralAndAdministrativeExpenses": 108900000,
    "otherExpenses": 116100000,
    "operatingExpenses": 225000000,
    "costAndExpenses": 3275700000,
    "interestIncome": 0,
    "interestExpense": 0,
    "depreciationAndAmortization": 116100000,
    "ebitda": 388500000,
    "ebitdaratio": 0.1094952228,
    "operatingIncome": 272400000,
    "operatingIncomeRatio": 0.0767734844,
    "totalOtherIncomeExpensesNet": 15300000,
    "incomeBeforeTax": 287700000,
    "incomeBeforeTaxRatio": 0.0810856515,
    "incomeTaxExpense": 97800000,
    "netIncome": 189900000,
    "netIncomeRatio": 0.0535216031,
    "eps": 0.21,
    "epsdiluted": 0.21,
    "weightedAverageShsOut": 887984383,
    "weightedAverageShsOutDil": 887984383,
    "link": null,
    "finalLink": null
  },
  {
    "date": "1996-09-30",
    "symbol": "ADM",
    "reportedCurrency": "USD",
    "cik": "0000007084",
    "fillingDate": "1996-09-30",
    "acceptedDate": "1996-09-30 00:00:00",
    "calendarYear": "1996",
    "period": "Q3",
    "revenue": 3389400000,
    "costOfRevenue": 2911200000,
    "grossProfit": 478200000,
    "grossProfitRatio": 0.141086918,
    "researchAndDevelopmentExpenses": 0,
    "generalAndAdministrativeExpenses": 0,
    "sellingAndMarketingExpenses": 0,
    "sellingGeneralAndAdministrativeExpenses": 306400000,
    "otherExpenses": 113100000,
    "operatingExpenses": 419500000,
    "costAndExpenses": 3330700000,
    "interestIncome": 0,
    "interestExpense": 0,
    "depreciationAndAmortization": 113100000,
    "ebitda": 171800000,
    "ebitdaratio": 0.0506874373,
    "operatingIncome": 58700000,
    "operatingIncomeRatio": 0.0173186995,
    "totalOtherIncomeExpensesNet": 19500000,
    "incomeBeforeTax": 78200000,
    "incomeBeforeTaxRatio": 0.0230719301,
    "incomeTaxExpense": 74600000,
    "netIncome": 3600000,
    "netIncomeRatio": 0.0010621349,
    "eps": 0.0061,
    "epsdiluted": 0.0061,
    "weightedAverageShsOut": 889697153,
    "weightedAverageShsOutDil": 889697153,
    "link": null,
    "finalLink": null
  },
  {
    "date": "1996-06-30",
    "symbol": "ADM",
    "reportedCurrency": "USD",
    "cik": "0000007084",
    "fillingDate": "1996-09-30",
    "acceptedDate": "1996-09-30 00:00:00",
    "calendarYear": "1996",
    "period": "Q2",
    "revenue": 3291500000,
    "costOfRevenue": 2875700000,
    "grossProfit": 415800000,
    "grossProfitRatio": 0.1263253836,
    "researchAndDevelopmentExpenses": 0,
    "generalAndAdministrativeExpenses": 0,
    "sellingAndMarketingExpenses": 0,
    "sellingGeneralAndAdministrativeExpenses": 101800000,
    "otherExpenses": 111500000,
    "operatingExpenses": 213300000,
    "costAndExpenses": 3089000000,
    "interestIncome": 0,
    "interestExpense": 0,
    "depreciationAndAmortization": 111500000,
    "ebitda": 314000000,
    "ebitdaratio": 0.0953972353,
    "operatingIncome": 202500000,
    "operatingIncomeRatio": 0.0615221024,
    "totalOtherIncomeExpensesNet": 15000000,
    "incomeBeforeTax": 217500000,
    "incomeBeforeTaxRatio": 0.0660792952,
    "incomeTaxExpense": 74000000,
    "netIncome": 143500000,
    "netIncomeRatio": 0.0435971442,
    "eps": 0.16,
    "epsdiluted": 0.16,
    "weightedAverageShsOut": 889697153,
    "weightedAverageShsOutDil": 889697153,
    "link": "https://www.sec.gov/Archives/edgar/data/7084/000000708496000017/0000007084-96-000017-index.html",
    "finalLink": "https://www.sec.gov/Archives/edgar/data/7084/"
  },
  {
    "date": "1996-02-09",
    "symbol": "ADM",
    "reportedCurrency": "USD",
    "cik": "0000007084",
    "fillingDate": "1996-02-13",
    "acceptedDate": "1996-02-13 00:00:00",
    "calendarYear": "1996",
    "period": "Q1",
    "revenue": 3486700000,
    "costOfRevenue": 3046900000,
    "grossProfit": 439800000,
    "grossProfitRatio": 0.1261364614,
    "researchAndDevelopmentExpenses": 0,
    "generalAndAdministrativeExpenses": 0,
    "sellingAndMarketingExpenses": 0,
    "sellingGeneralAndAdministrativeExpenses": 121000000,
    "otherExpenses": 100900000,
    "operatingExpenses": 221900000,
    "costAndExpenses": 3268800000,
    "interestIncome": 0,
    "interestExpense": 0,
    "depreciationAndAmortization": 100900000,
    "ebitda": 318800000,
    "ebitdaratio": 0.0914331603,
    "operatingIncome": 217900000,
    "operatingIncomeRatio": 0.0624946224,
    "totalOtherIncomeExpensesNet": 29500000,
    "incomeBeforeTax": 247400000,
    "incomeBeforeTaxRatio": 0.0709553446,
    "incomeTaxExpense": 84100000,
    "netIncome": 163300000,
    "netIncomeRatio": 0.0468351163,
    "eps": 0.17,
    "epsdiluted": 0.17,
    "weightedAverageShsOut": 937549671,
    "weightedAverageShsOutDil": 937549671,
    "link": "https://www.sec.gov/Archives/edgar/data/7084/000000708496000003/0000007084-96-000003-index.html",
    "finalLink": "https://www.sec.gov/Archives/edgar/data/7084/"
  },
  {
    "date": "1995-12-31",
    "symbol": "ADM",
    "reportedCurrency": "USD",
    "cik": "0000007084",
    "fillingDate": "1996-02-13",
    "acceptedDate": "1996-02-13 00:00:00",
    "calendarYear": "1995",
    "period": "Q4",
    "revenue": 3415100000,
    "costOfRevenue": 2914000000,
    "grossProfit": 501100000,
    "grossProfitRatio": 0.146730696,
    "researchAndDevelopmentExpenses": 0,
    "generalAndAdministrativeExpenses": 0,
    "sellingAndMarketingExpenses": 0,
    "sellingGeneralAndAdministrativeExpenses": 128500000,
    "otherExpenses": 104200000,
    "operatingExpenses": 232700000,
    "costAndExpenses": 3146700000,
    "interestIncome": 0,
    "interestExpense": 0,
    "depreciationAndAmortization": 104200000,
    "ebitda": 372600000,
    "ebitdaratio": 0.1091036866,
    "operatingIncome": 268400000,
    "operatingIncomeRatio": 0.0785921349,
    "totalOtherIncomeExpensesNet": 74000000,
    "incomeBeforeTax": 342400000,
    "incomeBeforeTaxRatio": 0.1002606073,
    "incomeTaxExpense": 116400000,
    "netIncome": 226000000,
    "netIncomeRatio": 0.0661766859,
    "eps": 0.24,
    "epsdiluted": 0.24,
    "weightedAverageShsOut": 943547939,
    "weightedAverageShsOutDil": 943547939,
    "link": "https://www.sec.gov/Archives/edgar/data/7084/000000708496000003/0000007084-96-000003-index.html",
    "finalLink": "https://www.sec.gov/Archives/edgar/data/7084/"
  },
  {
    "date": "1995-09-30",
    "symbol": "ADM",
    "reportedCurrency": "USD",
    "cik": "0000007084",
    "fillingDate": "1995-11-14",
    "acceptedDate": "1995-11-14 00:00:00",
    "calendarYear": "1995",
    "period": "Q3",
    "revenue": 3120700000,
    "costOfRevenue": 2693800000,
    "grossProfit": 426900000,
    "grossProfitRatio": 0.1367962316,
    "researchAndDevelopmentExpenses": 0,
    "generalAndAdministrativeExpenses": 0,
    "sellingAndMarketingExpenses": 0,
    "sellingGeneralAndAdministrativeExpenses": 98700000,
    "otherExpenses": 102600000,
    "operatingExpenses": 201300000,
    "costAndExpenses": 2895100000,
    "interestIncome": 0,
    "interestExpense": 0,
    "depreciationAndAmortization": 102600000,
    "ebitda": 328200000,
    "ebitdaratio": 0.1051687121,
    "operatingIncome": 225600000,
    "operatingIncomeRatio": 0.0722914731,
    "totalOtherIncomeExpensesNet": 21500000,
    "incomeBeforeTax": 247100000,
    "incomeBeforeTaxRatio": 0.079180953,
    "incomeTaxExpense": 84000000,
    "netIncome": 163100000,
    "netIncomeRatio": 0.0522639151,
    "eps": 0.17,
    "epsdiluted": 0.17,
    "weightedAverageShsOut": 955430567,
    "weightedAverageShsOutDil": 955430567,
    "link": "https://www.sec.gov/Archives/edgar/data/7084/000000708495000031/0000007084-95-000031-index.html",
    "finalLink": "https://www.sec.gov/Archives/edgar/data/7084/"
  },
  {
    "date": "1995-06-30",
    "symbol": "ADM",
    "reportedCurrency": "USD",
    "cik": "0000007084",
    "fillingDate": "1995-08-17",
    "acceptedDate": "1995-08-17 00:00:00",
    "calendarYear": "1995",
    "period": "Q2",
    "revenue": 3135200000,
    "costOfRevenue": 2640100000,
    "grossProfit": 495100000,
    "grossProfitRatio": 0.1579165603,
    "researchAndDevelopmentExpenses": 0,
    "generalAndAdministrativeExpenses": 0,
    "sellingAndMarketingExpenses": 0,
    "sellingGeneralAndAdministrativeExpenses": 108300000,
    "otherExpenses": 100600000,
    "operatingExpenses": 208900000,
    "costAndExpenses": 2849000000,
    "interestIncome": 0,
    "interestExpense": 0,
    "depreciationAndAmortization": 100600000,
    "ebitda": 386800000,
    "ebitdaratio": 0.1233733095,
    "operatingIncome": 286200000,
    "operatingIncomeRatio": 0.0912860424,
    "totalOtherIncomeExpensesNet": 43800000,
    "incomeBeforeTax": 330000000,
    "incomeBeforeTaxRatio": 0.105256443,
    "incomeTaxExpense": 104400000,
    "netIncome": 225600000,
    "netIncomeRatio": 0.0719571319,
    "eps": 0.24,
    "epsdiluted": 0.24,
    "weightedAverageShsOut": 955430567,
    "weightedAverageShsOutDil": 955430567,
    "link": "https://www.sec.gov/Archives/edgar/data/7084/000000708495000024/0000007084-95-000024-index.html",
    "finalLink": "https://www.sec.gov/Archives/edgar/data/7084/"
  }
]