[
  {
    "date": "2024-12-31",
    "symbol": "ADM",
    "reportedCurrency": "USD",
    "cik": "0000007084",
    "fillingDate": "2025-02-20",
    "acceptedDate": "2025-02-20 16:01:46",
    "calendarYear": "2024",
    "period": "FY",
    "revenue": 85530000000,
    "costOfRevenue": 79752000000,
    "grossProfit": 5778000000,
    "grossProfitRatio": 0.0675552438,
    "researchAndDevelopmentExpenses": 269000000,
    "generalAndAdministrativeExpenses": 0,
    "sellingAndMarketingExpenses": 0,
    "sellingGeneralAndAdministrativeExpenses": 3706000000,
    "otherExpenses": -269000000,
    "operatingExpenses": 3706000000,
    "costAndExpenses": 83458000000,
    "interestIncome": 562000000,
    "interestExpense": 706000000,
    "depreciationAndAmortization": 1141000000,
    "ebitda": 4102000000,
    "ebitdaratio": 0.0479597802,
    "operatingIncome": 2072000000,
    "operatingIncomeRatio": 0.024225418,
    "totalOtherIncomeExpensesNet": 183000000,
    "incomeBeforeTax": 2255000000,
    "incomeBeforeTaxRatio": 0.0263650181,
    "incomeTaxExpense": 476000000,
    "netIncome": 1800000000,
    "netIncomeRatio": 0.0210452473,
    "eps": 3.66,
    "epsdiluted": 3.65,
    "weightedAverageShsOut": 478000000,
    "weightedAverageShsOutDil": 493000000,
    "link": "https://www.sec.gov/Archives/edgar/data/7084/000000708425000011/0000007084-25-000011-index.htm",
    "finalLink": "https://www.sec.gov/Archives/edgar/data/7084/000000708425000011/adm-20241231.htm"
  },
  {
    "date": "2023-12-31",
    "symbol": "ADM",
    "reportedCurrency": "USD",
    "cik": "0000007084",
    "fillingDate": "2024-11-18",
    "acceptedDate": "2024-11-18 16:01:23",
    "calendarYear": "2023",
    "period": "FY",
    "revenue": 93935000000,
    "costOfRevenue": 86422000000,
    "grossProfit": 7513000000,
    "grossProfitRatio": 0.0799808378,
    "researchAndDevelopmentExpenses": 0,
    "generalAndAdministrativeExpenses": 0,
    "sellingAndMarketingExpenses": 0,
    "sellingGeneralAndAdministrativeExpenses": 3456000000,
    "otherExpenses": 0,
    "operatingExpenses": 3456000000,
    "costAndExpenses": 89878000000,
    "interestIncome": 499000000,
    "interestExpense": 653000000,
    "depreciationAndAmortization": 1059000000,
    "ebitda": 6000000000,
    "ebitdaratio": 0.0638739554,
    "operatingIncome": 4057000000,
    "operatingIncomeRatio": 0.0431894395,
    "totalOtherIncomeExpensesNet": 237000000,
    "incomeBeforeTax": 4294000000,
    "incomeBeforeTaxRatio": 0.0457124607,
    "incomeTaxExpense": 828000000,
    "netIncome": 3483000000,
    "netIncomeRatio": 0.0370788311,
    "eps": 6.44,
    "epsdiluted": 6.43,
    "weightedAverageShsOut": 541000000,
    "weightedAverageShsOutDil": 542000000,
    "link": "https://www.sec.gov/Archives/edgar/data/7084/000000708424000051/0000007084-24-000051-index.htm",
    "finalLink": "https://www.sec.gov/Archives/edgar/data/7084/000000708424000051/adm-20231231.htm"
  },
  {
    "date": "2022-12-31",
    "symbol": "ADM",
    "reportedCurrency": "USD",
    "cik": "0000007084",
    "fillingDate": "2023-02-14",
    "acceptedDate": "2023-02-14 16:09:23",
    "calendarYear": "2022",
    "period": "FY",
    "revenue": 101556000000,
    "costOfRevenue": 93986000000,
    "grossProfit": 7570000000,
    "grossProfitRatio": 0.0745401552,
    "researchAndDevelopmentExpenses": 0,
    "generalAndAdministrativeExpenses": 0,
    "sellingAndMarketingExpenses": 0,
    "sellingGeneralAndAdministrativeExpenses": 3358000000,
    "otherExpenses": 0,
    "operatingExpenses": 3358000000,
    "costAndExpenses": 97344000000,
    "interestIncome": 293000000,
    "interestExpense": 405000000,
    "depreciationAndAmortization": 1028000000,
    "ebitda": 6657000000,
    "ebitdaratio": 0.0655500414,
    "operatingIncome": 4212000000,
    "operatingIncomeRatio": 0.0414746544,
    "totalOtherIncomeExpensesNet": 1021000000,
    "incomeBeforeTax": 5233000000,
    "incomeBeforeTaxRatio": 0.0515282209,
    "incomeTaxExpense": 868000000,
    "netIncome": 4340000000,
    "netIncomeRatio": 0.0427350427,
    "eps": 7.72,
    "epsdiluted": 7.71,
    "weightedAverageShsOut": 562000000,
    "weightedAverageShsOutDil": 563000000,
    "link": "https://www.sec.gov/Archives/edgar/data/7084/000000708423000010/0000007084-23-000010-index.htm",
    "finalLink": "https://www.sec.gov/Archives/edgar/data/7084/000000708423000010/adm-20221231.htm"
  },
  {
    "date": "2021-12-31",
    "symbol": "ADM",
    "reportedCurrency": "USD",
    "cik": "0000007084",
    "fillingDate": "2022-02-17",
    "acceptedDate": "2022-02-17 07:17:27",
    "calendarYear": "2021",
    "period": "FY",
    "revenue": 85249000000,
    "costOfRevenue": 79262000000,
    "grossProfit": 5987000000,
    "grossProfitRatio": 0.0702295628,
    "researchAndDevelopmentExpenses": 0,
    "generalAndAdministrativeExpenses": 0,
    "sellingAndMarketingExpenses": 0,
    "sellingGeneralAndAdministrativeExpenses": 2994000000,
    "otherExpenses": 0,
    "operatingExpenses": 2994000000,
    "costAndExpenses": 82256000000,
    "interestIncome": 96000000,
    "interestExpense": 284000000,
    "depreciationAndAmortization": 996000000,
    "ebitda": 4574000000,
    "ebitdaratio": 0.0536545883,
    "operatingIncome": 2993000000,
    "operatingIncomeRatio": 0.0351089162,
    "totalOtherIncomeExpensesNet": 320000000,
    "incomeBeforeTax": 3313000000,
    "incomeBeforeTaxRatio": 0.038862626,
    "incomeTaxExpense": 578000000,
    "netIncome": 2709000000,
    "netIncomeRatio": 0.0317774989,
    "eps": 4.8,
    "epsdiluted": 4.79,
    "weightedAverageShsOut": 564000000,
    "weightedAverageShsOutDil": 566000000,
    "link": "https://www.sec.gov/Archives/edgar/data/7084/000000708422000008/0000007084-22-000008-index.htm",
    "finalLink": "https://www.sec.gov/Archives/edgar/data/7084/000000708422000008/adm-20211231.htm"
  },
  {
    "date": "2020-12-31",
    "symbol": "ADM",
    "reportedCurrency": "USD",
    "cik": "0000007084",
    "fillingDate": "2021-02-18",
    "acceptedDate": "2021-02-18 16:01:30",
    "calendarYear": "2020",
    "period": "FY",
    "revenue": 64355000000,
    "costOfRevenue": 59902000000,
    "grossProfit": 4453000000,
    "grossProfitRatio": 0.0691943128,
    "researchAndDevelopmentExpenses": 0,
    "generalAndAdministrativeExpenses": 0,
    "sellingAndMarketingExpenses": 0,
    "sellingGeneralAndAdministrativeExpenses": 2687000000,
    "otherExpenses": 0,
    "operatingExpenses": 2687000000,
    "costAndExpenses": 62589000000,
    "interestIncome": 88000000,
    "interestExpense": 320000000,
    "depreciationAndAmortization": 976000000,
    "ebitda": 3198000000,
    "ebitdaratio": 0.0496931085,
    "operatingIncome": 1766000000,
    "operatingIncomeRatio": 0.0274415352,
    "totalOtherIncomeExpensesNet": 117000000,
    "incomeBeforeTax": 1883000000,
    "incomeBeforeTaxRatio": 0.0292595758,
    "incomeTaxExpense": 101000000,
    "netIncome": 1772000000,
    "netIncomeRatio": 0.0275347681,
    "eps": 3.16,
    "epsdiluted": 3.15,
    "weightedAverageShsOut": 561000000,
    "weightedAverageShsOutDil": 563000000,
    "link": "https://www.sec.gov/Archives/edgar/data/7084/000000708421000008/0000007084-21-000008-index.htm",
    "finalLink": "https://www.sec.gov/Archives/edgar/data/7084/000000708421000008/adm-20201231.htm"
  },
  {
    "date": "2019-12-31",
    "symbol": "ADM",
    "reportedCurrency": "USD",
    "cik": "0000007084",
    "fillingDate": "2020-02-18",
    "acceptedDate": "2020-02-18 16:03:05",
    "calendarYear": "2019",
    "period": "FY",
    "revenue": 64656000000,
    "costOfRevenue": 60509000000,
    "grossProfit": 4147000000,
    "grossProfitRatio": 0.0641394457,
    "researchAndDevelopmentExpenses": 0,
    "generalAndAdministrativeExpenses": 0,
    "sellingAndMarketingExpenses": 0,
    "sellingGeneralAndAdministrativeExpenses": 2493000000,
    "otherExpenses": 0,
    "operatingExpenses": 2493000000,
    "costAndExpenses": 63002000000,
    "interestIncome": 192000000,
    "interestExpense": 403000000,
    "depreciationAndAmortization": 993000000,
    "ebitda": 2983000000,
    "ebitdaratio": 0.0461364761,
    "operatingIncome": 1654000000,
    "operatingIncomeRatio": 0.0255815392,
    "totalOtherIncomeExpensesNet": -66000000,
    "incomeBeforeTax": 1588000000,
    "incomeBeforeTaxRatio": 0.0245607523,
    "incomeTaxExpense": 209000000,
    "netIncome": 1379000000,
    "netIncomeRatio": 0.0213282603,
    "eps": 2.45,
    "epsdiluted": 2.44,
    "weightedAverageShsOut": 563000000,
    "weightedAverageShsOutDil": 565000000,
    "link": "https://www.sec.gov/Archives/edgar/data/7084/000000708420000009/0000007084-20-000009-index.htm",
    "finalLink": "https://www.sec.gov/Archives/edgar/data/7084/000000708420000009/adm-20191231x10k.htm"
  },
  {
    "date": "2018-12-31",
    "symbol": "ADM",
    "reportedCurrency": "USD",
    "cik": "0000007084",
    "fillingDate": "2019-02-19",
    "acceptedDate": "2019-02-19 16:46:04",
    "calendarYear": "2018",
    "period": "FY",
    "revenue": 64341000000,
    "costOfRevenue": 60160000000,
    "grossProfit": 4181000000,
    "grossProfitRatio": 0.0649818933,
    "researchAndDevelopmentExpenses": 0,
    "generalAndAdministrativeExpenses": 0,
    "sellingAndMarketingExpenses": 0,
    "sellingGeneralAndAdministrativeExpenses": 2165000000,
    "otherExpenses": 0,
    "operatingExpenses": 2165000000,
    "costAndExpenses": 62325000000,
    "interestIncome": 162000000,
    "interestExpense": 365000000,
    "depreciationAndAmortization": 941000000,
    "ebitda": 3365000000,
    "ebitdaratio": 0.0522994669,
    "operatingIncome": 2016000000,
    "operatingIncomeRatio": 0.0313330536,
    "totalOtherIncomeExpensesNet": 44000000,
    "incomeBeforeTax": 2060000000,
    "incomeBeforeTaxRatio": 0.0320169099,
    "incomeTaxExpense": 245000000,
    "netIncome": 1810000000,
    "netIncomeRatio": 0.0281313626,
    "eps": 3.21,
    "epsdiluted": 3.19,
    "weightedAverageShsOut": 564000000,
    "weightedAverageShsOutDil": 567000000,
    "link": "https://www.sec.gov/Archives/edgar/data/7084/000000708419000012/0000007084-19-000012-index.htm",
    "finalLink": "https://www.sec.gov/Archives/edgar/data/7084/000000708419000012/adm-20181231x10k.htm"
  },
  {
    "date": "2017-12-31",
    "symbol": "ADM",
    "reportedCurrency": "USD",
    "cik": "0000007084",
    "fillingDate": "2018-02-16",
    "acceptedDate": "2018-02-16 16:02:09",
    "calendarYear": "2017",
    "period": "FY",
    "revenue": 60828000000,
    "costOfRevenue": 57310000000,
    "grossProfit": 3518000000,
    "grossProfitRatio": 0.0578352075,
    "researchAndDevelopmentExpenses": 0,
    "generalAndAdministrativeExpenses": 0,
    "sellingAndMarketingExpenses": 0,
    "sellingGeneralAndAdministrativeExpenses": 1978000000,
    "otherExpenses": 0,
    "operatingExpenses": 1978000000,
    "costAndExpenses": 59288000000,
    "interestIncome": 106000000,
    "interestExpense": 331000000,
    "depreciationAndAmortization": 924000000,
    "ebitda": 2863000000,
    "ebitdaratio": 0.0470671401,
    "operatingIncome": 1540000000,
    "operatingIncomeRatio": 0.0253172881,
    "totalOtherIncomeExpensesNet": 69000000,
    "incomeBeforeTax": 1609000000,
    "incomeBeforeTaxRatio": 0.0264516341,
    "incomeTaxExpense": 7000000,
    "netIncome": 1595000000,
    "netIncomeRatio": 0.026221477,
    "eps": 2.8,
    "epsdiluted": 2.79,
    "weightedAverageShsOut": 569000000,
    "weightedAverageShsOutDil": 572000000,
    "link": "https://www.sec.gov/Archives/edgar/data/7084/000000708418000012/0000007084-18-000012-index.htm",
    "finalLink": "https://www.sec.gov/Archives/edgar/data/7084/000000708418000012/adm-20171231x10k.htm"
  },
  {
    "date": "2016-12-31",
    "symbol": "ADM",
    "reportedCurrency": "USD",
    "cik": "0000007084",
    "fillingDate": "2017-02-17",
    "acceptedDate": "2017-02-17 15:20:17",
    "calendarYear": "2016",
    "period": "FY",
    "revenue": 62346000000,
    "costOfRevenue": 58728000000,
    "grossProfit": 3618000000,
    "grossProfitRatio": 0.0580309884,
    "researchAndDevelopmentExpenses": 0,
    "generalAndAdministrativeExpenses": 0,
    "sellingAndMarketingExpenses": 0,
    "sellingGeneralAndAdministrativeExpenses": 1981000000,
    "otherExpenses": 0,
    "operatingExpenses": 1981000000,
    "costAndExpenses": 60709000000,
    "interestIncome": 92000000,
    "interestExpense": 291000000,
    "depreciationAndAmortization": 900000000,
    "ebitda": 3015000000,
    "ebitdaratio": 0.048359157,
    "operatingIncome": 1637000000,
    "operatingIncomeRatio": 0.0262566965,
    "totalOtherIncomeExpensesNet": 185000000,
    "incomeBeforeTax": 1822000000,
    "incomeBeforeTaxRatio": 0.029224008,
    "incomeTaxExpense": 534000000,
    "netIncome": 1279000000,
    "netIncomeRatio": 0.0205145478,
    "eps": 2.18,
    "epsdiluted": 2.16,
    "weightedAverageShsOut": 588000000,
    "weightedAverageShsOutDil": 591000000,
    "link": "https://www.sec.gov/Archives/edgar/data/7084/000000708417000008/0000007084-17-000008-index.htm",
    "finalLink": "https://www.sec.gov/Archives/edgar/data/7084/000000708417000008/adm-20161231x10k.htm"
  },
  {
    "date": "2015-12-31",
    "symbol": "ADM",
    "reportedCurrency": "USD",
    "cik": "0000007084",
    "fillingDate": "2016-02-19",
    "acceptedDate": "2016-02-19 14:51:18",
    "calendarYear": "2015",
    "period": "FY",
    "revenue": 67702000000,
    "costOfRevenue": 63736000000,
    "grossProfit": 3966000000,
    "grossProfitRatio": 0.0585802487,
    "researchAndDevelopmentExpenses": 0,
    "generalAndAdministrativeExpenses": 0,
    "sellingAndMarketingExpenses": 0,
    "sellingGeneralAndAdministrativeExpenses": 1985000000,
    "otherExpenses": 0,
    "operatingExpenses": 1985000000,
    "costAndExpenses": 65721000000,
    "interestIncome": 71000000,
    "interestExpense": 309000000,
    "depreciationAndAmortization": 882000000,
    "ebitda": 3474000000,
    "ebitdaratio": 0.0513131074,
    "operatingIncome": 1981000000,
    "operatingIncomeRatio": 0.0292605831,
    "totalOtherIncomeExpensesNet": 303000000,
    "incomeBeforeTax": 2284000000,
    "incomeBeforeTaxRatio": 0.0337360787,
    "incomeTaxExpense": 438000000,
    "netIncome": 1849000000,
    "netIncomeRatio": 0.0273108623,
    "eps": 2.99,
    "epsdiluted": 2.98,
    "weightedAverageShsOut": 618000000,
    "weightedAverageShsOutDil": 621000000,
    "link": "https://www.sec.gov/Archives/edgar/data/7084/000000708416000046/0000007084-16-000046-index.htm",
    "finalLink": "https://www.sec.gov/Archives/edgar/data/7084/000000708416000046/adm-20151231x10k.htm"
  },
  {
    "date": "2014-12-31",
    "symbol": "ADM",
    "reportedCurrency": "USD",
    "cik": "0000007084",
    "fillingDate": "2015-02-20",
    "acceptedDate": "2015-02-20 16:20:45",
    "calendarYear": "2014",
    "period": "FY",
    "revenue": 81201000000,
    "costOfRevenue": 76433000000,
    "grossProfit": 4768000000,
    "grossProfitRatio": 0.0587184887,
    "researchAndDevelopmentExpenses": 0,
    "generalAndAdministrativeExpenses": 0,
    "sellingAndMarketingExpenses": 0,
    "sellingGeneralAndAdministrativeExpenses": 1933000000,
    "otherExpenses": 0,
    "operatingExpenses": 1933000000,
    "costAndExpenses": 78366000000,
    "interestIncome": 92000000,
    "interestExpense": 338000000,
    "depreciationAndAmortization": 894000000,
    "ebitda": 4361000000,
    "ebitdaratio": 0.0537062351,
    "operatingIncome": 2835000000,
    "operatingIncomeRatio": 0.0349133631,
    "totalOtherIncomeExpensesNet": 295000000,
    "incomeBeforeTax": 3130000000,
    "incomeBeforeTaxRatio": 0.0385463233,
    "incomeTaxExpense": 877000000,
    "netIncome": 2248000000,
    "netIncomeRatio": 0.0276843881,
    "eps": 3.44,
    "epsdiluted": 3.43,
    "weightedAverageShsOut": 653000000,
    "weightedAverageShsOutDil": 656000000,
    "link": "https://www.sec.gov/Archives/edgar/data/7084/000000708415000005/0000007084-15-000005-index.htm",
    "finalLink": "https://www.sec.gov/Archives/edgar/data/7084/000000708415000005/adm-20141231x10k.htm"
  },
  {
    "date": "2013-12-31",
    "symbol": "ADM",
    "reportedCurrency": "USD",
    "cik": "0000007084",
    "fillingDate": "2014-02-26",
    "acceptedDate": "2014-02-26 16:06:16",
    "calendarYear": "2013",
    "period": "FY",
    "revenue": 89804000000,
    "costOfRevenue": 85915000000,
    "grossProfit": 3889000000,
    "grossProfitRatio": 0.0433054207,
    "researchAndDevelopmentExpenses": 0,
    "generalAndAdministrativeExpenses": 0,
    "sellingAndMarketingExpenses": 0,
    "sellingGeneralAndAdministrativeExpenses": 1759000000,
    "otherExpenses": 0,
    "operatingExpenses": 1759000000,
    "costAndExpenses": 87674000000,
    "interestIncome": 102000000,
    "interestExpense": 414000000,
    "depreciationAndAmortization": 909000000,
    "ebitda": 3346000000,
    "ebitdaratio": 0.0372589194,
    "operatingIncome": 2130000000,
    "operatingIncomeRatio": 0.0237183199,
    "totalOtherIncomeExpensesNet": -106000000,
    "incomeBeforeTax": 2024000000,
    "incomeBeforeTaxRatio": 0.0225379716,
    "incomeTaxExpense": 670000000,
    "netIncome": 1342000000,
    "netIncomeRatio": 0.0149436551,
    "eps": 2.03,
    "epsdiluted": 2.02,
    "weightedAverageShsOut": 661000000,
    "weightedAverageShsOutDil": 663000000,
    "link": "https://www.sec.gov/Archives/edgar/data/7084/000000708414000011/0000007084-14-000011-index.htm",
    "finalLink": "https://www.sec.gov/Archives/edgar/data/7084/000000708414000011/adm-20131231x10k.htm"
  },
  {
    "date": "2012-12-31",
    "symbol": "ADM",
    "reportedCurrency": "USD",
    "cik": "0000007084",
    "fillingDate": "2012-12-31",
    "acceptedDate": "2012-12-31 00:00:00",
    "calendarYear": "2012",
    "period": "FY",
    "revenue": 89038000000,
    "costOfRevenue": 85370000000,
    "grossProfit": 3668000000,
    "grossProfitRatio": 0.0411958939,
    "researchAndDevelopmentExpenses": 28000000,
    "generalAndAdministrativeExpenses": 0,
    "sellingAndMarketingExpenses": 0,
    "sellingGeneralAndAdministrativeExpenses": 1626000000,
    "otherExpenses": 437000000,
    "operatingExpenses": 2063000000,
    "costAndExpenses": 87433000000,
    "interestIncome": 336000000,
    "interestExpense": 441000000,
    "depreciationAndAmortization": 848000000,
    "ebitda": 2827000000,
    "ebitdaratio": 0.0317504886,
    "operatingIncome": 1765000000,
    "operatingIncomeRatio": 0.0198229969,
    "totalOtherIncomeExpensesNet": 0,
    "incomeBeforeTax": 1765000000,
    "incomeBeforeTaxRatio": 0.0198229969,
    "incomeTaxExpense": 523000000,
    "netIncome": 1223000000,
    "netIncomeRatio": 0.0137357083,
    "eps": 1.85,
    "epsdiluted": 1.85,
    "weightedAverageShsOut": 660000000,
    "weightedAverageShsOutDil": 662000000,
    "link": "https://www.sec.gov/Archives/edgar/data/7084/000000708413000014/adm10ktfy125.htm#item8financialstatements",
    "finalLink": "https://www.sec.gov/Archives/edgar/data/7084/000000708413000014/adm10ktfy125.htm#item8financialstatements"
  },
  {
    "date": "2012-06-30",
    "symbol": "ADM",
    "reportedCurrency": "USD",
    "cik": "0000007084",
    "fillingDate": "2012-08-27",
    "acceptedDate": "2012-08-24 21:11:10",
    "calendarYear": "2011",
    "period": "FY",
    "revenue": 89038000000,
    "costOfRevenue": 85370000000,
    "grossProfit": 3668000000,
    "grossProfitRatio": 0.0411958939,
    "researchAndDevelopmentExpenses": 0,
    "generalAndAdministrativeExpenses": 0,
    "sellingAndMarketingExpenses": 0,
    "sellingGeneralAndAdministrativeExpenses": 1626000000,
    "otherExpenses": 0,
    "operatingExpenses": 1626000000,
    "costAndExpenses": 86996000000,
    "interestIncome": 112000000,
    "interestExpense": 442000000,
    "depreciationAndAmortization": 848000000,
    "ebitda": 3054000000,
    "ebitdaratio": 0.0342999618,
    "operatingIncome": 2042000000,
    "operatingIncomeRatio": 0.0229340282,
    "totalOtherIncomeExpensesNet": -277000000,
    "incomeBeforeTax": 1765000000,
    "incomeBeforeTaxRatio": 0.0198229969,
    "incomeTaxExpense": 523000000,
    "netIncome": 1223000000,
    "netIncomeRatio": 0.0137357083,
    "eps": 3.17,
    "epsdiluted": 3.11,
    "weightedAverageShsOut": 642000000,
    "weightedAverageShsOutDil": 654000000,
    "link": "https://www.sec.gov/Archives/edgar/data/7084/000000708412000034/0000007084-12-000034-index.htm",
    "finalLink": "https://www.sec.gov/Archives/edgar/data/7084/000000708412000034/adm10kfy12.htm"
  },
  {
    "date": "2010-06-30",
    "symbol": "ADM",
    "reportedCurrency": "USD",
    "cik": "0000007084",
    "fillingDate": "2011-02-09",
    "acceptedDate": "2011-02-08 18:02:26",
    "calendarYear": "2010",
    "period": "FY",
    "revenue": 80676000000,
    "costOfRevenue": 76376000000,
    "grossProfit": 4300000000,
    "grossProfitRatio": 0.0532996182,
    "researchAndDevelopmentExpenses": 0,
    "generalAndAdministrativeExpenses": 0,
    "sellingAndMarketingExpenses": 0,
    "sellingGeneralAndAdministrativeExpenses": 1611000000,
    "otherExpenses": 0,
    "operatingExpenses": 1611000000,
    "costAndExpenses": 77987000000,
    "interestIncome": 136000000,
    "interestExpense": 483000000,
    "depreciationAndAmortization": 877000000,
    "ebitda": 4374000000,
    "ebitdaratio": 0.0542168675,
    "operatingIncome": 2689000000,
    "operatingIncomeRatio": 0.0333308543,
    "totalOtherIncomeExpensesNet": 326000000,
    "incomeBeforeTax": 3015000000,
    "incomeBeforeTaxRatio": 0.0373717091,
    "incomeTaxExpense": 997000000,
    "netIncome": 2036000000,
    "netIncomeRatio": 0.0252367495,
    "eps": 3,
    "epsdiluted": 3,
    "weightedAverageShsOut": 643000000,
    "weightedAverageShsOutDil": 644000000,
    "link": "https://www.sec.gov/Archives/edgar/data/7084/000000708411000008/0000007084-11-000008-index.htm",
    "finalLink": "https://www.sec.gov/Archives/edgar/data/7084/000000708411000008/adm10kafy10.htm"
  },
  {
    "date": "2009-06-30",
    "symbol": "ADM",
    "reportedCurrency": "USD",
    "cik": "0000007084",
    "fillingDate": "2009-08-26",
    "acceptedDate": "2009-08-26 14:25:08",
    "calendarYear": "2009",
    "period": "FY",
    "revenue": 61682000000,
    "costOfRevenue": 57839000000,
    "grossProfit": 3843000000,
    "grossProfitRatio": 0.0623034273,
    "researchAndDevelopmentExpenses": 0,
    "generalAndAdministrativeExpenses": 0,
    "sellingAndMarketingExpenses": 0,
    "sellingGeneralAndAdministrativeExpenses": 1398000000,
    "otherExpenses": 0,
    "operatingExpenses": 1398000000,
    "costAndExpenses": 59237000000,
    "interestIncome": 126000000,
    "interestExpense": 422000000,
    "depreciationAndAmortization": 912000000,
    "ebitda": 3919000000,
    "ebitdaratio": 0.0635355533,
    "operatingIncome": 2445000000,
    "operatingIncomeRatio": 0.0396387925,
    "totalOtherIncomeExpensesNet": 140000000,
    "incomeBeforeTax": 2585000000,
    "incomeBeforeTaxRatio": 0.0419084984,
    "incomeTaxExpense": 666000000,
    "netIncome": 1930000000,
    "netIncomeRatio": 0.0312895172,
    "eps": 2.65,
    "epsdiluted": 2.65,
    "weightedAverageShsOut": 643000000,
    "weightedAverageShsOutDil": 644000000,
    "link": "https://www.sec.gov/Archives/edgar/data/7084/000000708409000051/0000007084-09-000051-index.htm",
    "finalLink": "https://www.sec.gov/Archives/edgar/data/7084/000000708409000051/adm10kfy09.htm"
  },
  {
    "date": "2008-06-30",
    "symbol": "ADM",
    "reportedCurrency": "USD",
    "cik": "0000007084",
    "fillingDate": "2008-08-29",
    "acceptedDate": "2008-08-28 20:19:06",
    "calendarYear": "2008",
    "period": "FY",
    "revenue": 69207000000,
    "costOfRevenue": 65118000000,
    "grossProfit": 4089000000,
    "grossProfitRatio": 0.0590836187,
    "researchAndDevelopmentExpenses": 0,
    "generalAndAdministrativeExpenses": 0,
    "sellingAndMarketingExpenses": 0,
    "sellingGeneralAndAdministrativeExpenses": 1412000000,
    "otherExpenses": 0,
    "operatingExpenses": 1412000000,
    "costAndExpenses": 66530000000,
    "interestIncome": 181000000,
    "interestExpense": 430000000,
    "depreciationAndAmortization": 780000000,
    "ebitda": 3749000000,
    "ebitdaratio": 0.0541708209,
    "operatingIncome": 2677000000,
    "operatingIncomeRatio": 0.0386810583,
    "totalOtherIncomeExpensesNet": -177000000,
    "incomeBeforeTax": 2500000000,
    "incomeBeforeTaxRatio": 0.0361235135,
    "incomeTaxExpense": 812000000,
    "netIncome": 1684000000,
    "netIncomeRatio": 0.0243327987,
    "eps": 2.8,
    "epsdiluted": 2.79,
    "weightedAverageShsOut": 644000000,
    "weightedAverageShsOutDil": 646000000,
    "link": "https://www.sec.gov/Archives/edgar/data/7084/000000708408000044/0000007084-08-000044-index.htm",
    "finalLink": "https://www.sec.gov/Archives/edgar/data/7084/000000708408000044/adm10kfy08.htm"
  },
  {
    "date": "2007-06-30",
    "symbol": "ADM",
    "reportedCurrency": "USD",
    "cik": "0000007084",
    "fillingDate": "2007-08-27",
    "acceptedDate": "2007-08-27 16:58:34",
    "calendarYear": "2007",
    "period": "FY",
    "revenue": 69816000000,
    "costOfRevenue": 65974000000,
    "grossProfit": 3842000000,
    "grossProfitRatio": 0.0550303655,
    "researchAndDevelopmentExpenses": 0,
    "generalAndAdministrativeExpenses": 0,
    "sellingAndMarketingExpenses": 0,
    "sellingGeneralAndAdministrativeExpenses": 1419000000,
    "otherExpenses": 0,
    "operatingExpenses": 1419000000,
    "costAndExpenses": 67393000000,
    "interestIncome": 269000000,
    "interestExpense": 477000000,
    "depreciationAndAmortization": 721000000,
    "ebitda": 3822000000,
    "ebitdaratio": 0.0547438982,
    "operatingIncome": 2423000000,
    "operatingIncomeRatio": 0.0347055116,
    "totalOtherIncomeExpensesNet": 201000000,
    "incomeBeforeTax": 2624000000,
    "incomeBeforeTaxRatio": 0.0375845078,
    "incomeTaxExpense": 822000000,
    "netIncome": 1802000000,
    "netIncomeRatio": 0.0258107024,
    "eps": 3.32,
    "epsdiluted": 3.3,
    "weightedAverageShsOut": 651000000,
    "weightedAverageShsOutDil": 656000000,
    "link": "https://www.sec.gov/Archives/edgar/data/7084/000000708407000166/0000007084-07-000166-index.htm",
    "finalLink": "https://www.sec.gov/Archives/edgar/data/7084/000000708407000166/adm10kfy07.htm"
  },
  {
    "date": "2006-06-30",
    "symbol": "ADM",
    "reportedCurrency": "USD",
    "cik": "0000007084",
    "fillingDate": "2006-09-11",
    "acceptedDate": "2006-09-08 18:47:56",
    "calendarYear": "2006",
    "period": "FY",
    "revenue": 44018000000,
    "costOfRevenue": 40781000000,
    "grossProfit": 3237000000,
    "grossProfitRatio": 0.0735380981,
    "researchAndDevelopmentExpenses": 0,
    "generalAndAdministrativeExpenses": 0,
    "sellingAndMarketingExpenses": 0,
    "sellingGeneralAndAdministrativeExpenses": 1195000000,
    "otherExpenses": 0,
    "operatingExpenses": 1195000000,
    "costAndExpenses": 41976000000,
    "interestIncome": 257000000,
    "interestExpense": 434000000,
    "depreciationAndAmortization": 701000000,
    "ebitda": 2743000000,
    "ebitdaratio": 0.0623154164,
    "operatingIncome": 2042000000,
    "operatingIncomeRatio": 0.0463901131,
    "totalOtherIncomeExpensesNet": 1112000000,
    "incomeBeforeTax": 3154000000,
    "incomeBeforeTaxRatio": 0.0716525058,
    "incomeTaxExpense": 992000000,
    "netIncome": 2162000000,
    "netIncomeRatio": 0.0491162706,
    "eps": 2.01,
    "epsdiluted": 2,
    "weightedAverageShsOut": 654000000,
    "weightedAverageShsOutDil": 656000000,
    "link": "https://www.sec.gov/Archives/edgar/data/7084/000000708406000401/0000007084-06-000401-index.htm",
    "finalLink": "https://www.sec.gov/Archives/edgar/data/7084/000000708406000401/adm10kfy06.htm"
  },
  {
    "date": "2005-06-30",
    "symbol": "ADM",
    "reportedCurrency": "USD",
    "cik": "0000007084",
    "fillingDate": "2005-09-09",
    "acceptedDate": "2005-09-08 17:56:11",
    "calendarYear": "2005",
    "period": "FY",
    "revenue": 36596111000,
    "costOfRevenue": 33630297000,
    "grossProfit": 2965814000,
    "grossProfitRatio": 0.0810417806,
    "researchAndDevelopmentExpenses": 0,
    "generalAndAdministrativeExpenses": 0,
    "sellingAndMarketingExpenses": 0,
    "sellingGeneralAndAdministrativeExpenses": 1192683000,
    "otherExpenses": 0,
    "operatingExpenses": 1192683000,
    "costAndExpenses": 34822980000,
    "interestIncome": 204083000,
    "interestExpense": 365180000,
    "depreciationAndAmortization": 656714000,
    "ebitda": 2429845000,
    "ebitdaratio": 0.0663962627,
    "operatingIncome": 1773131000,
    "operatingIncomeRatio": 0.0484513505,
    "totalOtherIncomeExpensesNet": 82119000,
    "incomeBeforeTax": 1855250000,
    "incomeBeforeTaxRatio": 0.0506952774,
    "incomeTaxExpense": 543180000,
    "netIncome": 1312070000,
    "netIncomeRatio": 0.0358527167,
    "eps": 1.6,
    "epsdiluted": 1.59,
    "weightedAverageShsOut": 654000000,
    "weightedAverageShsOutDil": 656000000,
    "link": "https://www.sec.gov/Archives/edgar/data/7084/000000708405000350/0000007084-05-000350-index.htm",
    "finalLink": "https://www.sec.gov/Archives/edgar/data/7084/000000708405000350/adm10kfy05.htm"
  },
  {
    "date": "2004-06-30",
    "symbol": "ADM",
    "reportedCurrency": "USD",
    "cik": "0000007084",
    "fillingDate": "2004-09-08",
    "acceptedDate": "2004-09-08 10:33:59",
    "calendarYear": "2004",
    "period": "FY",
    "revenue": 35943000000,
    "costOfRevenue": 33512000000,
    "grossProfit": 2431000000,
    "grossProfitRatio": 0.0676348663,
    "researchAndDevelopmentExpenses": 0,
    "generalAndAdministrativeExpenses": 0,
    "sellingAndMarketingExpenses": 0,
    "sellingGeneralAndAdministrativeExpenses": 1081000000,
    "otherExpenses": 0,
    "operatingExpenses": 1081000000,
    "costAndExpenses": 34593000000,
    "interestIncome": 135346000,
    "interestExpense": 326580000,
    "depreciationAndAmortization": 665000000,
    "ebitda": 2015000000,
    "ebitdaratio": 0.0560609854,
    "operatingIncome": 1350000000,
    "operatingIncomeRatio": 0.0375594692,
    "totalOtherIncomeExpensesNet": 166000000,
    "incomeBeforeTax": 1516000000,
    "incomeBeforeTaxRatio": 0.0421778928,
    "incomeTaxExpense": 472000000,
    "netIncome": 1044000000,
    "netIncomeRatio": 0.0290459895,
    "eps": 0.76,
    "epsdiluted": 0.76,
    "weightedAverageShsOut": 647698000,
    "weightedAverageShsOutDil": 649810000,
    "link": "https://www.sec.gov/Archives/edgar/data/7084/000000708404000364/0000007084-04-000364-index.htm",
    "finalLink": "https://www.sec.gov/Archives/edgar/data/7084/000000708404000364/adm10-k04.htm"
  },
  {
    "date": "2003-06-30",
    "symbol": "ADM",
    "reportedCurrency": "USD",
    "cik": "0000007084",
    "fillingDate": "2003-09-03",
    "acceptedDate": "2003-09-03 17:27:04",
    "calendarYear": "2003",
    "period": "FY",
    "revenue": 36151394000,
    "costOfRevenue": 34003070000,
    "grossProfit": 2148324000,
    "grossProfitRatio": 0.0594257582,
    "researchAndDevelopmentExpenses": 0,
    "generalAndAdministrativeExpenses": 0,
    "sellingAndMarketingExpenses": 0,
    "sellingGeneralAndAdministrativeExpenses": 1401833000,
    "otherExpenses": 0,
    "operatingExpenses": 1401833000,
    "costAndExpenses": 35404903000,
    "interestIncome": 116352000,
    "interestExpense": 341991000,
    "depreciationAndAmortization": 689858000,
    "ebitda": 1436349000,
    "ebitdaratio": 0.0397314969,
    "operatingIncome": 746491000,
    "operatingIncomeRatio": 0.0206490239,
    "totalOtherIncomeExpensesNet": -28480000,
    "incomeBeforeTax": 718011000,
    "incomeBeforeTaxRatio": 0.0198612258,
    "incomeTaxExpense": 223301000,
    "netIncome": 494710000,
    "netIncomeRatio": 0.0136843962,
    "eps": 0.7,
    "epsdiluted": 0.7,
    "weightedAverageShsOut": 646086000,
    "weightedAverageShsOutDil": 646086000,
    "link": "https://www.sec.gov/Archives/edgar/data/7084/000000708403000063/0000007084-03-000063-index.htm",
    "finalLink": "https://www.sec.gov/Archives/edgar/data/7084/000000708403000063/adm10k2003.htm"
  },
  {
    "date": "2002-06-30",
    "symbol": "ADM",
    "reportedCurrency": "USD",
    "cik": "0000007084",
    "fillingDate": "2002-09-20",
    "acceptedDate": "2002-09-20 17:02:04",
    "calendarYear": "2002",
    "period": "FY",
    "revenue": 30708033000,
    "costOfRevenue": 28980895000,
    "grossProfit": 1727138000,
    "grossProfitRatio": 0.0562438499,
    "researchAndDevelopmentExpenses": 0,
    "generalAndAdministrativeExpenses": 0,
    "sellingAndMarketingExpenses": 0,
    "sellingGeneralAndAdministrativeExpenses": 947694000,
    "otherExpenses": 0,
    "operatingExpenses": 947694000,
    "costAndExpenses": 29928589000,
    "interestIncome": 0,
    "interestExpense": 0,
    "depreciationAndAmortization": 648726000,
    "ebitda": 1428170000,
    "ebitdaratio": 0.0465080261,
    "operatingIncome": 779444000,
    "operatingIncomeRatio": 0.0253824138,
    "totalOtherIncomeExpensesNet": -148471000,
    "incomeBeforeTax": 630973000,
    "incomeBeforeTaxRatio": 0.02054749,
    "incomeTaxExpense": 179828000,
    "netIncome": 451145000,
    "netIncomeRatio": 0.0146914327,
    "eps": 0.78,
    "epsdiluted": 0.78,
    "weightedAverageShsOut": 656955000,
    "weightedAverageShsOutDil": 656955000,
    "link": "https://www.sec.gov/Archives/edgar/data/7084/000000708402000017/0000007084-02-000017-index.htm",
    "finalLink": "https://www.sec.gov/Archives/edgar/data/7084/000000708402000017/adm10k02.htm"
  },
  {
    "date": "2001-06-30",
    "symbol": "ADM",
    "reportedCurrency": "USD",
    "cik": "0000007084",
    "fillingDate": "2001-09-28",
    "acceptedDate": "2001-09-28 00:00:00",
    "calendarYear": "2001",
    "period": "FY",
    "revenue": 22611894000,
    "costOfRevenue": 20928438000,
    "grossProfit": 1683456000,
    "grossProfitRatio": 0.0744500217,
    "researchAndDevelopmentExpenses": 0,
    "generalAndAdministrativeExpenses": 0,
    "sellingAndMarketingExpenses": 0,
    "sellingGeneralAndAdministrativeExpenses": 826922000,
    "otherExpenses": 0,
    "operatingExpenses": 826922000,
    "costAndExpenses": 21755360000,
    "interestIncome": 0,
    "interestExpense": 0,
    "depreciationAndAmortization": 614070000,
    "ebitda": 1470604000,
    "ebitdaratio": 0.0650367457,
    "operatingIncome": 856534000,
    "operatingIncomeRatio": 0.037879799,
    "totalOtherIncomeExpensesNet": -137597000,
    "incomeBeforeTax": 718937000,
    "incomeBeforeTaxRatio": 0.0317946387,
    "incomeTaxExpense": 207844000,
    "netIncome": 511093000,
    "netIncomeRatio": 0.022602839,
    "eps": 0.55,
    "epsdiluted": 0.55,
    "weightedAverageShsOut": 697732350,
    "weightedAverageShsOutDil": 697732350,
    "link": "https://www.sec.gov/Archives/edgar/data/7084/000000708401500047/0000007084-01-500047-index.htm",
    "finalLink": "https://www.sec.gov/Archives/edgar/data/7084/000000708401500047/adm10k2001.htm"
  },
  {
    "date": "2000-06-30",
    "symbol": "ADM",
    "reportedCurrency": "USD",
    "cik": "0000007084",
    "fillingDate": "2000-09-28",
    "acceptedDate": "2000-09-28 00:00:00",
    "calendarYear": "2000",
    "period": "FY",
    "revenue": 20051421000,
    "costOfRevenue": 18619623000,
    "grossProfit": 1431798000,
    "grossProfitRatio": 0.0714063108,
    "researchAndDevelopmentExpenses": 0,
    "generalAndAdministrativeExpenses": 0,
    "sellingAndMarketingExpenses": 0,
    "sellingGeneralAndAdministrativeExpenses": 731029000,
    "otherExpenses": 0,
    "operatingExpenses": 731029000,
    "costAndExpenses": 19350652000,
    "interestIncome": 0,
    "interestExpense": 0,
    "depreciationAndAmortization": 621974000,
    "ebitda": 1322743000,
    "ebitdaratio": 0.0659675441,
    "operatingIncome": 700769000,
    "operatingIncomeRatio": 0.0349485954,
    "totalOtherIncomeExpensesNet": -178870000,
    "incomeBeforeTax": 521899000,
    "incomeBeforeTaxRatio": 0.0260280306,
    "incomeTaxExpense": 138615000,
    "netIncome": 383284000,
    "netIncomeRatio": 0.0191150542,
    "eps": 0.41,
    "epsdiluted": 0.41,
    "weightedAverageShsOut": 737880097,
    "weightedAverageShsOutDil": 737880097,
    "link": "https://www.sec.gov/Archives/edgar/data/7084/000000708400000039/0000007084-00-000039-index.htm",
    "finalLink": "https://www.sec.gov/Archives/edgar/data/7084/000000708400000039/0000007084-00-000039-0001.txt"
  },
  {
    "date": "1999-06-30",
    "symbol": "ADM",
    "reportedCurrency": "USD",
    "cik": "0000007084",
    "fillingDate": "1999-09-22",
    "acceptedDate": "1999-09-22 00:00:00",
    "calendarYear": "1999",
    "period": "FY",
    "revenue": 12876817000,
    "costOfRevenue": 11009603000,
    "grossProfit": 1867214000,
    "grossProfitRatio": 0.145005866,
    "researchAndDevelopmentExpenses": 0,
    "generalAndAdministrativeExpenses": 0,
    "sellingAndMarketingExpenses": 0,
    "sellingGeneralAndAdministrativeExpenses": 729358000,
    "otherExpenses": 647639000,
    "operatingExpenses": 1376997000,
    "costAndExpenses": 12386600000,
    "interestIncome": 0,
    "interestExpense": 0,
    "depreciationAndAmortization": 647639000,
    "ebitda": 1137856000,
    "ebitdaratio": 0.0883646945,
    "operatingIncome": 490217000,
    "operatingIncomeRatio": 0.0380697342,
    "totalOtherIncomeExpensesNet": -136980000,
    "incomeBeforeTax": 353237000,
    "incomeBeforeTaxRatio": 0.0274320121,
    "incomeTaxExpense": 52334000,
    "netIncome": 300903000,
    "netIncomeRatio": 0.023367809,
    "eps": 0.32,
    "epsdiluted": 0.32,
    "weightedAverageShsOut": 829369344,
    "weightedAverageShsOutDil": 829369344,
    "link": "https://www.sec.gov/Archives/edgar/data/7084/000000708499000022/0000007084-99-000022-index.html",
    "finalLink": "https://www.sec.gov/Archives/edgar/data/7084/000000708499000022/"
  },
  {
    "date": "1998-06-30",
    "symbol": "ADM",
    "reportedCurrency": "USD",
    "cik": "0000007084",
    "fillingDate": "1998-09-24",
    "acceptedDate": "1998-09-24 00:00:00",
    "calendarYear": "1998",
    "period": "FY",
    "revenue": 14283300000,
    "costOfRevenue": 12429100000,
    "grossProfit": 1854200000,
    "grossProfitRatio": 0.1298159389,
    "researchAndDevelopmentExpenses": 0,
    "generalAndAdministrativeExpenses": 0,
    "sellingAndMarketingExpenses": 0,
    "sellingGeneralAndAdministrativeExpenses": 701100000,
    "otherExpenses": 622200000,
    "operatingExpenses": 1323300000,
    "costAndExpenses": 13752400000,
    "interestIncome": 0,
    "interestExpense": 0,
    "depreciationAndAmortization": 622200000,
    "ebitda": 1153100000,
    "ebitdaratio": 0.0807306435,
    "operatingIncome": 530900000,
    "operatingIncomeRatio": 0.0371692816,
    "totalOtherIncomeExpensesNet": -111100000,
    "incomeBeforeTax": 419800000,
    "incomeBeforeTaxRatio": 0.0293909671,
    "incomeTaxExpense": 138500000,
    "netIncome": 266000000,
    "netIncomeRatio": 0.0186231473,
    "eps": 0.56,
    "epsdiluted": 0.49,
    "weightedAverageShsOut": 720350330,
    "weightedAverageShsOutDil": 832071156,
    "link": "https://www.sec.gov/Archives/edgar/data/7084/000000708498000029/0000007084-98-000029-index.html",
    "finalLink": "https://www.sec.gov/Archives/edgar/data/7084/"
  },
  {
    "date": "1997-06-30",
    "symbol": "ADM",
    "reportedCurrency": "USD",
    "cik": "0000007084",
    "fillingDate": "1997-09-29",
    "acceptedDate": "1997-09-29 00:00:00",
    "calendarYear": "1997",
    "period": "FY",
    "revenue": 16108600000,
    "costOfRevenue": 14167600000,
    "grossProfit": 1941000000,
    "grossProfitRatio": 0.1204946426,
    "researchAndDevelopmentExpenses": 0,
    "generalAndAdministrativeExpenses": 0,
    "sellingAndMarketingExpenses": 0,
    "sellingGeneralAndAdministrativeExpenses": 660700000,
    "otherExpenses": 560100000,
    "operatingExpenses": 1220800000,
    "costAndExpenses": 15388400000,
    "interestIncome": 0,
    "interestExpense": 0,
    "depreciationAndAmortization": 560100000,
    "ebitda": 1280300000,
    "ebitdaratio": 0.0794792844,
    "operatingIncome": 720200000,
    "operatingIncomeRatio": 0.0447090374,
    "totalOtherIncomeExpensesNet": -110200000,
    "incomeBeforeTax": 610000000,
    "incomeBeforeTaxRatio": 0.0378679711,
    "incomeTaxExpense": 206400000,
    "netIncome": 403600000,
    "netIncomeRatio": 0.0250549396,
    "eps": 0.43,
    "epsdiluted": 0.43,
    "weightedAverageShsOut": 887092262,
    "weightedAverageShsOutDil": 887092262,
    "link": "https://www.sec.gov/Archives/edgar/data/7084/000000708497000032/0000007084-97-000032-index.html",
    "finalLink": "https://www.sec.gov/Archives/edgar/data/7084/"
  },
  {
    "date": "1996-06-30",
    "symbol": "ADM",
    "reportedCurrency": "USD",
    "cik": "0000007084",
    "fillingDate": "1996-09-30",
    "acceptedDate": "1996-09-30 00:00:00",
    "calendarYear": "1996",
    "period": "FY",
    "revenue": 13853300000,
    "costOfRevenue": 12077200000,
    "grossProfit": 1776100000,
    "grossProfitRatio": 0.1282077195,
    "researchAndDevelopmentExpenses": 0,
    "generalAndAdministrativeExpenses": 0,
    "sellingAndMarketingExpenses": 0,
    "sellingGeneralAndAdministrativeExpenses": 675100000,
    "otherExpenses": 475500000,
    "operatingExpenses": 1150600000,
    "costAndExpenses": 13227800000,
    "interestIncome": 0,
    "interestExpense": 0,
    "depreciationAndAmortization": 475500000,
    "ebitda": 1101000000,
    "ebitdaratio": 0.0794756484,
    "operatingIncome": 625500000,
    "operatingIncomeRatio": 0.0451516967,
    "totalOtherIncomeExpensesNet": 18900000,
    "incomeBeforeTax": 644400000,
    "incomeBeforeTaxRatio": 0.0465159926,
    "incomeTaxExpense": 267100000,
    "netIncome": 377300000,
    "netIncomeRatio": 0.027235388,
    "eps": 0.74,
    "epsdiluted": 0.74,
    "weightedAverageShsOut": 945528600,
    "weightedAverageShsOutDil": 945528600,
    "link": "https://www.sec.gov/Archives/edgar/data/7084/000000708496000017/0000007084-96-000017-index.html",
    "finalLink": "https://www.sec.gov/Archives/edgar/data/7084/"
  },
  {
    "date": "1995-06-30",
    "symbol": "ADM",
    "reportedCurrency": "USD",
    "cik": "0000007084",
    "fillingDate": "1995-08-22",
    "acceptedDate": "1995-08-22 00:00:00",
    "calendarYear": "1995",
    "period": "FY",
    "revenue": 13239800000,
    "costOfRevenue": 11433900000,
    "grossProfit": 1805900000,
    "grossProfitRatio": 0.1363993414,
    "researchAndDevelopmentExpenses": 0,
    "generalAndAdministrativeExpenses": 0,
    "sellingAndMarketingExpenses": 0,
    "sellingGeneralAndAdministrativeExpenses": 473300000,
    "otherExpenses": 419200000,
    "operatingExpenses": 892500000,
    "costAndExpenses": 12326400000,
    "interestIncome": 0,
    "interestExpense": 0,
    "depreciationAndAmortization": 419200000,
    "ebitda": 1332600000,
    "ebitdaratio": 0.1006510672,
    "operatingIncome": 913400000,
    "operatingIncomeRatio": 0.0689889575,
    "totalOtherIncomeExpensesNet": 141000000,
    "incomeBeforeTax": 1054400000,
    "incomeBeforeTaxRatio": 0.0796386652,
    "incomeTaxExpense": 358500000,
    "netIncome": 695900000,
    "netIncomeRatio": 0.0525612169,
    "eps": 1.04,
    "epsdiluted": 0.78,
    "weightedAverageShsOut": 761844372,
    "weightedAverageShsOutDil": 1024345186,
    "link": "https://www.sec.gov/Archives/edgar/data/7084/000000708495000026/0000007084-95-000026-index.html",
    "finalLink": "https://www.sec.gov/Archives/edgar/data/7084/"
  },
  {
    "date": "1994-06-30",
    "symbol": "ADM",
    "reportedCurrency": "USD",
    "cik": "0000007084",
    "fillingDate": "1994-09-27",
    "acceptedDate": "1994-09-27 00:00:00",
    "calendarYear": "1994",
    "period": "FY",
    "revenue": 12671900000,
    "costOfRevenue": 10622600000,
    "grossProfit": 2049300000,
    "grossProfitRatio": 0.1617200262,
    "researchAndDevelopmentExpenses": 0,
    "generalAndAdministrativeExpenses": 0,
    "sellingAndMarketingExpenses": 0,
    "sellingGeneralAndAdministrativeExpenses": 429400000,
    "otherExpenses": 406800000,
    "operatingExpenses": 836200000,
    "costAndExpenses": 11458800000,
    "interestIncome": 0,
    "interestExpense": 0,
    "depreciationAndAmortization": 406800000,
    "ebitda": 1619900000,
    "ebitdaratio": 0.1278340265,
    "operatingIncome": 1213100000,
    "operatingIncomeRatio": 0.0957315004,
    "totalOtherIncomeExpensesNet": -31600000,
    "incomeBeforeTax": 1181500000,
    "incomeBeforeTaxRatio": 0.0932377939,
    "incomeTaxExpense": 385600000,
    "netIncome": 795900000,
    "netIncomeRatio": 0.0628082608,
    "eps": 0.63,
    "epsdiluted": 0.63,
    "weightedAverageShsOut": 766324479,
    "weightedAverageShsOutDil": 766324479,
    "link": "https://www.sec.gov/Archives/edgar/data/7084/000000708494000015/0000007084-94-000015-index.html",
    "finalLink": "https://www.sec.gov/Archives/edgar/data/7084/"
  },
  {
    "date": "1993-06-30",
    "symbol": "ADM",
    "reportedCurrency": "USD",
    "cik": "0000007084",
    "fillingDate": "1993-06-30",
    "acceptedDate": "1993-06-30 00:00:00",
    "calendarYear": "1993",
    "period": "FY",
    "revenue": 11374400000,
    "costOfRevenue": 9882300000,
    "grossProfit": 1492100000,
    "grossProfitRatio": 0.1311805458,
    "researchAndDevelopmentExpenses": 0,
    "generalAndAdministrativeExpenses": 0,
    "sellingAndMarketingExpenses": 0,
    "sellingGeneralAndAdministrativeExpenses": 371200000,
    "otherExpenses": 354500000,
    "operatingExpenses": 725700000,
    "costAndExpenses": 10608000000,
    "interestIncome": 0,
    "interestExpense": 0,
    "depreciationAndAmortization": 354500000,
    "ebitda": 1120900000,
    "ebitdaratio": 0.0985458574,
    "operatingIncome": 766400000,
    "operatingIncomeRatio": 0.0673793783,
    "totalOtherIncomeExpensesNet": -28100000,
    "incomeBeforeTax": 738300000,
    "incomeBeforeTaxRatio": 0.0649089183,
    "incomeTaxExpense": 254200000,
    "netIncome": 484100000,
    "netIncomeRatio": 0.0425604867,
    "eps": 0.78,
    "epsdiluted": 0.78,
    "weightedAverageShsOut": 724427588,
    "weightedAverageShsOutDil": 724427588,
    "link": null,
    "finalLink": null
  },
  {
    "date": "1992-06-30",
    "symbol": "ADM",
    "reportedCurrency": "USD",
    "cik": "0000007084",
    "fillingDate": "1992-06-30",
    "acceptedDate": "1992-06-30 00:00:00",
    "calendarYear": "1992",
    "period": "FY",
    "revenue": 9811400000,
    "costOfRevenue": 8419900000,
    "grossProfit": 1391500000,
    "grossProfitRatio": 0.141824816,
    "researchAndDevelopmentExpenses": 0,
    "generalAndAdministrativeExpenses": 0,
    "sellingAndMarketingExpenses": 0,
    "sellingGeneralAndAdministrativeExpenses": 324800000,
    "otherExpenses": 328500000,
    "operatingExpenses": 653300000,
    "costAndExpenses": 9073200000,
    "interestIncome": 0,
    "interestExpense": 0,
    "depreciationAndAmortization": 328500000,
    "ebitda": 1066700000,
    "ebitdaratio": 0.108720468,
    "operatingIncome": 738200000,
    "operatingIncomeRatio": 0.0752390077,
    "totalOtherIncomeExpensesNet": 7800000,
    "incomeBeforeTax": 746000000,
    "incomeBeforeTaxRatio": 0.0760340013,
    "incomeTaxExpense": 211500000,
    "netIncome": 567500000,
    "netIncomeRatio": 0.057840879,
    "eps": 0.69,
    "epsdiluted": 0.69,
    "weightedAverageShsOut": 725786396,
    "weightedAverageShsOutDil": 725786396,
    "link": null,
    "finalLink": null
  },
  {
    "date": "1991-06-30",
    "symbol": "ADM",
    "reportedCurrency": "USD",
    "cik": "0000007084",
    "fillingDate": "1991-06-30",
    "acceptedDate": "1991-06-30 00:00:00",
    "calendarYear": "1991",
    "period": "FY",
    "revenue": 9231500000,
    "costOfRevenue": 7894700000,
    "grossProfit": 1336800000,
    "grossProfitRatio": 0.144808536,
    "researchAndDevelopmentExpenses": 0,
    "generalAndAdministrativeExpenses": 0,
    "sellingAndMarketingExpenses": 0,
    "sellingGeneralAndAdministrativeExpenses": 294800000,
    "otherExpenses": 293700000,
    "operatingExpenses": 588500000,
    "costAndExpenses": 8483200000,
    "interestIncome": 0,
    "interestExpense": 0,
    "depreciationAndAmortization": 293700000,
    "ebitda": 1042000000,
    "ebitdaratio": 0.1128743974,
    "operatingIncome": 748300000,
    "operatingIncomeRatio": 0.0810594161,
    "totalOtherIncomeExpensesNet": 11300000,
    "incomeBeforeTax": 759600000,
    "incomeBeforeTaxRatio": 0.0822834859,
    "incomeTaxExpense": 255800000,
    "netIncome": 503800000,
    "netIncomeRatio": 0.0545740129,
    "eps": 0.64,
    "epsdiluted": 0.64,
    "weightedAverageShsOut": 726055728,
    "weightedAverageShsOutDil": 726055728,
    "link": null,
    "finalLink": null
  },
  {
    "date": "1990-06-30",
    "symbol": "ADM",
    "reportedCurrency": "USD",
    "cik": "0000007084",
    "fillingDate": "1990-06-30",
    "acceptedDate": "1990-06-30 00:00:00",
    "calendarYear": "1990",
    "period": "FY",
    "revenue": 8468200000,
    "costOfRevenue": 7310600000,
    "grossProfit": 1157600000,
    "grossProfitRatio": 0.1366996528,
    "researchAndDevelopmentExpenses": 0,
    "generalAndAdministrativeExpenses": 0,
    "sellingAndMarketingExpenses": 0,
    "sellingGeneralAndAdministrativeExpenses": 279200000,
    "otherExpenses": 261400000,
    "operatingExpenses": 540600000,
    "costAndExpenses": 7851200000,
    "interestIncome": 0,
    "interestExpense": 0,
    "depreciationAndAmortization": 261400000,
    "ebitda": 878400000,
    "ebitdaratio": 0.1037292459,
    "operatingIncome": 617000000,
    "operatingIncomeRatio": 0.0728608205,
    "totalOtherIncomeExpensesNet": 101000000,
    "incomeBeforeTax": 718000000,
    "incomeBeforeTaxRatio": 0.0847877943,
    "incomeTaxExpense": 251300000,
    "netIncome": 466700000,
    "netIncomeRatio": 0.0551120663,
    "eps": 0.66,
    "epsdiluted": 0.66,
    "weightedAverageShsOut": 730818729,
    "weightedAverageShsOutDil": 730818729,
    "link": null,
    "finalLink": null
  },
  {
    "date": "1989-06-30",
    "symbol": "ADM",
    "reportedCurrency": "USD",
    "cik": "0000007084",
    "fillingDate": "1989-06-30",
    "acceptedDate": "1989-06-30 00:00:00",
    "calendarYear": "1989",
    "period": "FY",
    "revenue": 7751300000,
    "costOfRevenue": 6597100000,
    "grossProfit": 1154200000,
    "grossProfitRatio": 0.1489040548,
    "researchAndDevelopmentExpenses": 0,
    "generalAndAdministrativeExpenses": 0,
    "sellingAndMarketingExpenses": 0,
    "sellingGeneralAndAdministrativeExpenses": 231700000,
    "otherExpenses": 248100000,
    "operatingExpenses": 479800000,
    "costAndExpenses": 7076900000,
    "interestIncome": 0,
    "interestExpense": 0,
    "depreciationAndAmortization": 248100000,
    "ebitda": 922500000,
    "ebitdaratio": 0.1190122947,
    "operatingIncome": 674400000,
    "operatingIncomeRatio": 0.0870047605,
    "totalOtherIncomeExpensesNet": 78700000,
    "incomeBeforeTax": 753100000,
    "incomeBeforeTaxRatio": 0.0971578961,
    "incomeTaxExpense": 269600000,
    "netIncome": 483500000,
    "netIncomeRatio": 0.0623766336,
    "eps": 0.59,
    "epsdiluted": 0.59,
    "weightedAverageShsOut": 723952943,
    "weightedAverageShsOutDil": 723952943,
    "link": null,
    "finalLink": null
  },
  {
    "date": "1988-06-30",
    "symbol": "ADM",
    "reportedCurrency": "USD",
    "cik": "0000007084",
    "fillingDate": "1988-06-30",
    "acceptedDate": "1988-06-30 00:00:00",
    "calendarYear": "1988",
    "period": "FY",
    "revenue": 7928800000,
    "costOfRevenue": 6888600000,
    "grossProfit": 1040200000,
    "grossProfitRatio": 0.1311926143,
    "researchAndDevelopmentExpenses": 0,
    "generalAndAdministrativeExpenses": 0,
    "sellingAndMarketingExpenses": 0,
    "sellingGeneralAndAdministrativeExpenses": 197400000,
    "otherExpenses": 220500000,
    "operatingExpenses": 417900000,
    "costAndExpenses": 7306500000,
    "interestIncome": 0,
    "interestExpense": 0,
    "depreciationAndAmortization": 220500000,
    "ebitda": 842800000,
    "ebitdaratio": 0.1062960347,
    "operatingIncome": 622300000,
    "operatingIncomeRatio": 0.0784860256,
    "totalOtherIncomeExpensesNet": 45500000,
    "incomeBeforeTax": 667800000,
    "incomeBeforeTaxRatio": 0.0842245989,
    "incomeTaxExpense": 243100000,
    "netIncome": 424700000,
    "netIncomeRatio": 0.0535642216,
    "eps": 0.49,
    "epsdiluted": 0.49,
    "weightedAverageShsOut": 720086248,
    "weightedAverageShsOutDil": 720086248,
    "link": null,
    "finalLink": null
  },
  {
    "date": "1987-06-30",
    "symbol": "ADM",
    "reportedCurrency": "USD",
    "cik": "0000007084",
    "fillingDate": "1987-06-30",
    "acceptedDate": "1987-06-30 00:00:00",
    "calendarYear": "1987",
    "period": "FY",
    "revenue": 6798400000,
    "costOfRevenue": 5907800000,
    "grossProfit": 890600000,
    "grossProfitRatio": 0.1310014121,
    "researchAndDevelopmentExpenses": 0,
    "generalAndAdministrativeExpenses": 0,
    "sellingAndMarketingExpenses": 0,
    "sellingGeneralAndAdministrativeExpenses": 165700000,
    "otherExpenses": 184000000,
    "operatingExpenses": 349700000,
    "costAndExpenses": 6257500000,
    "interestIncome": 0,
    "interestExpense": 0,
    "depreciationAndAmortization": 184000000,
    "ebitda": 724900000,
    "ebitdaratio": 0.1066280301,
    "operatingIncome": 540900000,
    "operatingIncomeRatio": 0.0795628383,
    "totalOtherIncomeExpensesNet": 31100000,
    "incomeBeforeTax": 572000000,
    "incomeBeforeTaxRatio": 0.0841374441,
    "incomeTaxExpense": 218900000,
    "netIncome": 353100000,
    "netIncomeRatio": 0.0519386915,
    "eps": 0.36,
    "epsdiluted": 0.36,
    "weightedAverageShsOut": 735931643,
    "weightedAverageShsOutDil": 735931643,
    "link": null,
    "finalLink": null
  },
  {
    "date": "1986-06-30",
    "symbol": "ADM",
    "reportedCurrency": "USD",
    "cik": "0000007084",
    "fillingDate": "1986-06-30",
    "acceptedDate": "1986-06-30 00:00:00",
    "calendarYear": "1986",
    "period": "FY",
    "revenue": 5774600000,
    "costOfRevenue": 5079100000,
    "grossProfit": 695500000,
    "grossProfitRatio": 0.1204412427,
    "researchAndDevelopmentExpenses": 0,
    "generalAndAdministrativeExpenses": 0,
    "sellingAndMarketingExpenses": 0,
    "sellingGeneralAndAdministrativeExpenses": 158800000,
    "otherExpenses": 155900000,
    "operatingExpenses": 314700000,
    "costAndExpenses": 5393800000,
    "interestIncome": 0,
    "interestExpense": 0,
    "depreciationAndAmortization": 155900000,
    "ebitda": 536700000,
    "ebitdaratio": 0.0929415024,
    "operatingIncome": 380800000,
    "operatingIncomeRatio": 0.0659439615,
    "totalOtherIncomeExpensesNet": 97100000,
    "incomeBeforeTax": 477900000,
    "incomeBeforeTaxRatio": 0.082758979,
    "incomeTaxExpense": 212500000,
    "netIncome": 265400000,
    "netIncomeRatio": 0.0459598933,
    "eps": 0.33,
    "epsdiluted": 0.33,
    "weightedAverageShsOut": 729841846,
    "weightedAverageShsOutDil": 729841846,
    "link": null,
    "finalLink": null
  }
]