[
  {
    "date": "2025-06-30",
    "symbol": "ADP",
    "reportedCurrency": "USD",
    "cik": "0000008670",
    "fillingDate": "2025-08-06",
    "acceptedDate": "2025-08-06 16:07:50",
    "calendarYear": "2025",
    "period": "Q4",
    "revenue": 5126800000,
    "costOfRevenue": 2547700000,
    "grossProfit": 2579100000,
    "grossProfitRatio": 0.5030623391,
    "researchAndDevelopmentExpenses": 269300000,
    "generalAndAdministrativeExpenses": 0,
    "sellingAndMarketingExpenses": 0,
    "sellingGeneralAndAdministrativeExpenses": 1103100000,
    "otherExpenses": 0,
    "operatingExpenses": 1372400000,
    "costAndExpenses": 3920100000,
    "interestIncome": 88000000,
    "interestExpense": 113700000,
    "depreciationAndAmortization": 121500000,
    "ebitda": 1420600000,
    "ebitdaratio": 0.2770929235,
    "operatingIncome": 1206700000,
    "operatingIncomeRatio": 0.2353709917,
    "totalOtherIncomeExpensesNet": -16100000,
    "incomeBeforeTax": 1190600000,
    "incomeBeforeTaxRatio": 0.2322306312,
    "incomeTaxExpense": 280000000,
    "netIncome": 910600000,
    "netIncomeRatio": 0.1776156667,
    "eps": 2.24,
    "epsdiluted": 2.23,
    "weightedAverageShsOut": 406000000,
    "weightedAverageShsOutDil": 407700000,
    "link": "https://www.sec.gov/Archives/edgar/data/8670/000000867025000037/0000008670-25-000037-index.htm",
    "finalLink": "https://www.sec.gov/Archives/edgar/data/8670/000000867025000037/adp-20250630.htm"
  },
  {
    "date": "2025-03-31",
    "symbol": "ADP",
    "reportedCurrency": "USD",
    "cik": "0000008670",
    "fillingDate": "2025-05-01",
    "acceptedDate": "2025-05-01 14:47:20",
    "calendarYear": "2025",
    "period": "Q3",
    "revenue": 5553000000,
    "costOfRevenue": 2681700000,
    "grossProfit": 2871300000,
    "grossProfitRatio": 0.5170718531,
    "researchAndDevelopmentExpenses": 247100000,
    "generalAndAdministrativeExpenses": 0,
    "sellingAndMarketingExpenses": 0,
    "sellingGeneralAndAdministrativeExpenses": 991200000,
    "otherExpenses": 0,
    "operatingExpenses": 1238300000,
    "costAndExpenses": 3920000000,
    "interestIncome": 55900000,
    "interestExpense": 73400000,
    "depreciationAndAmortization": 147000000,
    "ebitda": 1842300000,
    "ebitdaratio": 0.3317666126,
    "operatingIncome": 1633000000,
    "operatingIncomeRatio": 0.2940752746,
    "totalOtherIncomeExpensesNet": -11100000,
    "incomeBeforeTax": 1621900000,
    "incomeBeforeTaxRatio": 0.2920763551,
    "incomeTaxExpense": 372400000,
    "netIncome": 1249500000,
    "netIncomeRatio": 0.2250135062,
    "eps": 3.07,
    "epsdiluted": 3.06,
    "weightedAverageShsOut": 406900000,
    "weightedAverageShsOutDil": 408500000,
    "link": "https://www.sec.gov/Archives/edgar/data/8670/000000867025000015/0000008670-25-000015-index.htm",
    "finalLink": "https://www.sec.gov/Archives/edgar/data/8670/000000867025000015/adp-20250331.htm"
  },
  {
    "date": "2024-12-31",
    "symbol": "ADP",
    "reportedCurrency": "USD",
    "cik": "0000008670",
    "fillingDate": "2025-01-30",
    "acceptedDate": "2025-01-30 14:40:43",
    "calendarYear": "2025",
    "period": "Q2",
    "revenue": 5048400000,
    "costOfRevenue": 2527200000,
    "grossProfit": 2521200000,
    "grossProfitRatio": 0.4994057523,
    "researchAndDevelopmentExpenses": 239500000,
    "generalAndAdministrativeExpenses": 0,
    "sellingAndMarketingExpenses": 0,
    "sellingGeneralAndAdministrativeExpenses": 981900000,
    "otherExpenses": 0,
    "operatingExpenses": 1221400000,
    "costAndExpenses": 3748600000,
    "interestIncome": 83900000,
    "interestExpense": 128199999,
    "depreciationAndAmortization": 151100000,
    "ebitda": 1540600000,
    "ebitdaratio": 0.3051659932,
    "operatingIncome": 1299800000,
    "operatingIncomeRatio": 0.2574677125,
    "totalOtherIncomeExpensesNet": -38500000,
    "incomeBeforeTax": 1261300000,
    "incomeBeforeTaxRatio": 0.249841534,
    "incomeTaxExpense": 298100000,
    "netIncome": 963200000,
    "netIncomeRatio": 0.1907931226,
    "eps": 2.36,
    "epsdiluted": 2.36,
    "weightedAverageShsOut": 407600000,
    "weightedAverageShsOutDil": 409000000,
    "link": "https://www.sec.gov/Archives/edgar/data/8670/000000867025000007/0000008670-25-000007-index.htm",
    "finalLink": "https://www.sec.gov/Archives/edgar/data/8670/000000867025000007/adp-20241231.htm"
  },
  {
    "date": "2024-09-30",
    "symbol": "ADP",
    "reportedCurrency": "USD",
    "cik": "0000008670",
    "fillingDate": "2024-11-01",
    "acceptedDate": "2024-11-01 13:08:12",
    "calendarYear": "2025",
    "period": "Q1",
    "revenue": 4832700000,
    "costOfRevenue": 2424400000,
    "grossProfit": 2408300000,
    "grossProfitRatio": 0.4983342645,
    "researchAndDevelopmentExpenses": 232600000,
    "generalAndAdministrativeExpenses": 0,
    "sellingAndMarketingExpenses": 0,
    "sellingGeneralAndAdministrativeExpenses": 903700000,
    "otherExpenses": 0,
    "operatingExpenses": 1136300000,
    "costAndExpenses": 3560700000,
    "interestIncome": 91700000,
    "interestExpense": 136700000,
    "depreciationAndAmortization": 138600000,
    "ebitda": 1511500000,
    "ebitdaratio": 0.3127651209,
    "operatingIncome": 1272000000,
    "operatingIncomeRatio": 0.263206903,
    "totalOtherIncomeExpensesNet": -35800000,
    "incomeBeforeTax": 1236200000,
    "incomeBeforeTaxRatio": 0.2557990357,
    "incomeTaxExpense": 279900000,
    "netIncome": 956300000,
    "netIncomeRatio": 0.1978811017,
    "eps": 2.34,
    "epsdiluted": 2.34,
    "weightedAverageShsOut": 407900000,
    "weightedAverageShsOutDil": 409500000,
    "link": "https://www.sec.gov/Archives/edgar/data/8670/000000867024000030/0000008670-24-000030-index.htm",
    "finalLink": "https://www.sec.gov/Archives/edgar/data/8670/000000867024000030/adp-20240930.htm"
  },
  {
    "date": "2024-06-30",
    "symbol": "ADP",
    "reportedCurrency": "USD",
    "cik": "0000008670",
    "fillingDate": "2024-08-07",
    "acceptedDate": "2024-08-07 15:06:59",
    "calendarYear": "2024",
    "period": "Q4",
    "revenue": 4768500000,
    "costOfRevenue": 2408300000,
    "grossProfit": 2360200000,
    "grossProfitRatio": 0.4949564853,
    "researchAndDevelopmentExpenses": 247900000,
    "generalAndAdministrativeExpenses": 0,
    "sellingAndMarketingExpenses": 0,
    "sellingGeneralAndAdministrativeExpenses": 1014700000,
    "otherExpenses": 0,
    "operatingExpenses": 1262600000,
    "costAndExpenses": 3670900000,
    "interestIncome": 82100000,
    "interestExpense": 103200000,
    "depreciationAndAmortization": 135700000,
    "ebitda": 1328300000,
    "ebitdaratio": 0.2785571983,
    "operatingIncome": 1097600000,
    "operatingIncomeRatio": 0.2301772046,
    "totalOtherIncomeExpensesNet": -8200000,
    "incomeBeforeTax": 1089400000,
    "incomeBeforeTaxRatio": 0.2284575862,
    "incomeTaxExpense": 260100000,
    "netIncome": 829300000,
    "netIncomeRatio": 0.1739121317,
    "eps": 2.0281,
    "epsdiluted": 2.0197,
    "weightedAverageShsOut": 408900000,
    "weightedAverageShsOutDil": 410600000,
    "link": "https://www.sec.gov/Archives/edgar/data/8670/000000867024000024/0000008670-24-000024-index.htm",
    "finalLink": "https://www.sec.gov/Archives/edgar/data/8670/000000867024000024/adp-20240630.htm"
  },
  {
    "date": "2024-03-31",
    "symbol": "ADP",
    "reportedCurrency": "USD",
    "cik": "0000008670",
    "fillingDate": "2024-05-02",
    "acceptedDate": "2024-05-02 12:41:00",
    "calendarYear": "2024",
    "period": "Q3",
    "revenue": 5253800000,
    "costOfRevenue": 2551100000,
    "grossProfit": 2702700000,
    "grossProfitRatio": 0.5144276524,
    "researchAndDevelopmentExpenses": 242700000,
    "generalAndAdministrativeExpenses": 0,
    "sellingAndMarketingExpenses": 0,
    "sellingGeneralAndAdministrativeExpenses": 915300000,
    "otherExpenses": 0,
    "operatingExpenses": 1158000000,
    "costAndExpenses": 3709100000,
    "interestIncome": 55900000,
    "interestExpense": 61600000,
    "depreciationAndAmortization": 144600000,
    "ebitda": 1752500000,
    "ebitdaratio": 0.3335680841,
    "operatingIncome": 1544700000,
    "operatingIncomeRatio": 0.29401576,
    "totalOtherIncomeExpensesNet": 1600000,
    "incomeBeforeTax": 1546300000,
    "incomeBeforeTaxRatio": 0.2943203015,
    "incomeTaxExpense": 361400000,
    "netIncome": 1184900000,
    "netIncomeRatio": 0.2255319959,
    "eps": 2.8865,
    "epsdiluted": 2.8753,
    "weightedAverageShsOut": 410500000,
    "weightedAverageShsOutDil": 412100000,
    "link": "https://www.sec.gov/Archives/edgar/data/8670/000000867024000014/0000008670-24-000014-index.htm",
    "finalLink": "https://www.sec.gov/Archives/edgar/data/8670/000000867024000014/adp-20240331.htm"
  },
  {
    "date": "2023-12-31",
    "symbol": "ADP",
    "reportedCurrency": "USD",
    "cik": "0000008670",
    "fillingDate": "2024-02-01",
    "acceptedDate": "2024-02-01 15:48:23",
    "calendarYear": "2024",
    "period": "Q2",
    "revenue": 4668000000,
    "costOfRevenue": 2353400000,
    "grossProfit": 2314600000,
    "grossProfitRatio": 0.4958440446,
    "researchAndDevelopmentExpenses": 228700000,
    "generalAndAdministrativeExpenses": 0,
    "sellingAndMarketingExpenses": 0,
    "sellingGeneralAndAdministrativeExpenses": 902000000,
    "otherExpenses": 0,
    "operatingExpenses": 1130700000,
    "costAndExpenses": 3484100000,
    "interestIncome": 56900000,
    "interestExpense": 106000000,
    "depreciationAndAmortization": 140100000,
    "ebitda": 1389900000,
    "ebitdaratio": 0.2977506427,
    "operatingIncome": 1183900000,
    "operatingIncomeRatio": 0.2536203942,
    "totalOtherIncomeExpensesNet": -40100000,
    "incomeBeforeTax": 1143800000,
    "incomeBeforeTaxRatio": 0.2450299914,
    "incomeTaxExpense": 265400000,
    "netIncome": 878400000,
    "netIncomeRatio": 0.1881748072,
    "eps": 2.1367,
    "epsdiluted": 2.1294,
    "weightedAverageShsOut": 411100000,
    "weightedAverageShsOutDil": 412500000,
    "link": "https://www.sec.gov/Archives/edgar/data/8670/000000867024000007/0000008670-24-000007-index.htm",
    "finalLink": "https://www.sec.gov/Archives/edgar/data/8670/000000867024000007/adp-20231231.htm"
  },
  {
    "date": "2023-09-30",
    "symbol": "ADP",
    "reportedCurrency": "USD",
    "cik": "0000008670",
    "fillingDate": "2023-11-02",
    "acceptedDate": "2023-11-02 12:51:01",
    "calendarYear": "2024",
    "period": "Q1",
    "revenue": 4512400000,
    "costOfRevenue": 2299100000,
    "grossProfit": 2213300000,
    "grossProfitRatio": 0.4904928641,
    "researchAndDevelopmentExpenses": 236500000,
    "generalAndAdministrativeExpenses": 0,
    "sellingAndMarketingExpenses": 0,
    "sellingGeneralAndAdministrativeExpenses": 860100000,
    "otherExpenses": 0,
    "operatingExpenses": 1096600000,
    "costAndExpenses": 3395700000,
    "interestIncome": 46500000,
    "interestExpense": 92700000,
    "depreciationAndAmortization": 141500000,
    "ebitda": 1327000000,
    "ebitdaratio": 0.2940785391,
    "operatingIncome": 1116700000,
    "operatingIncomeRatio": 0.2474736282,
    "totalOtherIncomeExpensesNet": -23900000,
    "incomeBeforeTax": 1092800000,
    "incomeBeforeTaxRatio": 0.242177112,
    "incomeTaxExpense": 233400000,
    "netIncome": 859400000,
    "netIncomeRatio": 0.190452974,
    "eps": 2.0874,
    "epsdiluted": 2.0779,
    "weightedAverageShsOut": 411700000,
    "weightedAverageShsOutDil": 413600000,
    "link": "https://www.sec.gov/Archives/edgar/data/8670/000000867023000040/0000008670-23-000040-index.htm",
    "finalLink": "https://www.sec.gov/Archives/edgar/data/8670/000000867023000040/adp-20230930.htm"
  },
  {
    "date": "2023-06-30",
    "symbol": "ADP",
    "reportedCurrency": "USD",
    "cik": "0000008670",
    "fillingDate": "2023-08-03",
    "acceptedDate": "2023-08-03 16:49:01",
    "calendarYear": "2023",
    "period": "Q4",
    "revenue": 4477800000,
    "costOfRevenue": 2289100000,
    "grossProfit": 2188700000,
    "grossProfitRatio": 0.4887891375,
    "researchAndDevelopmentExpenses": 222300000,
    "generalAndAdministrativeExpenses": 0,
    "sellingAndMarketingExpenses": 0,
    "sellingGeneralAndAdministrativeExpenses": 928600000,
    "otherExpenses": 0,
    "operatingExpenses": 1150900000,
    "costAndExpenses": 3440000000,
    "interestIncome": 66700000,
    "interestExpense": 108000000,
    "depreciationAndAmortization": 140400000,
    "ebitda": 1253900000,
    "ebitdaratio": 0.2800259056,
    "operatingIncome": 1037800000,
    "operatingIncomeRatio": 0.2317655992,
    "totalOtherIncomeExpensesNet": -32300000,
    "incomeBeforeTax": 1005600000,
    "incomeBeforeTaxRatio": 0.2245745679,
    "incomeTaxExpense": 228900000,
    "netIncome": 776700000,
    "netIncomeRatio": 0.1734557149,
    "eps": 1.8834,
    "epsdiluted": 1.8747,
    "weightedAverageShsOut": 412400000,
    "weightedAverageShsOutDil": 414300000,
    "link": "https://www.sec.gov/Archives/edgar/data/8670/000000867023000030/0000008670-23-000030-index.htm",
    "finalLink": "https://www.sec.gov/Archives/edgar/data/8670/000000867023000030/adp-20230630.htm"
  },
  {
    "date": "2023-03-31",
    "symbol": "ADP",
    "reportedCurrency": "USD",
    "cik": "0000008670",
    "fillingDate": "2023-05-01",
    "acceptedDate": "2023-05-01 12:35:43",
    "calendarYear": "2023",
    "period": "Q3",
    "revenue": 4927800000,
    "costOfRevenue": 2436800000,
    "grossProfit": 2491000000,
    "grossProfitRatio": 0.5054994115,
    "researchAndDevelopmentExpenses": 208600000,
    "generalAndAdministrativeExpenses": 0,
    "sellingAndMarketingExpenses": 0,
    "sellingGeneralAndAdministrativeExpenses": 916400000,
    "otherExpenses": 0,
    "operatingExpenses": 1125000000,
    "costAndExpenses": 3561800000,
    "interestIncome": 24100000,
    "interestExpense": 37200000,
    "depreciationAndAmortization": 137000000,
    "ebitda": 1538200000,
    "ebitdaratio": 0.3121474086,
    "operatingIncome": 1366000000,
    "operatingIncomeRatio": 0.2772028086,
    "totalOtherIncomeExpensesNet": -2000000,
    "incomeBeforeTax": 1364000000,
    "incomeBeforeTaxRatio": 0.2767969479,
    "incomeTaxExpense": 320900000,
    "netIncome": 1043100000,
    "netIncomeRatio": 0.2116766103,
    "eps": 2.5214,
    "epsdiluted": 2.5105,
    "weightedAverageShsOut": 413700000,
    "weightedAverageShsOutDil": 415500000,
    "link": "https://www.sec.gov/Archives/edgar/data/8670/000000867023000017/0000008670-23-000017-index.htm",
    "finalLink": "https://www.sec.gov/Archives/edgar/data/8670/000000867023000017/adp-20230331.htm"
  },
  {
    "date": "2022-12-31",
    "symbol": "ADP",
    "reportedCurrency": "USD",
    "cik": "0000008670",
    "fillingDate": "2023-02-02",
    "acceptedDate": "2023-02-02 14:37:14",
    "calendarYear": "2023",
    "period": "Q2",
    "revenue": 4391000000,
    "costOfRevenue": 2271300000,
    "grossProfit": 2119699999,
    "grossProfitRatio": 0.4827374172,
    "researchAndDevelopmentExpenses": 204200000,
    "generalAndAdministrativeExpenses": 0,
    "sellingAndMarketingExpenses": 0,
    "sellingGeneralAndAdministrativeExpenses": 830900000,
    "otherExpenses": 0,
    "operatingExpenses": 1035099999,
    "costAndExpenses": 3306400000,
    "interestIncome": 28900000,
    "interestExpense": 55900000,
    "depreciationAndAmortization": 136800000,
    "ebitda": 1250800000,
    "ebitdaratio": 0.284855386,
    "operatingIncome": 1084600000,
    "operatingIncomeRatio": 0.247005238,
    "totalOtherIncomeExpensesNet": -26500000,
    "incomeBeforeTax": 1058100000,
    "incomeBeforeTaxRatio": 0.2409701662,
    "incomeTaxExpense": 245000000,
    "netIncome": 813100000,
    "netIncomeRatio": 0.18517422,
    "eps": 1.9626,
    "epsdiluted": 1.9536,
    "weightedAverageShsOut": 414300000,
    "weightedAverageShsOutDil": 416200000,
    "link": "https://www.sec.gov/Archives/edgar/data/8670/000000867023000008/0000008670-23-000008-index.htm",
    "finalLink": "https://www.sec.gov/Archives/edgar/data/8670/000000867023000008/adp-20221231.htm"
  },
  {
    "date": "2022-09-30",
    "symbol": "ADP",
    "reportedCurrency": "USD",
    "cik": "0000008670",
    "fillingDate": "2022-11-02",
    "acceptedDate": "2022-11-02 11:53:10",
    "calendarYear": "2023",
    "period": "Q1",
    "revenue": 4215600000,
    "costOfRevenue": 2209500000,
    "grossProfit": 2006100000,
    "grossProfitRatio": 0.4758753202,
    "researchAndDevelopmentExpenses": 209800000,
    "generalAndAdministrativeExpenses": 0,
    "sellingAndMarketingExpenses": 0,
    "sellingGeneralAndAdministrativeExpenses": 774600000,
    "otherExpenses": 0,
    "operatingExpenses": 984400000,
    "costAndExpenses": 3193900000,
    "interestIncome": 29700000,
    "interestExpense": 52300000,
    "depreciationAndAmortization": 135100000,
    "ebitda": 1197400000,
    "ebitdaratio": 0.2840402315,
    "operatingIncome": 1021700000,
    "operatingIncomeRatio": 0.2423617041,
    "totalOtherIncomeExpensesNet": -11700000,
    "incomeBeforeTax": 1010000000,
    "incomeBeforeTaxRatio": 0.2395862985,
    "incomeTaxExpense": 231000000,
    "netIncome": 779000000,
    "netIncomeRatio": 0.1847898283,
    "eps": 1.8789,
    "epsdiluted": 1.8686,
    "weightedAverageShsOut": 414600000,
    "weightedAverageShsOutDil": 416900000,
    "link": "https://www.sec.gov/Archives/edgar/data/8670/000000867022000046/0000008670-22-000046-index.htm",
    "finalLink": "https://www.sec.gov/Archives/edgar/data/8670/000000867022000046/adp-20220930.htm"
  },
  {
    "date": "2022-06-30",
    "symbol": "ADP",
    "reportedCurrency": "USD",
    "cik": "0000008670",
    "fillingDate": "2022-08-03",
    "acceptedDate": "2022-08-03 14:16:38",
    "calendarYear": "2022",
    "period": "Q4",
    "revenue": 4127600000,
    "costOfRevenue": 2199100000,
    "grossProfit": 1928500000,
    "grossProfitRatio": 0.4672206609,
    "researchAndDevelopmentExpenses": 212800000,
    "generalAndAdministrativeExpenses": 0,
    "sellingAndMarketingExpenses": 0,
    "sellingGeneralAndAdministrativeExpenses": 888200000,
    "otherExpenses": 0,
    "operatingExpenses": 1101000000,
    "costAndExpenses": 3300100000,
    "interestIncome": 17100000,
    "interestExpense": 27700000,
    "depreciationAndAmortization": 130500000,
    "ebitda": 961500000,
    "ebitdaratio": 0.2329440837,
    "operatingIncome": 827500000,
    "operatingIncomeRatio": 0.2004796976,
    "totalOtherIncomeExpensesNet": -24200000,
    "incomeBeforeTax": 803300000,
    "incomeBeforeTaxRatio": 0.1946167264,
    "incomeTaxExpense": 177900000,
    "netIncome": 625400000,
    "netIncomeRatio": 0.1515166198,
    "eps": 1.5037,
    "epsdiluted": 1.4955,
    "weightedAverageShsOut": 415900000,
    "weightedAverageShsOutDil": 418200000,
    "link": "https://www.sec.gov/Archives/edgar/data/8670/000000867022000038/0000008670-22-000038-index.htm",
    "finalLink": "https://www.sec.gov/Archives/edgar/data/8670/000000867022000038/adp-20220630.htm"
  },
  {
    "date": "2022-03-31",
    "symbol": "ADP",
    "reportedCurrency": "USD",
    "cik": "0000008670",
    "fillingDate": "2022-04-29",
    "acceptedDate": "2022-04-29 11:43:53",
    "calendarYear": "2022",
    "period": "Q3",
    "revenue": 4513000000,
    "costOfRevenue": 2341500000,
    "grossProfit": 2171500000,
    "grossProfitRatio": 0.4811655218,
    "researchAndDevelopmentExpenses": 197300000,
    "generalAndAdministrativeExpenses": 0,
    "sellingAndMarketingExpenses": 0,
    "sellingGeneralAndAdministrativeExpenses": 790900000,
    "otherExpenses": 0,
    "operatingExpenses": 988200000,
    "costAndExpenses": 3329700000,
    "interestIncome": 5600000,
    "interestExpense": 17300000,
    "depreciationAndAmortization": 129000000,
    "ebitda": 1336200000,
    "ebitdaratio": 0.2960779969,
    "operatingIncome": 1183300000,
    "operatingIncomeRatio": 0.2621980944,
    "totalOtherIncomeExpensesNet": 6600000,
    "incomeBeforeTax": 1189900000,
    "incomeBeforeTaxRatio": 0.2636605362,
    "incomeTaxExpense": 261400000,
    "netIncome": 928500000,
    "netIncomeRatio": 0.2057389763,
    "eps": 2.2208,
    "epsdiluted": 2.2097,
    "weightedAverageShsOut": 418100000,
    "weightedAverageShsOutDil": 420200000,
    "link": "https://www.sec.gov/Archives/edgar/data/8670/000000867022000023/0000008670-22-000023-index.htm",
    "finalLink": "https://www.sec.gov/Archives/edgar/data/8670/000000867022000023/adp-20220331.htm"
  },
  {
    "date": "2021-12-31",
    "symbol": "ADP",
    "reportedCurrency": "USD",
    "cik": "0000008670",
    "fillingDate": "2022-01-31",
    "acceptedDate": "2022-01-31 15:19:08",
    "calendarYear": "2022",
    "period": "Q2",
    "revenue": 4025400000,
    "costOfRevenue": 2167200000,
    "grossProfit": 1858200000,
    "grossProfitRatio": 0.4616187211,
    "researchAndDevelopmentExpenses": 199700000,
    "generalAndAdministrativeExpenses": 0,
    "sellingAndMarketingExpenses": 0,
    "sellingGeneralAndAdministrativeExpenses": 756600000,
    "otherExpenses": 0,
    "operatingExpenses": 956300000,
    "costAndExpenses": 3123500000,
    "interestIncome": 8500000,
    "interestExpense": 18400000,
    "depreciationAndAmortization": 126500000,
    "ebitda": 1055000000,
    "ebitdaratio": 0.2620857555,
    "operatingIncome": 901900000,
    "operatingIncomeRatio": 0.2240522681,
    "totalOtherIncomeExpensesNet": 8200000,
    "incomeBeforeTax": 910100000,
    "incomeBeforeTaxRatio": 0.2260893327,
    "incomeTaxExpense": 215700000,
    "netIncome": 694400000,
    "netIncomeRatio": 0.1725045958,
    "eps": 1.6541,
    "epsdiluted": 1.6455,
    "weightedAverageShsOut": 419800000,
    "weightedAverageShsOutDil": 422000000,
    "link": "https://www.sec.gov/Archives/edgar/data/8670/000000867022000014/0000008670-22-000014-index.htm",
    "finalLink": "https://www.sec.gov/Archives/edgar/data/8670/000000867022000014/adp-20211231.htm"
  },
  {
    "date": "2021-09-30",
    "symbol": "ADP",
    "reportedCurrency": "USD",
    "cik": "0000008670",
    "fillingDate": "2021-10-29",
    "acceptedDate": "2021-10-29 11:51:44",
    "calendarYear": "2022",
    "period": "Q1",
    "revenue": 3832300000,
    "costOfRevenue": 2059900000,
    "grossProfit": 1772400000,
    "grossProfitRatio": 0.4624898886,
    "researchAndDevelopmentExpenses": 188800000,
    "generalAndAdministrativeExpenses": 0,
    "sellingAndMarketingExpenses": 0,
    "sellingGeneralAndAdministrativeExpenses": 693100000,
    "otherExpenses": 0,
    "operatingExpenses": 881900000,
    "costAndExpenses": 2941800000,
    "interestIncome": 9700000,
    "interestExpense": 18500000,
    "depreciationAndAmortization": 129100000,
    "ebitda": 1048400000,
    "ebitdaratio": 0.273569397,
    "operatingIncome": 890500000,
    "operatingIncomeRatio": 0.2323669859,
    "totalOtherIncomeExpensesNet": 10300000,
    "incomeBeforeTax": 900800000,
    "incomeBeforeTaxRatio": 0.2350546669,
    "incomeTaxExpense": 200300000,
    "netIncome": 700500000,
    "netIncomeRatio": 0.1827884038,
    "eps": 1.6623,
    "epsdiluted": 1.6529,
    "weightedAverageShsOut": 421400000,
    "weightedAverageShsOutDil": 423800000,
    "link": "https://www.sec.gov/Archives/edgar/data/8670/000000867021000035/0000008670-21-000035-index.htm",
    "finalLink": "https://www.sec.gov/Archives/edgar/data/8670/000000867021000035/adp-20210930.htm"
  },
  {
    "date": "2021-06-30",
    "symbol": "ADP",
    "reportedCurrency": "USD",
    "cik": "0000008670",
    "fillingDate": "2021-08-04",
    "acceptedDate": "2021-08-04 14:06:37",
    "calendarYear": "2021",
    "period": "Q4",
    "revenue": 3736900000,
    "costOfRevenue": 2037100000,
    "grossProfit": 1699800000,
    "grossProfitRatio": 0.4548690091,
    "researchAndDevelopmentExpenses": 194900000,
    "generalAndAdministrativeExpenses": 0,
    "sellingAndMarketingExpenses": 0,
    "sellingGeneralAndAdministrativeExpenses": 814200000,
    "otherExpenses": 0,
    "operatingExpenses": 1009100000,
    "costAndExpenses": 3046200000,
    "interestIncome": 7500000,
    "interestExpense": 17200000,
    "depreciationAndAmortization": 126000000,
    "ebitda": 840300000,
    "ebitdaratio": 0.2248655303,
    "operatingIncome": 690700000,
    "operatingIncomeRatio": 0.1848323477,
    "totalOtherIncomeExpensesNet": 6400000,
    "incomeBeforeTax": 697100000,
    "incomeBeforeTaxRatio": 0.1865449972,
    "incomeTaxExpense": 158900000,
    "netIncome": 538200000,
    "netIncomeRatio": 0.1440231208,
    "eps": 1.2708,
    "epsdiluted": 1.2637,
    "weightedAverageShsOut": 423500000,
    "weightedAverageShsOutDil": 425900000,
    "link": "https://www.sec.gov/Archives/edgar/data/8670/000000867021000027/0000008670-21-000027-index.htm",
    "finalLink": "https://www.sec.gov/Archives/edgar/data/8670/000000867021000027/adp-20210630.htm"
  },
  {
    "date": "2021-03-31",
    "symbol": "ADP",
    "reportedCurrency": "USD",
    "cik": "0000008670",
    "fillingDate": "2021-04-30",
    "acceptedDate": "2021-04-30 12:22:42",
    "calendarYear": "2021",
    "period": "Q3",
    "revenue": 4102000000,
    "costOfRevenue": 2126400000,
    "grossProfit": 1975600000,
    "grossProfitRatio": 0.4816187226,
    "researchAndDevelopmentExpenses": 178600000,
    "generalAndAdministrativeExpenses": 0,
    "sellingAndMarketingExpenses": 0,
    "sellingGeneralAndAdministrativeExpenses": 736100000,
    "otherExpenses": 0,
    "operatingExpenses": 914700000,
    "costAndExpenses": 3041100000,
    "interestIncome": 4700000,
    "interestExpense": 13500000,
    "depreciationAndAmortization": 126900000,
    "ebitda": 1206600000,
    "ebitdaratio": 0.2941491955,
    "operatingIncome": 1060900000,
    "operatingIncomeRatio": 0.2586299366,
    "totalOtherIncomeExpensesNet": 5299999,
    "incomeBeforeTax": 1066200000,
    "incomeBeforeTaxRatio": 0.2599219893,
    "incomeTaxExpense": 255500000,
    "netIncome": 810700000,
    "netIncomeRatio": 0.1976352999,
    "eps": 1.904,
    "epsdiluted": 1.8955,
    "weightedAverageShsOut": 425800000,
    "weightedAverageShsOutDil": 427700000,
    "link": "https://www.sec.gov/Archives/edgar/data/8670/000000867021000014/0000008670-21-000014-index.htm",
    "finalLink": "https://www.sec.gov/Archives/edgar/data/8670/000000867021000014/adp-20210331.htm"
  },
  {
    "date": "2020-12-31",
    "symbol": "ADP",
    "reportedCurrency": "USD",
    "cik": "0000008670",
    "fillingDate": "2021-02-01",
    "acceptedDate": "2021-02-01 15:25:31",
    "calendarYear": "2021",
    "period": "Q2",
    "revenue": 3695700000,
    "costOfRevenue": 1974500000,
    "grossProfit": 1721200000,
    "grossProfitRatio": 0.4657304435,
    "researchAndDevelopmentExpenses": 174500000,
    "generalAndAdministrativeExpenses": 0,
    "sellingAndMarketingExpenses": 0,
    "sellingGeneralAndAdministrativeExpenses": 729200000,
    "otherExpenses": 0,
    "operatingExpenses": 903700000,
    "costAndExpenses": 2878200000,
    "interestIncome": 10400000,
    "interestExpense": 13900000,
    "depreciationAndAmortization": 126700000,
    "ebitda": 973200000,
    "ebitdaratio": 0.2633330627,
    "operatingIncome": 817500000,
    "operatingIncomeRatio": 0.2212030197,
    "totalOtherIncomeExpensesNet": 15100000,
    "incomeBeforeTax": 832600000,
    "incomeBeforeTaxRatio": 0.2252888492,
    "incomeTaxExpense": 185100000,
    "netIncome": 647500000,
    "netIncomeRatio": 0.175203615,
    "eps": 1.515,
    "epsdiluted": 1.5093,
    "weightedAverageShsOut": 427400000,
    "weightedAverageShsOutDil": 429000000,
    "link": "https://www.sec.gov/Archives/edgar/data/8670/000000867021000007/0000008670-21-000007-index.htm",
    "finalLink": "https://www.sec.gov/Archives/edgar/data/8670/000000867021000007/adp-20201231.htm"
  },
  {
    "date": "2020-09-30",
    "symbol": "ADP",
    "reportedCurrency": "USD",
    "cik": "0000008670",
    "fillingDate": "2020-10-30",
    "acceptedDate": "2020-10-30 12:09:46",
    "calendarYear": "2021",
    "period": "Q1",
    "revenue": 3470700000,
    "costOfRevenue": 1893200000,
    "grossProfit": 1577500000,
    "grossProfitRatio": 0.4545192612,
    "researchAndDevelopmentExpenses": 168700000,
    "generalAndAdministrativeExpenses": 0,
    "sellingAndMarketingExpenses": 0,
    "sellingGeneralAndAdministrativeExpenses": 653400000,
    "otherExpenses": 0,
    "operatingExpenses": 822100000,
    "costAndExpenses": 2715300000,
    "interestIncome": 13800000,
    "interestExpense": 15100000,
    "depreciationAndAmortization": 131100000,
    "ebitda": 911400000,
    "ebitdaratio": 0.2625983231,
    "operatingIncome": 755400000,
    "operatingIncomeRatio": 0.217650618,
    "totalOtherIncomeExpensesNet": 9800000,
    "incomeBeforeTax": 765200000,
    "incomeBeforeTaxRatio": 0.2204742559,
    "incomeTaxExpense": 163100000,
    "netIncome": 602100000,
    "netIncomeRatio": 0.173480854,
    "eps": 1.4048,
    "epsdiluted": 1.4002,
    "weightedAverageShsOut": 428600000,
    "weightedAverageShsOutDil": 430000000,
    "link": "https://www.sec.gov/Archives/edgar/data/8670/000000867020000038/0000008670-20-000038-index.htm",
    "finalLink": "https://www.sec.gov/Archives/edgar/data/8670/000000867020000038/adp-20200930.htm"
  },
  {
    "date": "2020-06-30",
    "symbol": "ADP",
    "reportedCurrency": "USD",
    "cik": "0000008670",
    "fillingDate": "2020-08-05",
    "acceptedDate": "2020-08-05 17:28:42",
    "calendarYear": "2020",
    "period": "Q4",
    "revenue": 3376800000,
    "costOfRevenue": 1930900000,
    "grossProfit": 1445900000,
    "grossProfitRatio": 0.4281864487,
    "researchAndDevelopmentExpenses": 165100000,
    "generalAndAdministrativeExpenses": 0,
    "sellingAndMarketingExpenses": 0,
    "sellingGeneralAndAdministrativeExpenses": 736800000,
    "otherExpenses": 0,
    "operatingExpenses": 901900000,
    "costAndExpenses": 2832800000,
    "interestIncome": 14500000,
    "interestExpense": 15600000,
    "depreciationAndAmortization": 124500000,
    "ebitda": 671400000,
    "ebitdaratio": 0.1988272921,
    "operatingIncome": 544000000,
    "operatingIncomeRatio": 0.1610992656,
    "totalOtherIncomeExpensesNet": -12700000,
    "incomeBeforeTax": 531300000,
    "incomeBeforeTaxRatio": 0.1573383085,
    "incomeTaxExpense": 119800000,
    "netIncome": 411500000,
    "netIncomeRatio": 0.1218609334,
    "eps": 0.959,
    "epsdiluted": 0.9556,
    "weightedAverageShsOut": 429100000,
    "weightedAverageShsOutDil": 430600000,
    "link": "https://www.sec.gov/Archives/edgar/data/8670/000000867020000032/0000008670-20-000032-index.htm",
    "finalLink": "https://www.sec.gov/Archives/edgar/data/8670/000000867020000032/adp-20200630.htm"
  },
  {
    "date": "2020-03-31",
    "symbol": "ADP",
    "reportedCurrency": "USD",
    "cik": "0000008670",
    "fillingDate": "2020-05-01",
    "acceptedDate": "2020-05-01 15:49:44",
    "calendarYear": "2020",
    "period": "Q3",
    "revenue": 4047800000,
    "costOfRevenue": 2094699999,
    "grossProfit": 1953100000,
    "grossProfitRatio": 0.4825090172,
    "researchAndDevelopmentExpenses": 172100000,
    "generalAndAdministrativeExpenses": 0,
    "sellingAndMarketingExpenses": 0,
    "sellingGeneralAndAdministrativeExpenses": 728900000,
    "otherExpenses": 0,
    "operatingExpenses": 901000000,
    "costAndExpenses": 2995700000,
    "interestIncome": 12100000,
    "interestExpense": 20000000,
    "depreciationAndAmortization": 120600000,
    "ebitda": 1217300000,
    "ebitdaratio": 0.3007312614,
    "operatingIncome": 1052099999,
    "operatingIncomeRatio": 0.2599189681,
    "totalOtherIncomeExpensesNet": 24600000,
    "incomeBeforeTax": 1076700000,
    "incomeBeforeTaxRatio": 0.2659963437,
    "incomeTaxExpense": 255800000,
    "netIncome": 820900000,
    "netIncomeRatio": 0.2028015218,
    "eps": 1.9091,
    "epsdiluted": 1.9011,
    "weightedAverageShsOut": 430000000,
    "weightedAverageShsOutDil": 431800000,
    "link": "https://www.sec.gov/Archives/edgar/data/8670/000000867020000020/0000008670-20-000020-index.htm",
    "finalLink": "https://www.sec.gov/Archives/edgar/data/8670/000000867020000020/adp-20200331.htm"
  },
  {
    "date": "2019-12-31",
    "symbol": "ADP",
    "reportedCurrency": "USD",
    "cik": "0000008670",
    "fillingDate": "2020-01-31",
    "acceptedDate": "2020-01-31 14:47:28",
    "calendarYear": "2020",
    "period": "Q2",
    "revenue": 3669500000,
    "costOfRevenue": 1953600000,
    "grossProfit": 1715900000,
    "grossProfitRatio": 0.4676113912,
    "researchAndDevelopmentExpenses": 168700000,
    "generalAndAdministrativeExpenses": 0,
    "sellingAndMarketingExpenses": 0,
    "sellingGeneralAndAdministrativeExpenses": 728400000,
    "otherExpenses": 0,
    "operatingExpenses": 897100000,
    "costAndExpenses": 2850700000,
    "interestIncome": 25700000,
    "interestExpense": 31600000,
    "depreciationAndAmortization": 117600000,
    "ebitda": 984700000,
    "ebitdaratio": 0.2683471863,
    "operatingIncome": 818800000,
    "operatingIncomeRatio": 0.2231366671,
    "totalOtherIncomeExpensesNet": 16700000,
    "incomeBeforeTax": 835500000,
    "incomeBeforeTaxRatio": 0.2276876959,
    "incomeTaxExpense": 183900000,
    "netIncome": 651600000,
    "netIncomeRatio": 0.1775718763,
    "eps": 1.5101,
    "epsdiluted": 1.5038,
    "weightedAverageShsOut": 431500000,
    "weightedAverageShsOutDil": 433300000,
    "link": "https://www.sec.gov/Archives/edgar/data/8670/000000867020000007/0000008670-20-000007-index.htm",
    "finalLink": "https://www.sec.gov/Archives/edgar/data/8670/000000867020000007/q2fy2010q.htm"
  },
  {
    "date": "2019-09-30",
    "symbol": "ADP",
    "reportedCurrency": "USD",
    "cik": "0000008670",
    "fillingDate": "2019-11-04",
    "acceptedDate": "2019-11-04 15:17:10",
    "calendarYear": "2020",
    "period": "Q1",
    "revenue": 3495700000,
    "costOfRevenue": 1905000000,
    "grossProfit": 1590700000,
    "grossProfitRatio": 0.4550447693,
    "researchAndDevelopmentExpenses": 168200000,
    "generalAndAdministrativeExpenses": 0,
    "sellingAndMarketingExpenses": 0,
    "sellingGeneralAndAdministrativeExpenses": 698100000,
    "otherExpenses": 0,
    "operatingExpenses": 866300000,
    "costAndExpenses": 2771300000,
    "interestIncome": 32299999,
    "interestExpense": 39900000,
    "depreciationAndAmortization": 117300000,
    "ebitda": 896300000,
    "ebitdaratio": 0.2564007209,
    "operatingIncome": 724400000,
    "operatingIncomeRatio": 0.2072260205,
    "totalOtherIncomeExpensesNet": 14700000,
    "incomeBeforeTax": 739100000,
    "incomeBeforeTaxRatio": 0.2114311869,
    "incomeTaxExpense": 156700000,
    "netIncome": 582400000,
    "netIncomeRatio": 0.1666046858,
    "eps": 1.346,
    "epsdiluted": 1.3376,
    "weightedAverageShsOut": 432700000,
    "weightedAverageShsOutDil": 435400000,
    "link": "https://www.sec.gov/Archives/edgar/data/8670/000000867019000027/0000008670-19-000027-index.htm",
    "finalLink": "https://www.sec.gov/Archives/edgar/data/8670/000000867019000027/q1fy2010q.htm"
  },
  {
    "date": "2019-06-30",
    "symbol": "ADP",
    "reportedCurrency": "USD",
    "cik": "0000008670",
    "fillingDate": "2019-08-09",
    "acceptedDate": "2019-08-09 16:04:22",
    "calendarYear": "2019",
    "period": "Q4",
    "revenue": 3498700000,
    "costOfRevenue": 1884900000,
    "grossProfit": 1613800000,
    "grossProfitRatio": 0.4612570383,
    "researchAndDevelopmentExpenses": 162100000,
    "generalAndAdministrativeExpenses": 0,
    "sellingAndMarketingExpenses": 0,
    "sellingGeneralAndAdministrativeExpenses": 831400000,
    "otherExpenses": 0,
    "operatingExpenses": 993500000,
    "costAndExpenses": 2878400000,
    "interestIncome": 26000000,
    "interestExpense": 33700000,
    "depreciationAndAmortization": 109400000,
    "ebitda": 776400000,
    "ebitdaratio": 0.2219109955,
    "operatingIncome": 620300000,
    "operatingIncomeRatio": 0.1772944236,
    "totalOtherIncomeExpensesNet": 13000000,
    "incomeBeforeTax": 633300000,
    "incomeBeforeTaxRatio": 0.1810100895,
    "incomeTaxExpense": 157800000,
    "netIncome": 475500000,
    "netIncomeRatio": 0.1359076228,
    "eps": 1.1,
    "epsdiluted": 1.09,
    "weightedAverageShsOut": 433500000,
    "weightedAverageShsOutDil": 436200000,
    "link": "https://www.sec.gov/Archives/edgar/data/8670/000000867019000021/0000008670-19-000021-index.htm",
    "finalLink": "https://www.sec.gov/Archives/edgar/data/8670/000000867019000021/q4fy1910k.htm"
  },
  {
    "date": "2019-03-31",
    "symbol": "ADP",
    "reportedCurrency": "USD",
    "cik": "0000008670",
    "fillingDate": "2019-05-03",
    "acceptedDate": "2019-05-03 11:48:54",
    "calendarYear": "2019",
    "period": "Q3",
    "revenue": 3828200000,
    "costOfRevenue": 1958400000,
    "grossProfit": 1869800000,
    "grossProfitRatio": 0.4884279818,
    "researchAndDevelopmentExpenses": 160100000,
    "generalAndAdministrativeExpenses": 0,
    "sellingAndMarketingExpenses": 0,
    "sellingGeneralAndAdministrativeExpenses": 724500000,
    "otherExpenses": 0,
    "operatingExpenses": 884600000,
    "costAndExpenses": 2843000000,
    "interestIncome": 15000000,
    "interestExpense": 21700000,
    "depreciationAndAmortization": 103100000,
    "ebitda": 1109300000,
    "ebitdaratio": 0.2897706494,
    "operatingIncome": 985200000,
    "operatingIncomeRatio": 0.2573533253,
    "totalOtherIncomeExpensesNet": -700000,
    "incomeBeforeTax": 984500000,
    "incomeBeforeTaxRatio": 0.2571704718,
    "incomeTaxExpense": 230800000,
    "netIncome": 753700000,
    "netIncomeRatio": 0.1968810407,
    "eps": 1.7362,
    "epsdiluted": 1.7263,
    "weightedAverageShsOut": 434100000,
    "weightedAverageShsOutDil": 436600000,
    "link": "https://www.sec.gov/Archives/edgar/data/8670/000000867019000013/0000008670-19-000013-index.htm",
    "finalLink": "https://www.sec.gov/Archives/edgar/data/8670/000000867019000013/q3fy1910q.htm"
  },
  {
    "date": "2018-12-31",
    "symbol": "ADP",
    "reportedCurrency": "USD",
    "cik": "0000008670",
    "fillingDate": "2019-01-31",
    "acceptedDate": "2019-01-31 14:32:17",
    "calendarYear": "2019",
    "period": "Q2",
    "revenue": 3492400000,
    "costOfRevenue": 1869900000,
    "grossProfit": 1622500000,
    "grossProfitRatio": 0.4645802314,
    "researchAndDevelopmentExpenses": 156100000,
    "generalAndAdministrativeExpenses": 0,
    "sellingAndMarketingExpenses": 0,
    "sellingGeneralAndAdministrativeExpenses": 716100000,
    "otherExpenses": 0,
    "operatingExpenses": 872200000,
    "costAndExpenses": 2742100000,
    "interestIncome": 28100000,
    "interestExpense": 38600000,
    "depreciationAndAmortization": 97500000,
    "ebitda": 877100000,
    "ebitdaratio": 0.2511453442,
    "operatingIncome": 750300000,
    "operatingIncomeRatio": 0.2148379338,
    "totalOtherIncomeExpensesNet": -9300000,
    "incomeBeforeTax": 741000000,
    "incomeBeforeTaxRatio": 0.2121750086,
    "incomeTaxExpense": 182800000,
    "netIncome": 558200000,
    "netIncomeRatio": 0.1598327798,
    "eps": 1.2812,
    "epsdiluted": 1.2744,
    "weightedAverageShsOut": 435700000,
    "weightedAverageShsOutDil": 438000000,
    "link": "https://www.sec.gov/Archives/edgar/data/8670/000000867019000005/0000008670-19-000005-index.htm",
    "finalLink": "https://www.sec.gov/Archives/edgar/data/8670/000000867019000005/q2fy1910q.htm"
  },
  {
    "date": "2018-09-30",
    "symbol": "ADP",
    "reportedCurrency": "USD",
    "cik": "0000008670",
    "fillingDate": "2018-11-01",
    "acceptedDate": "2018-11-01 16:53:24",
    "calendarYear": "2019",
    "period": "Q1",
    "revenue": 3310300000,
    "costOfRevenue": 1796000000,
    "grossProfit": 1514300000,
    "grossProfitRatio": 0.4574509863,
    "researchAndDevelopmentExpenses": 158000000,
    "generalAndAdministrativeExpenses": 0,
    "sellingAndMarketingExpenses": 0,
    "sellingGeneralAndAdministrativeExpenses": 687500000,
    "otherExpenses": 0,
    "operatingExpenses": 845500000,
    "costAndExpenses": 2641500000,
    "interestIncome": 28500000,
    "interestExpense": 35900000,
    "depreciationAndAmortization": 99000000,
    "ebitda": 781700000,
    "ebitdaratio": 0.2361417394,
    "operatingIncome": 668800000,
    "operatingIncomeRatio": 0.2020360692,
    "totalOtherIncomeExpensesNet": -22000000,
    "incomeBeforeTax": 646800000,
    "incomeBeforeTaxRatio": 0.1953901459,
    "incomeTaxExpense": 141400000,
    "netIncome": 505400000,
    "netIncomeRatio": 0.1526749841,
    "eps": 1.157,
    "epsdiluted": 1.1489,
    "weightedAverageShsOut": 436800000,
    "weightedAverageShsOutDil": 439900000,
    "link": "https://www.sec.gov/Archives/edgar/data/8670/000000867018000017/0000008670-18-000017-index.htm",
    "finalLink": "https://www.sec.gov/Archives/edgar/data/8670/000000867018000017/q1fy1910q.htm"
  },
  {
    "date": "2018-06-30",
    "symbol": "ADP",
    "reportedCurrency": "USD",
    "cik": "0000008670",
    "fillingDate": "2018-08-03",
    "acceptedDate": "2018-08-03 16:50:24",
    "calendarYear": "2018",
    "period": "Q4",
    "revenue": 3316200000,
    "costOfRevenue": 1815300000,
    "grossProfit": 1500900000,
    "grossProfitRatio": 0.4525963452,
    "researchAndDevelopmentExpenses": 153900000,
    "generalAndAdministrativeExpenses": 0,
    "sellingAndMarketingExpenses": 0,
    "sellingGeneralAndAdministrativeExpenses": 771900000,
    "otherExpenses": 0,
    "operatingExpenses": 925800000,
    "costAndExpenses": 2741100000,
    "interestIncome": 24100000,
    "interestExpense": 28600000,
    "depreciationAndAmortization": 99300000,
    "ebitda": 382800000,
    "ebitdaratio": 0.1154333273,
    "operatingIncome": 575100000,
    "operatingIncomeRatio": 0.1734213859,
    "totalOtherIncomeExpensesNet": -320200000,
    "incomeBeforeTax": 204500000,
    "incomeBeforeTaxRatio": 0.0616669682,
    "incomeTaxExpense": 95800000,
    "netIncome": 108700000,
    "netIncomeRatio": 0.0327784814,
    "eps": 0.3217,
    "epsdiluted": 0.32,
    "weightedAverageShsOut": 438000000,
    "weightedAverageShsOutDil": 440900000,
    "link": "https://www.sec.gov/Archives/edgar/data/8670/000000867018000011/0000008670-18-000011-index.htm",
    "finalLink": "https://www.sec.gov/Archives/edgar/data/8670/000000867018000011/q4fy1810k.htm"
  },
  {
    "date": "2018-03-31",
    "symbol": "ADP",
    "reportedCurrency": "USD",
    "cik": "0000008670",
    "fillingDate": "2018-05-04",
    "acceptedDate": "2018-05-04 10:30:40",
    "calendarYear": "2018",
    "period": "Q3",
    "revenue": 3696000000,
    "costOfRevenue": 1941500000,
    "grossProfit": 1754500000,
    "grossProfitRatio": 0.474702381,
    "researchAndDevelopmentExpenses": 163900000,
    "generalAndAdministrativeExpenses": 0,
    "sellingAndMarketingExpenses": 0,
    "sellingGeneralAndAdministrativeExpenses": 712200000,
    "otherExpenses": 0,
    "operatingExpenses": 876100000,
    "costAndExpenses": 2817600000,
    "interestIncome": 11000000,
    "interestExpense": 18600000,
    "depreciationAndAmortization": 96300000,
    "ebitda": 990100000,
    "ebitdaratio": 0.2678841991,
    "operatingIncome": 878400000,
    "operatingIncomeRatio": 0.2376623377,
    "totalOtherIncomeExpensesNet": -3200000,
    "incomeBeforeTax": 852600000,
    "incomeBeforeTaxRatio": 0.2306818182,
    "incomeTaxExpense": 209500000,
    "netIncome": 643100000,
    "netIncomeRatio": 0.1739989177,
    "eps": 1.5,
    "epsdiluted": 1.49,
    "weightedAverageShsOut": 441000000,
    "weightedAverageShsOutDil": 443400000,
    "link": "https://www.sec.gov/Archives/edgar/data/8670/000000867018000007/0000008670-18-000007-index.htm",
    "finalLink": "https://www.sec.gov/Archives/edgar/data/8670/000000867018000007/q3fy1810q.htm"
  },
  {
    "date": "2017-12-31",
    "symbol": "ADP",
    "reportedCurrency": "USD",
    "cik": "0000008670",
    "fillingDate": "2018-02-01",
    "acceptedDate": "2018-02-01 16:21:30",
    "calendarYear": "2018",
    "period": "Q2",
    "revenue": 3238300000,
    "costOfRevenue": 1804000000,
    "grossProfit": 1434300000,
    "grossProfitRatio": 0.4429175802,
    "researchAndDevelopmentExpenses": 159400000,
    "generalAndAdministrativeExpenses": 0,
    "sellingAndMarketingExpenses": 0,
    "sellingGeneralAndAdministrativeExpenses": 700400000,
    "otherExpenses": 0,
    "operatingExpenses": 859800000,
    "costAndExpenses": 2663800000,
    "interestIncome": 22700000,
    "interestExpense": 27500000,
    "depreciationAndAmortization": 94800000,
    "ebitda": 709800000,
    "ebitdaratio": 0.2191890807,
    "operatingIncome": 574500000,
    "operatingIncomeRatio": 0.1774078992,
    "totalOtherIncomeExpensesNet": 13000000,
    "incomeBeforeTax": 565700000,
    "incomeBeforeTaxRatio": 0.174690424,
    "incomeTaxExpense": 98200000,
    "netIncome": 467500000,
    "netIncomeRatio": 0.144365871,
    "eps": 1.52,
    "epsdiluted": 1.51,
    "weightedAverageShsOut": 441300000,
    "weightedAverageShsOutDil": 443700000,
    "link": "https://www.sec.gov/Archives/edgar/data/8670/000000867018000003/0000008670-18-000003-index.htm",
    "finalLink": "https://www.sec.gov/Archives/edgar/data/8670/000000867018000003/q2fy1810q.htm"
  },
  {
    "date": "2017-09-30",
    "symbol": "ADP",
    "reportedCurrency": "USD",
    "cik": "0000008670",
    "fillingDate": "2017-11-02",
    "acceptedDate": "2017-11-02 16:57:30",
    "calendarYear": "2018",
    "period": "Q1",
    "revenue": 3077200000,
    "costOfRevenue": 1717900000,
    "grossProfit": 1359300000,
    "grossProfitRatio": 0.4417327441,
    "researchAndDevelopmentExpenses": 158200000,
    "generalAndAdministrativeExpenses": 0,
    "sellingAndMarketingExpenses": 0,
    "sellingGeneralAndAdministrativeExpenses": 647500000,
    "otherExpenses": 0,
    "operatingExpenses": 805700000,
    "costAndExpenses": 2523600000,
    "interestIncome": 25800000,
    "interestExpense": 28000000,
    "depreciationAndAmortization": 87200000,
    "ebitda": 680100000,
    "ebitdaratio": 0.2210126089,
    "operatingIncome": 553600000,
    "operatingIncomeRatio": 0.1799038087,
    "totalOtherIncomeExpensesNet": 11300000,
    "incomeBeforeTax": 548200000,
    "incomeBeforeTaxRatio": 0.1781489666,
    "incomeTaxExpense": 146700000,
    "netIncome": 401500000,
    "netIncomeRatio": 0.1304757572,
    "eps": 0.93,
    "epsdiluted": 0.93,
    "weightedAverageShsOut": 442200000,
    "weightedAverageShsOutDil": 445000000,
    "link": "https://www.sec.gov/Archives/edgar/data/8670/000000867017000012/0000008670-17-000012-index.htm",
    "finalLink": "https://www.sec.gov/Archives/edgar/data/8670/000000867017000012/q1fy1810q.htm"
  },
  {
    "date": "2017-06-30",
    "symbol": "ADP",
    "reportedCurrency": "USD",
    "cik": "0000008670",
    "fillingDate": "2017-08-04",
    "acceptedDate": "2017-08-04 16:22:32",
    "calendarYear": "2017",
    "period": "Q4",
    "revenue": 3064800000,
    "costOfRevenue": 1705000000,
    "grossProfit": 1359800000,
    "grossProfitRatio": 0.4436831115,
    "researchAndDevelopmentExpenses": 166900000,
    "generalAndAdministrativeExpenses": 0,
    "sellingAndMarketingExpenses": 0,
    "sellingGeneralAndAdministrativeExpenses": 755000000,
    "otherExpenses": 0,
    "operatingExpenses": 921900000,
    "costAndExpenses": 2626900000,
    "interestIncome": 22300000,
    "interestExpense": 22900000,
    "depreciationAndAmortization": 82500000,
    "ebitda": 493800000,
    "ebitdaratio": 0.1611198121,
    "operatingIncome": 437900000,
    "operatingIncomeRatio": 0.142880449,
    "totalOtherIncomeExpensesNet": -49500000,
    "incomeBeforeTax": 388400000,
    "incomeBeforeTaxRatio": 0.1267293135,
    "incomeTaxExpense": 122600000,
    "netIncome": 265800000,
    "netIncomeRatio": 0.0867267032,
    "eps": 0.6,
    "epsdiluted": 0.59,
    "weightedAverageShsOut": 444300000,
    "weightedAverageShsOutDil": 447100000,
    "link": "https://www.sec.gov/Archives/edgar/data/8670/000000867017000010/0000008670-17-000010-index.htm",
    "finalLink": "https://www.sec.gov/Archives/edgar/data/8670/000000867017000010/q4fy1710k.htm"
  },
  {
    "date": "2017-03-31",
    "symbol": "ADP",
    "reportedCurrency": "USD",
    "cik": "0000008670",
    "fillingDate": "2017-05-04",
    "acceptedDate": "2017-05-04 14:35:22",
    "calendarYear": "2017",
    "period": "Q3",
    "revenue": 3410800000,
    "costOfRevenue": 1779100000,
    "grossProfit": 1631700000,
    "grossProfitRatio": 0.4783921661,
    "researchAndDevelopmentExpenses": 153300000,
    "generalAndAdministrativeExpenses": 0,
    "sellingAndMarketingExpenses": 0,
    "sellingGeneralAndAdministrativeExpenses": 643000000,
    "otherExpenses": 0,
    "operatingExpenses": 796300000,
    "costAndExpenses": 2575400000,
    "interestIncome": 10100000,
    "interestExpense": 16800000,
    "depreciationAndAmortization": 77600000,
    "ebitda": 922300000,
    "ebitdaratio": 0.2704057699,
    "operatingIncome": 835400000,
    "operatingIncomeRatio": 0.2449278762,
    "totalOtherIncomeExpensesNet": -7500000,
    "incomeBeforeTax": 827900000,
    "incomeBeforeTaxRatio": 0.2427289785,
    "incomeTaxExpense": 240000000,
    "netIncome": 587900000,
    "netIncomeRatio": 0.1723642547,
    "eps": 1.32,
    "epsdiluted": 1.31,
    "weightedAverageShsOut": 446500000,
    "weightedAverageShsOutDil": 449200000,
    "link": "https://www.sec.gov/Archives/edgar/data/8670/000000867017000005/0000008670-17-000005-index.htm",
    "finalLink": "https://www.sec.gov/Archives/edgar/data/8670/000000867017000005/q3fy1710-q.htm"
  },
  {
    "date": "2016-12-31",
    "symbol": "ADP",
    "reportedCurrency": "USD",
    "cik": "0000008670",
    "fillingDate": "2017-02-01",
    "acceptedDate": "2017-02-01 16:20:28",
    "calendarYear": "2017",
    "period": "Q2",
    "revenue": 2987300000,
    "costOfRevenue": 1638800000,
    "grossProfit": 1348500000,
    "grossProfitRatio": 0.4514109731,
    "researchAndDevelopmentExpenses": 152500000,
    "generalAndAdministrativeExpenses": 0,
    "sellingAndMarketingExpenses": 0,
    "sellingGeneralAndAdministrativeExpenses": 616100000,
    "otherExpenses": 0,
    "operatingExpenses": 768600000,
    "costAndExpenses": 2407400000,
    "interestIncome": 21300000,
    "interestExpense": 20500000,
    "depreciationAndAmortization": 78400000,
    "ebitda": 885100000,
    "ebitdaratio": 0.2962876176,
    "operatingIncome": 579900000,
    "operatingIncomeRatio": 0.1941217822,
    "totalOtherIncomeExpensesNet": 206300000,
    "incomeBeforeTax": 786200000,
    "incomeBeforeTaxRatio": 0.2631807987,
    "incomeTaxExpense": 275300000,
    "netIncome": 510900000,
    "netIncomeRatio": 0.1710240016,
    "eps": 1.1407,
    "epsdiluted": 1.1346,
    "weightedAverageShsOut": 447900000,
    "weightedAverageShsOutDil": 450300000,
    "link": "https://www.sec.gov/Archives/edgar/data/8670/000000867017000003/0000008670-17-000003-index.htm",
    "finalLink": "https://www.sec.gov/Archives/edgar/data/8670/000000867017000003/q2fy1710-q.htm"
  },
  {
    "date": "2016-09-30",
    "symbol": "ADP",
    "reportedCurrency": "USD",
    "cik": "0000008670",
    "fillingDate": "2016-11-03",
    "acceptedDate": "2016-11-03 15:42:56",
    "calendarYear": "2017",
    "period": "Q1",
    "revenue": 2916900000,
    "costOfRevenue": 1609100000,
    "grossProfit": 1307800000,
    "grossProfitRatio": 0.4483527032,
    "researchAndDevelopmentExpenses": 154900000,
    "generalAndAdministrativeExpenses": 0,
    "sellingAndMarketingExpenses": 0,
    "sellingGeneralAndAdministrativeExpenses": 587400000,
    "otherExpenses": 0,
    "operatingExpenses": 742300000,
    "costAndExpenses": 2351400000,
    "interestIncome": 22900000,
    "interestExpense": 19900000,
    "depreciationAndAmortization": 77600000,
    "ebitda": 626200000,
    "ebitdaratio": 0.2146799685,
    "operatingIncome": 565500000,
    "operatingIncomeRatio": 0.1938702047,
    "totalOtherIncomeExpensesNet": -36799999,
    "incomeBeforeTax": 528700000,
    "incomeBeforeTaxRatio": 0.1812540711,
    "incomeTaxExpense": 160000000,
    "netIncome": 368700000,
    "netIncomeRatio": 0.1264013165,
    "eps": 0.8152,
    "epsdiluted": 0.8098,
    "weightedAverageShsOut": 452300000,
    "weightedAverageShsOutDil": 455300000,
    "link": "https://www.sec.gov/Archives/edgar/data/8670/000000867016000059/0000008670-16-000059-index.htm",
    "finalLink": "https://www.sec.gov/Archives/edgar/data/8670/000000867016000059/q1fy1710-q.htm"
  },
  {
    "date": "2016-06-30",
    "symbol": "ADP",
    "reportedCurrency": "USD",
    "cik": "0000008670",
    "fillingDate": "2016-08-05",
    "acceptedDate": "2016-08-05 15:09:42",
    "calendarYear": "2016",
    "period": "Q4",
    "revenue": 2800900000,
    "costOfRevenue": 1698500000,
    "grossProfit": 1102400000,
    "grossProfitRatio": 0.3935877754,
    "researchAndDevelopmentExpenses": 0,
    "generalAndAdministrativeExpenses": 770300000,
    "sellingAndMarketingExpenses": 0,
    "sellingGeneralAndAdministrativeExpenses": 770300000,
    "otherExpenses": 0,
    "operatingExpenses": 770300000,
    "costAndExpenses": 2468800000,
    "interestIncome": 114100000,
    "interestExpense": 18100000,
    "depreciationAndAmortization": 73900000,
    "ebitda": 519000000,
    "ebitdaratio": 0.1852975829,
    "operatingIncome": 332100000,
    "operatingIncomeRatio": 0.1185690314,
    "totalOtherIncomeExpensesNet": -2400000,
    "incomeBeforeTax": 427000000,
    "incomeBeforeTaxRatio": 0.1524509979,
    "incomeTaxExpense": 145000000,
    "netIncome": 282000000,
    "netIncomeRatio": 0.1006819237,
    "eps": 0.62,
    "epsdiluted": 0.62,
    "weightedAverageShsOut": 453400000,
    "weightedAverageShsOutDil": 456100000,
    "link": "https://www.sec.gov/Archives/edgar/data/8670/000000867016000053/0000008670-16-000053-index.htm",
    "finalLink": "https://www.sec.gov/Archives/edgar/data/8670/000000867016000053/q4fy1610kinq4fy16.htm"
  },
  {
    "date": "2016-03-31",
    "symbol": "ADP",
    "reportedCurrency": "USD",
    "cik": "0000008670",
    "fillingDate": "2016-05-05",
    "acceptedDate": "2016-05-05 11:51:57",
    "calendarYear": "2016",
    "period": "Q3",
    "revenue": 3145800000,
    "costOfRevenue": 1812700000,
    "grossProfit": 1333100000,
    "grossProfitRatio": 0.4237713777,
    "researchAndDevelopmentExpenses": 0,
    "generalAndAdministrativeExpenses": 634400000,
    "sellingAndMarketingExpenses": 0,
    "sellingGeneralAndAdministrativeExpenses": 634400000,
    "otherExpenses": 0,
    "operatingExpenses": 634400000,
    "costAndExpenses": 2447100000,
    "interestIncome": 112500000,
    "interestExpense": 16300000,
    "depreciationAndAmortization": 73300000,
    "ebitda": 884400000,
    "ebitdaratio": 0.2811367538,
    "operatingIncome": 698700000,
    "operatingIncomeRatio": 0.2221056647,
    "totalOtherIncomeExpensesNet": -6700000,
    "incomeBeforeTax": 794800000,
    "incomeBeforeTaxRatio": 0.2526543328,
    "incomeTaxExpense": 262300000,
    "netIncome": 532500000,
    "netIncomeRatio": 0.1692733168,
    "eps": 1.17,
    "epsdiluted": 1.17,
    "weightedAverageShsOut": 454400000,
    "weightedAverageShsOutDil": 456900000,
    "link": "https://www.sec.gov/Archives/edgar/data/8670/000000867016000034/0000008670-16-000034-index.htm",
    "finalLink": "https://www.sec.gov/Archives/edgar/data/8670/000000867016000034/q3fy1610q.htm"
  },
  {
    "date": "2015-12-31",
    "symbol": "ADP",
    "reportedCurrency": "USD",
    "cik": "0000008670",
    "fillingDate": "2016-02-03",
    "acceptedDate": "2016-02-03 12:28:57",
    "calendarYear": "2016",
    "period": "Q2",
    "revenue": 2717700000,
    "costOfRevenue": 1682500000,
    "grossProfit": 1035200000,
    "grossProfitRatio": 0.3809103286,
    "researchAndDevelopmentExpenses": 0,
    "generalAndAdministrativeExpenses": 627200000,
    "sellingAndMarketingExpenses": 0,
    "sellingGeneralAndAdministrativeExpenses": 627200000,
    "otherExpenses": 0,
    "operatingExpenses": 627200000,
    "costAndExpenses": 2309700000,
    "interestIncome": 106600000,
    "interestExpense": 16800000,
    "depreciationAndAmortization": 72600000,
    "ebitda": 597300000,
    "ebitdaratio": 0.2197814328,
    "operatingIncome": 408000000,
    "operatingIncomeRatio": 0.1501269456,
    "totalOtherIncomeExpensesNet": 10600000,
    "incomeBeforeTax": 507900000,
    "incomeBeforeTaxRatio": 0.1868859698,
    "incomeTaxExpense": 166500000,
    "netIncome": 341400000,
    "netIncomeRatio": 0.1256209295,
    "eps": 0.75,
    "epsdiluted": 0.74,
    "weightedAverageShsOut": 457600000,
    "weightedAverageShsOutDil": 460300000,
    "link": "https://www.sec.gov/Archives/edgar/data/8670/000000867016000030/0000008670-16-000030-index.htm",
    "finalLink": "https://www.sec.gov/Archives/edgar/data/8670/000000867016000030/q2fy1610q.htm"
  },
  {
    "date": "2015-09-30",
    "symbol": "ADP",
    "reportedCurrency": "USD",
    "cik": "0000008670",
    "fillingDate": "2015-11-05",
    "acceptedDate": "2015-11-05 12:03:30",
    "calendarYear": "2016",
    "period": "Q1",
    "revenue": 2626200000,
    "costOfRevenue": 1646500000,
    "grossProfit": 979700000,
    "grossProfitRatio": 0.3730485112,
    "researchAndDevelopmentExpenses": 0,
    "generalAndAdministrativeExpenses": 605300000,
    "sellingAndMarketingExpenses": 0,
    "sellingGeneralAndAdministrativeExpenses": 605300000,
    "otherExpenses": 0,
    "operatingExpenses": 605300000,
    "costAndExpenses": 2251800000,
    "interestIncome": 106400000,
    "interestExpense": 4900000,
    "depreciationAndAmortization": 68800000,
    "ebitda": 578700000,
    "ebitdaratio": 0.2203564085,
    "operatingIncome": 374400000,
    "operatingIncomeRatio": 0.1425633996,
    "totalOtherIncomeExpensesNet": 42800000,
    "incomeBeforeTax": 505000000,
    "incomeBeforeTaxRatio": 0.192293047,
    "incomeTaxExpense": 167500000,
    "netIncome": 336600000,
    "netIncomeRatio": 0.1281699794,
    "eps": 0.73,
    "epsdiluted": 0.72,
    "weightedAverageShsOut": 462400000,
    "weightedAverageShsOutDil": 465700000,
    "link": "https://www.sec.gov/Archives/edgar/data/8670/000000867015000026/0000008670-15-000026-index.htm",
    "finalLink": "https://www.sec.gov/Archives/edgar/data/8670/000000867015000026/q1fy1610q.htm"
  },
  {
    "date": "2015-06-30",
    "symbol": "ADP",
    "reportedCurrency": "USD",
    "cik": "0000008670",
    "fillingDate": "2015-08-07",
    "acceptedDate": "2015-08-07 14:22:14",
    "calendarYear": "2015",
    "period": "Q4",
    "revenue": 2599100000,
    "costOfRevenue": 1601800000,
    "grossProfit": 997300000,
    "grossProfitRatio": 0.3837097457,
    "researchAndDevelopmentExpenses": 0,
    "generalAndAdministrativeExpenses": 720500000,
    "sellingAndMarketingExpenses": 0,
    "sellingGeneralAndAdministrativeExpenses": 720500000,
    "otherExpenses": 0,
    "operatingExpenses": 720500000,
    "costAndExpenses": 2327000000,
    "interestIncome": 108400000,
    "interestExpense": 1500000,
    "depreciationAndAmortization": 69500000,
    "ebitda": 202600000,
    "ebitdaratio": 0.0779500596,
    "operatingIncome": 272100000,
    "operatingIncomeRatio": 0.104690085,
    "totalOtherIncomeExpensesNet": 21100000,
    "incomeBeforeTax": 381600000,
    "incomeBeforeTaxRatio": 0.1468200531,
    "incomeTaxExpense": 124600000,
    "netIncome": 336200000,
    "netIncomeRatio": 0.1293524682,
    "eps": 0.72,
    "epsdiluted": 0.72,
    "weightedAverageShsOut": 465100000,
    "weightedAverageShsOutDil": 468800000,
    "link": "https://www.sec.gov/Archives/edgar/data/8670/000000867015000021/0000008670-15-000021-index.htm",
    "finalLink": "https://www.sec.gov/Archives/edgar/data/8670/000000867015000021/q4fy1510k.htm"
  },
  {
    "date": "2015-03-31",
    "symbol": "ADP",
    "reportedCurrency": "USD",
    "cik": "0000008670",
    "fillingDate": "2015-05-06",
    "acceptedDate": "2015-05-06 13:46:49",
    "calendarYear": "2015",
    "period": "Q3",
    "revenue": 2930300000,
    "costOfRevenue": 1688000000,
    "grossProfit": 1242300000,
    "grossProfitRatio": 0.4239497662,
    "researchAndDevelopmentExpenses": 0,
    "generalAndAdministrativeExpenses": 608200000,
    "sellingAndMarketingExpenses": 0,
    "sellingGeneralAndAdministrativeExpenses": 608200000,
    "otherExpenses": 0,
    "operatingExpenses": 608200000,
    "costAndExpenses": 2296200000,
    "interestIncome": 108600000,
    "interestExpense": 800000,
    "depreciationAndAmortization": 70400000,
    "ebitda": 810700000,
    "ebitdaratio": 0.2766610927,
    "operatingIncome": 634100000,
    "operatingIncomeRatio": 0.2163942258,
    "totalOtherIncomeExpensesNet": 108500000,
    "incomeBeforeTax": 742600000,
    "incomeBeforeTaxRatio": 0.2534211514,
    "incomeTaxExpense": 250600000,
    "netIncome": 489600000,
    "netIncomeRatio": 0.1670818688,
    "eps": 1.04,
    "epsdiluted": 1.03,
    "weightedAverageShsOut": 470300000,
    "weightedAverageShsOutDil": 474000000,
    "link": "https://www.sec.gov/Archives/edgar/data/8670/000000867015000012/0000008670-15-000012-index.htm",
    "finalLink": "https://www.sec.gov/Archives/edgar/data/8670/000000867015000012/q3fy1510q.htm"
  },
  {
    "date": "2014-12-31",
    "symbol": "ADP",
    "reportedCurrency": "USD",
    "cik": "0000008670",
    "fillingDate": "2015-02-05",
    "acceptedDate": "2015-02-05 14:03:33",
    "calendarYear": "2015",
    "period": "Q2",
    "revenue": 2570300000,
    "costOfRevenue": 1587000000,
    "grossProfit": 983300000,
    "grossProfitRatio": 0.3825623468,
    "researchAndDevelopmentExpenses": 0,
    "generalAndAdministrativeExpenses": 590200000,
    "sellingAndMarketingExpenses": 0,
    "sellingGeneralAndAdministrativeExpenses": 590200000,
    "otherExpenses": 0,
    "operatingExpenses": 590200000,
    "costAndExpenses": 2177200000,
    "interestIncome": 109300000,
    "interestExpense": 2200000,
    "depreciationAndAmortization": 69700000,
    "ebitda": 570400000,
    "ebitdaratio": 0.2219196203,
    "operatingIncome": 393100000,
    "operatingIncomeRatio": 0.1529393456,
    "totalOtherIncomeExpensesNet": 108000000,
    "incomeBeforeTax": 501100000,
    "incomeBeforeTaxRatio": 0.194957787,
    "incomeTaxExpense": 167100000,
    "netIncome": 331500000,
    "netIncomeRatio": 0.1289732716,
    "eps": 0.7,
    "epsdiluted": 0.69,
    "weightedAverageShsOut": 476600000,
    "weightedAverageShsOutDil": 480300000,
    "link": "https://www.sec.gov/Archives/edgar/data/8670/000000867015000004/0000008670-15-000004-index.htm",
    "finalLink": "https://www.sec.gov/Archives/edgar/data/8670/000000867015000004/q2fy1510q.htm"
  },
  {
    "date": "2014-09-30",
    "symbol": "ADP",
    "reportedCurrency": "USD",
    "cik": "0000008670",
    "fillingDate": "2014-10-30",
    "acceptedDate": "2014-10-30 15:46:14",
    "calendarYear": "2015",
    "period": "Q1",
    "revenue": 2483500000,
    "costOfRevenue": 1561900000,
    "grossProfit": 921600000,
    "grossProfitRatio": 0.3710891886,
    "researchAndDevelopmentExpenses": 0,
    "generalAndAdministrativeExpenses": 578000000,
    "sellingAndMarketingExpenses": 0,
    "sellingGeneralAndAdministrativeExpenses": 578000000,
    "otherExpenses": 0,
    "operatingExpenses": 578000000,
    "costAndExpenses": 2139900000,
    "interestIncome": 108600000,
    "interestExpense": 1900000,
    "depreciationAndAmortization": 68300000,
    "ebitda": 520000000,
    "ebitdaratio": 0.2093819207,
    "operatingIncome": 343600000,
    "operatingIncomeRatio": 0.1383531307,
    "totalOtherIncomeExpensesNet": 20700000,
    "incomeBeforeTax": 452500000,
    "incomeBeforeTaxRatio": 0.1822025367,
    "incomeTaxExpense": 154500000,
    "netIncome": 295200000,
    "netIncomeRatio": 0.1188645057,
    "eps": 0.62,
    "epsdiluted": 0.61,
    "weightedAverageShsOut": 478400000,
    "weightedAverageShsOutDil": 481700000,
    "link": "https://www.sec.gov/Archives/edgar/data/8670/000000867014000020/0000008670-14-000020-index.htm",
    "finalLink": "https://www.sec.gov/Archives/edgar/data/8670/000000867014000020/q1fy1510q.htm"
  },
  {
    "date": "2014-06-30",
    "symbol": "ADP",
    "reportedCurrency": "USD",
    "cik": "0000008670",
    "fillingDate": "2014-08-08",
    "acceptedDate": "2014-08-08 13:50:03",
    "calendarYear": "2014",
    "period": "Q4",
    "revenue": 2978600000,
    "costOfRevenue": 1845600000,
    "grossProfit": 1133000000,
    "grossProfitRatio": 0.3803800443,
    "researchAndDevelopmentExpenses": 0,
    "generalAndAdministrativeExpenses": 776400000,
    "sellingAndMarketingExpenses": 0,
    "sellingGeneralAndAdministrativeExpenses": 776400000,
    "otherExpenses": 100000,
    "operatingExpenses": 776400000,
    "costAndExpenses": 2622100000,
    "interestIncome": 108900000,
    "interestExpense": 1300000,
    "depreciationAndAmortization": 89100000,
    "ebitda": 267400000,
    "ebitdaratio": 0.0897737192,
    "operatingIncome": 356500000,
    "operatingIncomeRatio": 0.1196871013,
    "totalOtherIncomeExpensesNet": 92800000,
    "incomeBeforeTax": 449300000,
    "incomeBeforeTaxRatio": 0.1508426778,
    "incomeTaxExpense": 160600000,
    "netIncome": 288700000,
    "netIncomeRatio": 0.0969247297,
    "eps": 0.6,
    "epsdiluted": 0.6,
    "weightedAverageShsOut": 478500000,
    "weightedAverageShsOutDil": 482700000,
    "link": "https://www.sec.gov/Archives/edgar/data/8670/000000867014000015/0000008670-14-000015-index.htm",
    "finalLink": "https://www.sec.gov/Archives/edgar/data/8670/000000867014000015/q4fy1410k.htm"
  },
  {
    "date": "2014-03-31",
    "symbol": "ADP",
    "reportedCurrency": "USD",
    "cik": "0000008670",
    "fillingDate": "2014-05-01",
    "acceptedDate": "2014-05-01 16:01:05",
    "calendarYear": "2014",
    "period": "Q3",
    "revenue": 3219900000,
    "costOfRevenue": 1884400000,
    "grossProfit": 1335500000,
    "grossProfitRatio": 0.4147644337,
    "researchAndDevelopmentExpenses": 0,
    "generalAndAdministrativeExpenses": 673200000,
    "sellingAndMarketingExpenses": 0,
    "sellingGeneralAndAdministrativeExpenses": 673200000,
    "otherExpenses": 100000,
    "operatingExpenses": 673200000,
    "costAndExpenses": 2557600000,
    "interestIncome": 106800000,
    "interestExpense": 900000,
    "depreciationAndAmortization": 82700000,
    "ebitda": 726600000,
    "ebitdaratio": 0.225659182,
    "operatingIncome": 662300000,
    "operatingIncomeRatio": 0.2056896177,
    "totalOtherIncomeExpensesNet": 115700000,
    "incomeBeforeTax": 769800000,
    "incomeBeforeTaxRatio": 0.2390757477,
    "incomeTaxExpense": 259400000,
    "netIncome": 521600000,
    "netIncomeRatio": 0.1619926085,
    "eps": 1.09,
    "epsdiluted": 1.08,
    "weightedAverageShsOut": 478900000,
    "weightedAverageShsOutDil": 483000000,
    "link": "https://www.sec.gov/Archives/edgar/data/8670/000000867014000006/0000008670-14-000006-index.htm",
    "finalLink": "https://www.sec.gov/Archives/edgar/data/8670/000000867014000006/q3fy1410-q.htm"
  },
  {
    "date": "2013-12-31",
    "symbol": "ADP",
    "reportedCurrency": "USD",
    "cik": "0000008670",
    "fillingDate": "2014-02-05",
    "acceptedDate": "2014-02-05 14:38:57",
    "calendarYear": "2014",
    "period": "Q2",
    "revenue": 2893600000,
    "costOfRevenue": 1772400000,
    "grossProfit": 1121200000,
    "grossProfitRatio": 0.3874758087,
    "researchAndDevelopmentExpenses": 0,
    "generalAndAdministrativeExpenses": 675600000,
    "sellingAndMarketingExpenses": 0,
    "sellingGeneralAndAdministrativeExpenses": 675600000,
    "otherExpenses": 0,
    "operatingExpenses": 675600000,
    "costAndExpenses": 2448000000,
    "interestIncome": 105900000,
    "interestExpense": 2000000,
    "depreciationAndAmortization": 83900000,
    "ebitda": 531000000,
    "ebitdaratio": 0.1835084324,
    "operatingIncome": 445600000,
    "operatingIncomeRatio": 0.1539950235,
    "totalOtherIncomeExpensesNet": 124800000,
    "incomeBeforeTax": 561100000,
    "incomeBeforeTaxRatio": 0.1939106995,
    "incomeTaxExpense": 184100000,
    "netIncome": 377000000,
    "netIncomeRatio": 0.1302875311,
    "eps": 0.79,
    "epsdiluted": 0.78,
    "weightedAverageShsOut": 478400000,
    "weightedAverageShsOutDil": 482800000,
    "link": "https://www.sec.gov/Archives/edgar/data/8670/000000867014000003/0000008670-14-000003-index.htm",
    "finalLink": "https://www.sec.gov/Archives/edgar/data/8670/000000867014000003/q2fy1410-q.htm"
  },
  {
    "date": "2013-09-30",
    "symbol": "ADP",
    "reportedCurrency": "USD",
    "cik": "0000008670",
    "fillingDate": "2013-11-01",
    "acceptedDate": "2013-11-01 13:32:42",
    "calendarYear": "2014",
    "period": "Q1",
    "revenue": 2750400000,
    "costOfRevenue": 1724400000,
    "grossProfit": 1026000000,
    "grossProfitRatio": 0.3730366492,
    "researchAndDevelopmentExpenses": 0,
    "generalAndAdministrativeExpenses": 638600000,
    "sellingAndMarketingExpenses": 0,
    "sellingGeneralAndAdministrativeExpenses": 638600000,
    "otherExpenses": 0,
    "operatingExpenses": 638600000,
    "costAndExpenses": 2363000000,
    "interestIncome": 89200000,
    "interestExpense": 1900000,
    "depreciationAndAmortization": 80500000,
    "ebitda": 469500000,
    "ebitdaratio": 0.1707024433,
    "operatingIncome": 387400000,
    "operatingIncomeRatio": 0.1408522397,
    "totalOtherIncomeExpensesNet": 113800000,
    "incomeBeforeTax": 497300000,
    "incomeBeforeTaxRatio": 0.180810064,
    "incomeTaxExpense": 168700000,
    "netIncome": 328600000,
    "netIncomeRatio": 0.1194735311,
    "eps": 0.68,
    "epsdiluted": 0.68,
    "weightedAverageShsOut": 480100000,
    "weightedAverageShsOutDil": 484300000,
    "link": "https://www.sec.gov/Archives/edgar/data/8670/000000867013000019/0000008670-13-000019-index.htm",
    "finalLink": "https://www.sec.gov/Archives/edgar/data/8670/000000867013000019/q1fy1410-q.htm"
  },
  {
    "date": "2013-06-30",
    "symbol": "ADP",
    "reportedCurrency": "USD",
    "cik": "0000008670",
    "fillingDate": "2013-08-19",
    "acceptedDate": "2013-08-19 12:00:04",
    "calendarYear": "2013",
    "period": "Q4",
    "revenue": 2710000000,
    "costOfRevenue": 1692800000,
    "grossProfit": 1017200000,
    "grossProfitRatio": 0.3753505535,
    "researchAndDevelopmentExpenses": 0,
    "generalAndAdministrativeExpenses": 730100000,
    "sellingAndMarketingExpenses": 0,
    "sellingGeneralAndAdministrativeExpenses": 730100000,
    "otherExpenses": 0,
    "operatingExpenses": 730100000,
    "costAndExpenses": 2422900000,
    "interestIncome": 113700000,
    "interestExpense": 1800000,
    "depreciationAndAmortization": 80300000,
    "ebitda": 447200000,
    "ebitdaratio": 0.1650184502,
    "operatingIncome": 287100000,
    "operatingIncomeRatio": 0.1059409594,
    "totalOtherIncomeExpensesNet": 78000000,
    "incomeBeforeTax": 365100000,
    "incomeBeforeTaxRatio": 0.1347232472,
    "incomeTaxExpense": 138100000,
    "netIncome": 227000000,
    "netIncomeRatio": 0.0837638376,
    "eps": 0.47,
    "epsdiluted": 0.47,
    "weightedAverageShsOut": 482500000,
    "weightedAverageShsOutDil": 486700000,
    "link": "https://www.sec.gov/Archives/edgar/data/8670/000000867013000015/0000008670-13-000015-index.htm",
    "finalLink": "https://www.sec.gov/Archives/edgar/data/8670/000000867013000015/q4fy1310-k.htm"
  },
  {
    "date": "2013-03-31",
    "symbol": "ADP",
    "reportedCurrency": "USD",
    "cik": "0000008670",
    "fillingDate": "2013-05-03",
    "acceptedDate": "2013-05-03 12:02:06",
    "calendarYear": "2013",
    "period": "Q3",
    "revenue": 3002300000,
    "costOfRevenue": 1745900000,
    "grossProfit": 1256400000,
    "grossProfitRatio": 0.418479166,
    "researchAndDevelopmentExpenses": 0,
    "generalAndAdministrativeExpenses": 654400000,
    "sellingAndMarketingExpenses": 0,
    "sellingGeneralAndAdministrativeExpenses": 654400000,
    "otherExpenses": 0,
    "operatingExpenses": 654400000,
    "costAndExpenses": 2400300000,
    "interestIncome": 118000000,
    "interestExpense": 1200000,
    "depreciationAndAmortization": 81100000,
    "ebitda": 805300000,
    "ebitdaratio": 0.2682276921,
    "operatingIncome": 602000000,
    "operatingIncomeRatio": 0.2005129401,
    "totalOtherIncomeExpensesNet": 122800000,
    "incomeBeforeTax": 724800000,
    "incomeBeforeTaxRatio": 0.2414149152,
    "incomeTaxExpense": 242100000,
    "netIncome": 482700000,
    "netIncomeRatio": 0.1607767378,
    "eps": 1,
    "epsdiluted": 0.99,
    "weightedAverageShsOut": 482700000,
    "weightedAverageShsOutDil": 486500000,
    "link": "https://www.sec.gov/Archives/edgar/data/8670/000000867013000007/0000008670-13-000007-index.htm",
    "finalLink": "https://www.sec.gov/Archives/edgar/data/8670/000000867013000007/q3fy1310-q.htm"
  },
  {
    "date": "2012-12-31",
    "symbol": "ADP",
    "reportedCurrency": "USD",
    "cik": "0000008670",
    "fillingDate": "2013-02-06",
    "acceptedDate": "2013-02-06 12:41:25",
    "calendarYear": "2013",
    "period": "Q2",
    "revenue": 2646100000,
    "costOfRevenue": 1624300000,
    "grossProfit": 1021800000,
    "grossProfitRatio": 0.3861532066,
    "researchAndDevelopmentExpenses": 0,
    "generalAndAdministrativeExpenses": 624700000,
    "sellingAndMarketingExpenses": 0,
    "sellingGeneralAndAdministrativeExpenses": 624700000,
    "otherExpenses": 0,
    "operatingExpenses": 624700000,
    "costAndExpenses": 2249000000,
    "interestIncome": 123200000,
    "interestExpense": 3000000,
    "depreciationAndAmortization": 77300000,
    "ebitda": 609100000,
    "ebitdaratio": 0.2301878236,
    "operatingIncome": 397100000,
    "operatingIncomeRatio": 0.1500699142,
    "totalOtherIncomeExpensesNet": 30000000,
    "incomeBeforeTax": 528800000,
    "incomeBeforeTaxRatio": 0.1998412758,
    "incomeTaxExpense": 176800000,
    "netIncome": 390900000,
    "netIncomeRatio": 0.1477268433,
    "eps": 0.81,
    "epsdiluted": 0.8,
    "weightedAverageShsOut": 482100000,
    "weightedAverageShsOutDil": 486800000,
    "link": "https://www.sec.gov/Archives/edgar/data/8670/000000867013000003/0000008670-13-000003-index.htm",
    "finalLink": "https://www.sec.gov/Archives/edgar/data/8670/000000867013000003/q2fy1310-q.htm"
  },
  {
    "date": "2012-09-30",
    "symbol": "ADP",
    "reportedCurrency": "USD",
    "cik": "0000008670",
    "fillingDate": "2012-11-02",
    "acceptedDate": "2012-11-02 09:22:33",
    "calendarYear": "2013",
    "period": "Q1",
    "revenue": 2530700000,
    "costOfRevenue": 1586500000,
    "grossProfit": 944200000,
    "grossProfitRatio": 0.3730983522,
    "researchAndDevelopmentExpenses": 0,
    "generalAndAdministrativeExpenses": 611400000,
    "sellingAndMarketingExpenses": 0,
    "sellingGeneralAndAdministrativeExpenses": 611400000,
    "otherExpenses": 800000,
    "operatingExpenses": 611400000,
    "costAndExpenses": 2197900000,
    "interestIncome": 130600000,
    "interestExpense": 3100000,
    "depreciationAndAmortization": 78300000,
    "ebitda": 547000000,
    "ebitdaratio": 0.2161457304,
    "operatingIncome": 332800000,
    "operatingIncomeRatio": 0.1315051172,
    "totalOtherIncomeExpensesNet": 26000000,
    "incomeBeforeTax": 465600000,
    "incomeBeforeTaxRatio": 0.1839807168,
    "incomeTaxExpense": 163100000,
    "netIncome": 305300000,
    "netIncomeRatio": 0.1206385585,
    "eps": 0.63,
    "epsdiluted": 0.63,
    "weightedAverageShsOut": 483500000,
    "weightedAverageShsOutDil": 488400000,
    "link": "https://www.sec.gov/Archives/edgar/data/8670/000000867012000009/0000008670-12-000009-index.htm",
    "finalLink": "https://www.sec.gov/Archives/edgar/data/8670/000000867012000009/adp-2012930x10q.htm"
  },
  {
    "date": "2012-06-30",
    "symbol": "ADP",
    "reportedCurrency": "USD",
    "cik": "0000008670",
    "fillingDate": "2012-08-20",
    "acceptedDate": "2012-08-20 17:18:30",
    "calendarYear": "2012",
    "period": "Q4",
    "revenue": 2516300000,
    "costOfRevenue": 1589200000,
    "grossProfit": 927100000,
    "grossProfitRatio": 0.3684377856,
    "researchAndDevelopmentExpenses": 0,
    "generalAndAdministrativeExpenses": 677400000,
    "sellingAndMarketingExpenses": 0,
    "sellingGeneralAndAdministrativeExpenses": 677400000,
    "otherExpenses": 1300000,
    "operatingExpenses": 677400000,
    "costAndExpenses": 2266600000,
    "interestIncome": 140200000,
    "interestExpense": 2300000,
    "depreciationAndAmortization": 83300000,
    "ebitda": 419800000,
    "ebitdaratio": 0.1668322537,
    "operatingIncome": 249700000,
    "operatingIncomeRatio": 0.0992330008,
    "totalOtherIncomeExpensesNet": 464800000,
    "incomeBeforeTax": 397500000,
    "incomeBeforeTaxRatio": 0.1579700354,
    "incomeTaxExpense": 139100000,
    "netIncome": 258400000,
    "netIncomeRatio": 0.1026904582,
    "eps": 0.53,
    "epsdiluted": 0.53,
    "weightedAverageShsOut": 485900000,
    "weightedAverageShsOutDil": 490600000,
    "link": "https://www.sec.gov/Archives/edgar/data/8670/000120677412003634/0001206774-12-003634-index.htm",
    "finalLink": "https://www.sec.gov/Archives/edgar/data/8670/000120677412003634/adp_10k.htm"
  },
  {
    "date": "2012-03-31",
    "symbol": "ADP",
    "reportedCurrency": "USD",
    "cik": "0000008670",
    "fillingDate": "2012-05-04",
    "acceptedDate": "2012-05-04 12:59:31",
    "calendarYear": "2012",
    "period": "Q3",
    "revenue": 2789800000,
    "costOfRevenue": 1624700000,
    "grossProfit": 1165100000,
    "grossProfitRatio": 0.4176285038,
    "researchAndDevelopmentExpenses": 0,
    "generalAndAdministrativeExpenses": 622100000,
    "sellingAndMarketingExpenses": 0,
    "sellingGeneralAndAdministrativeExpenses": 622100000,
    "otherExpenses": 0,
    "operatingExpenses": 622100000,
    "costAndExpenses": 2246800000,
    "interestIncome": 133300000,
    "interestExpense": 1200000,
    "depreciationAndAmortization": 81100000,
    "ebitda": 461900000,
    "ebitdaratio": 0.1655674242,
    "operatingIncome": 543000000,
    "operatingIncomeRatio": 0.1946376084,
    "totalOtherIncomeExpensesNet": 142600000,
    "incomeBeforeTax": 685600000,
    "incomeBeforeTaxRatio": 0.2457523837,
    "incomeTaxExpense": 233200000,
    "netIncome": 452400000,
    "netIncomeRatio": 0.1621621622,
    "eps": 0.93,
    "epsdiluted": 0.92,
    "weightedAverageShsOut": 486451613,
    "weightedAverageShsOutDil": 491739130,
    "link": "https://www.sec.gov/Archives/edgar/data/8670/000000867012000004/0000008670-12-000004-index.htm",
    "finalLink": "https://www.sec.gov/Archives/edgar/data/8670/000000867012000004/march2010q.htm"
  },
  {
    "date": "2011-12-31",
    "symbol": "ADP",
    "reportedCurrency": "USD",
    "cik": "0000008670",
    "fillingDate": "2012-02-07",
    "acceptedDate": "2012-02-07 16:10:28",
    "calendarYear": "2012",
    "period": "Q2",
    "revenue": 2465100000,
    "costOfRevenue": 1519900000,
    "grossProfit": 945200000,
    "grossProfitRatio": 0.3834327208,
    "researchAndDevelopmentExpenses": 0,
    "generalAndAdministrativeExpenses": 577500000,
    "sellingAndMarketingExpenses": 0,
    "sellingGeneralAndAdministrativeExpenses": 577500000,
    "otherExpenses": 0,
    "operatingExpenses": 577500000,
    "costAndExpenses": 2097400000,
    "interestIncome": 117900000,
    "interestExpense": 2100000,
    "depreciationAndAmortization": 79200000,
    "ebitda": 288500000,
    "ebitdaratio": 0.1170337917,
    "operatingIncome": 367700000,
    "operatingIncomeRatio": 0.1491623058,
    "totalOtherIncomeExpensesNet": 97600000,
    "incomeBeforeTax": 579700000,
    "incomeBeforeTaxRatio": 0.2351628737,
    "incomeTaxExpense": 204700000,
    "netIncome": 375000000,
    "netIncomeRatio": 0.1521236461,
    "eps": 0.77,
    "epsdiluted": 0.76,
    "weightedAverageShsOut": 487012987,
    "weightedAverageShsOutDil": 493421053,
    "link": "https://www.sec.gov/Archives/edgar/data/8670/000000867012000002/0000008670-12-000002-index.htm",
    "finalLink": "https://www.sec.gov/Archives/edgar/data/8670/000000867012000002/december2011q.htm"
  },
  {
    "date": "2011-09-30",
    "symbol": "ADP",
    "reportedCurrency": "USD",
    "cik": "0000008670",
    "fillingDate": "2011-11-04",
    "acceptedDate": "2011-11-04 12:01:04",
    "calendarYear": "2012",
    "period": "Q1",
    "revenue": 2400600000,
    "costOfRevenue": 1506100000,
    "grossProfit": 894500000,
    "grossProfitRatio": 0.3726151795,
    "researchAndDevelopmentExpenses": 0,
    "generalAndAdministrativeExpenses": 589200000,
    "sellingAndMarketingExpenses": 0,
    "sellingGeneralAndAdministrativeExpenses": 589200000,
    "otherExpenses": 0,
    "operatingExpenses": 589200000,
    "costAndExpenses": 2095300000,
    "interestIncome": 121900000,
    "interestExpense": 2100000,
    "depreciationAndAmortization": 79700000,
    "ebitda": 225600000,
    "ebitdaratio": 0.0939765059,
    "operatingIncome": 305300000,
    "operatingIncomeRatio": 0.1271765392,
    "totalOtherIncomeExpensesNet": 154000000,
    "incomeBeforeTax": 459300000,
    "incomeBeforeTaxRatio": 0.1913271682,
    "incomeTaxExpense": 156600000,
    "netIncome": 302700000,
    "netIncomeRatio": 0.1260934766,
    "eps": 0.62,
    "epsdiluted": 0.61,
    "weightedAverageShsOut": 487900000,
    "weightedAverageShsOutDil": 493300000,
    "link": "https://www.sec.gov/Archives/edgar/data/8670/000120677411002415/0001206774-11-002415-index.htm",
    "finalLink": "https://www.sec.gov/Archives/edgar/data/8670/000120677411002415/adp_10q.htm"
  },
  {
    "date": "2011-06-30",
    "symbol": "ADP",
    "reportedCurrency": "USD",
    "cik": "0000008670",
    "fillingDate": "2011-08-24",
    "acceptedDate": "2011-08-24 13:00:20",
    "calendarYear": "2011",
    "period": "Q4",
    "revenue": 2371400000,
    "costOfRevenue": 1518700000,
    "grossProfit": 852700000,
    "grossProfitRatio": 0.3595766214,
    "researchAndDevelopmentExpenses": 0,
    "generalAndAdministrativeExpenses": 660300000,
    "sellingAndMarketingExpenses": 0,
    "sellingGeneralAndAdministrativeExpenses": 660300000,
    "otherExpenses": 0,
    "operatingExpenses": 660300000,
    "costAndExpenses": 2179000000,
    "interestIncome": 135700000,
    "interestExpense": 1700000,
    "depreciationAndAmortization": 79000000,
    "ebitda": 374600000,
    "ebitdaratio": 0.1579657586,
    "operatingIncome": 192400000,
    "operatingIncomeRatio": 0.0811335076,
    "totalOtherIncomeExpensesNet": 166300000,
    "incomeBeforeTax": 358700000,
    "incomeBeforeTaxRatio": 0.1512608586,
    "incomeTaxExpense": 116900000,
    "netIncome": 241800000,
    "netIncomeRatio": 0.1019650839,
    "eps": 0.5,
    "epsdiluted": 0.49,
    "weightedAverageShsOut": 487900000,
    "weightedAverageShsOutDil": 493300000,
    "link": "https://www.sec.gov/Archives/edgar/data/8670/000120677411001935/0001206774-11-001935-index.htm",
    "finalLink": "https://www.sec.gov/Archives/edgar/data/8670/000120677411001935/adp_10k.htm"
  },
  {
    "date": "2011-03-31",
    "symbol": "ADP",
    "reportedCurrency": "USD",
    "cik": "0000008670",
    "fillingDate": "2011-05-06",
    "acceptedDate": "2011-05-06 11:32:00",
    "calendarYear": "2011",
    "period": "Q3",
    "revenue": 2737300000,
    "costOfRevenue": 1520600000,
    "grossProfit": 1216700000,
    "grossProfitRatio": 0.4444890951,
    "researchAndDevelopmentExpenses": 0,
    "generalAndAdministrativeExpenses": 577300000,
    "sellingAndMarketingExpenses": 0,
    "sellingGeneralAndAdministrativeExpenses": 577300000,
    "otherExpenses": 0,
    "operatingExpenses": 577300000,
    "costAndExpenses": 2097900000,
    "interestIncome": 148600000,
    "interestExpense": 1400000,
    "depreciationAndAmortization": 81000000,
    "ebitda": 718900000,
    "ebitdaratio": 0.2626310598,
    "operatingIncome": 639400000,
    "operatingIncomeRatio": 0.233587842,
    "totalOtherIncomeExpensesNet": 13600000,
    "incomeBeforeTax": 653000000,
    "incomeBeforeTaxRatio": 0.2385562416,
    "incomeTaxExpense": 229200000,
    "netIncome": 423800000,
    "netIncomeRatio": 0.1548240967,
    "eps": 0.85,
    "epsdiluted": 0.85,
    "weightedAverageShsOut": 496200000,
    "weightedAverageShsOutDil": 501300000,
    "link": "https://www.sec.gov/Archives/edgar/data/8670/000000867011000010/0000008670-11-000010-index.htm",
    "finalLink": "https://www.sec.gov/Archives/edgar/data/8670/000000867011000010/march2011q.htm"
  },
  {
    "date": "2010-12-31",
    "symbol": "ADP",
    "reportedCurrency": "USD",
    "cik": "0000008670",
    "fillingDate": "2011-02-09",
    "acceptedDate": "2011-02-09 11:33:24",
    "calendarYear": "2011",
    "period": "Q2",
    "revenue": 2405700000,
    "costOfRevenue": 1380300000,
    "grossProfit": 1025400000,
    "grossProfitRatio": 0.4262376855,
    "researchAndDevelopmentExpenses": 0,
    "generalAndAdministrativeExpenses": 570100000,
    "sellingAndMarketingExpenses": 0,
    "sellingGeneralAndAdministrativeExpenses": 570100000,
    "otherExpenses": 0,
    "operatingExpenses": 570100000,
    "costAndExpenses": 1950400000,
    "interestIncome": 129000000,
    "interestExpense": 2800000,
    "depreciationAndAmortization": 82700000,
    "ebitda": 552000000,
    "ebitdaratio": 0.2294550443,
    "operatingIncome": 455300000,
    "operatingIncomeRatio": 0.1892588436,
    "totalOtherIncomeExpensesNet": 29300000,
    "incomeBeforeTax": 484600000,
    "incomeBeforeTaxRatio": 0.2014382508,
    "incomeTaxExpense": 174500000,
    "netIncome": 310100000,
    "netIncomeRatio": 0.1289021906,
    "eps": 0.63,
    "epsdiluted": 0.62,
    "weightedAverageShsOut": 492000000,
    "weightedAverageShsOutDil": 496900000,
    "link": "https://www.sec.gov/Archives/edgar/data/8670/000000867011000007/0000008670-11-000007-index.htm",
    "finalLink": "https://www.sec.gov/Archives/edgar/data/8670/000000867011000007/decemberq2011.htm"
  },
  {
    "date": "2010-09-30",
    "symbol": "ADP",
    "reportedCurrency": "USD",
    "cik": "0000008670",
    "fillingDate": "2010-11-04",
    "acceptedDate": "2010-11-04 16:26:46",
    "calendarYear": "2011",
    "period": "Q1",
    "revenue": 2229400000,
    "costOfRevenue": 1311900000,
    "grossProfit": 917500000,
    "grossProfitRatio": 0.4115457074,
    "researchAndDevelopmentExpenses": 0,
    "generalAndAdministrativeExpenses": 515600000,
    "sellingAndMarketingExpenses": 0,
    "sellingGeneralAndAdministrativeExpenses": 515600000,
    "otherExpenses": 0,
    "operatingExpenses": 515600000,
    "costAndExpenses": 1827500000,
    "interestIncome": 126800000,
    "interestExpense": 2700000,
    "depreciationAndAmortization": 75500000,
    "ebitda": 499400000,
    "ebitdaratio": 0.2240064591,
    "operatingIncome": 401900000,
    "operatingIncomeRatio": 0.1802727191,
    "totalOtherIncomeExpensesNet": 34500000,
    "incomeBeforeTax": 436400000,
    "incomeBeforeTaxRatio": 0.1957477348,
    "incomeTaxExpense": 157900000,
    "netIncome": 278500000,
    "netIncomeRatio": 0.1249215035,
    "eps": 0.57,
    "epsdiluted": 0.56,
    "weightedAverageShsOut": 491400000,
    "weightedAverageShsOutDil": 494900000,
    "link": "https://www.sec.gov/Archives/edgar/data/8670/000000867010000026/0000008670-10-000026-index.htm",
    "finalLink": "https://www.sec.gov/Archives/edgar/data/8670/000000867010000026/fy11sept10q.htm"
  },
  {
    "date": "2010-06-30",
    "symbol": "ADP",
    "reportedCurrency": "USD",
    "cik": "0000008670",
    "fillingDate": "2010-08-25",
    "acceptedDate": "2010-08-25 15:19:46",
    "calendarYear": "2010",
    "period": "Q4",
    "revenue": 2190300000,
    "costOfRevenue": 1282300000,
    "grossProfit": 908000000,
    "grossProfitRatio": 0.4145550838,
    "researchAndDevelopmentExpenses": 0,
    "generalAndAdministrativeExpenses": 611900000,
    "sellingAndMarketingExpenses": 0,
    "sellingGeneralAndAdministrativeExpenses": 611900000,
    "otherExpenses": 0,
    "operatingExpenses": 611900000,
    "costAndExpenses": 1894200000,
    "interestIncome": 159900000,
    "interestExpense": 1800000,
    "depreciationAndAmortization": 76400000,
    "ebitda": 383700000,
    "ebitdaratio": 0.175181482,
    "operatingIncome": 296100000,
    "operatingIncomeRatio": 0.1351869607,
    "totalOtherIncomeExpensesNet": 9400000,
    "incomeBeforeTax": 305500000,
    "incomeBeforeTaxRatio": 0.1394786102,
    "incomeTaxExpense": 97900000,
    "netIncome": 207900000,
    "netIncomeRatio": 0.0949185043,
    "eps": 0.42,
    "epsdiluted": 0.42,
    "weightedAverageShsOut": 491400000,
    "weightedAverageShsOutDil": 494900000,
    "link": "https://www.sec.gov/Archives/edgar/data/8670/000120677410001881/0001206774-10-001881-index.htm",
    "finalLink": "https://www.sec.gov/Archives/edgar/data/8670/000120677410001881/adp_10k.htm"
  },
  {
    "date": "2010-03-31",
    "symbol": "ADP",
    "reportedCurrency": "USD",
    "cik": "0000008670",
    "fillingDate": "2010-05-06",
    "acceptedDate": "2010-05-06 16:13:23",
    "calendarYear": "2010",
    "period": "Q3",
    "revenue": 2443200000,
    "costOfRevenue": 1330700000,
    "grossProfit": 1112500000,
    "grossProfitRatio": 0.4553454486,
    "researchAndDevelopmentExpenses": 0,
    "generalAndAdministrativeExpenses": 504900000,
    "sellingAndMarketingExpenses": 0,
    "sellingGeneralAndAdministrativeExpenses": 504900000,
    "otherExpenses": 0,
    "operatingExpenses": 504900000,
    "costAndExpenses": 1835600000,
    "interestIncome": 158500000,
    "interestExpense": 1200000,
    "depreciationAndAmortization": 77800000,
    "ebitda": 529800000,
    "ebitdaratio": 0.2168467583,
    "operatingIncome": 607600000,
    "operatingIncomeRatio": 0.2486902423,
    "totalOtherIncomeExpensesNet": 25400000,
    "incomeBeforeTax": 633000000,
    "incomeBeforeTaxRatio": 0.259086444,
    "incomeTaxExpense": 231400000,
    "netIncome": 403600000,
    "netIncomeRatio": 0.1651931893,
    "eps": 0.8,
    "epsdiluted": 0.8,
    "weightedAverageShsOut": 502400000,
    "weightedAverageShsOutDil": 505500000,
    "link": "https://www.sec.gov/Archives/edgar/data/8670/000000867010000012/0000008670-10-000012-index.htm",
    "finalLink": "https://www.sec.gov/Archives/edgar/data/8670/000000867010000012/march10q.htm"
  },
  {
    "date": "2009-12-31",
    "symbol": "ADP",
    "reportedCurrency": "USD",
    "cik": "0000008670",
    "fillingDate": "2010-02-09",
    "acceptedDate": "2010-02-09 16:49:02",
    "calendarYear": "2010",
    "period": "Q2",
    "revenue": 2204400000,
    "costOfRevenue": 1231300000,
    "grossProfit": 973100000,
    "grossProfitRatio": 0.4414353112,
    "researchAndDevelopmentExpenses": 0,
    "generalAndAdministrativeExpenses": 520100000,
    "sellingAndMarketingExpenses": 0,
    "sellingGeneralAndAdministrativeExpenses": 520100000,
    "otherExpenses": 0,
    "operatingExpenses": 520100000,
    "costAndExpenses": 1751400000,
    "interestIncome": 158900000,
    "interestExpense": 2500000,
    "depreciationAndAmortization": 77400000,
    "ebitda": 375600000,
    "ebitdaratio": 0.1703864997,
    "operatingIncome": 453000000,
    "operatingIncomeRatio": 0.2054980947,
    "totalOtherIncomeExpensesNet": 27100000,
    "incomeBeforeTax": 480100000,
    "incomeBeforeTaxRatio": 0.2177916893,
    "incomeTaxExpense": 164300000,
    "netIncome": 315800000,
    "netIncomeRatio": 0.1432589367,
    "eps": 0.63,
    "epsdiluted": 0.62,
    "weightedAverageShsOut": 502000000,
    "weightedAverageShsOutDil": 506200000,
    "link": "https://www.sec.gov/Archives/edgar/data/8670/000000867010000005/0000008670-10-000005-index.htm",
    "finalLink": "https://www.sec.gov/Archives/edgar/data/8670/000000867010000005/dec10qfy10new.htm"
  },
  {
    "date": "2009-09-30",
    "symbol": "ADP",
    "reportedCurrency": "USD",
    "cik": "0000008670",
    "fillingDate": "2009-11-06",
    "acceptedDate": "2009-11-06 17:04:43",
    "calendarYear": "2010",
    "period": "Q1",
    "revenue": 2102800000,
    "costOfRevenue": 1193300000,
    "grossProfit": 909500000,
    "grossProfitRatio": 0.4325185467,
    "researchAndDevelopmentExpenses": 0,
    "generalAndAdministrativeExpenses": 492700000,
    "sellingAndMarketingExpenses": 0,
    "sellingGeneralAndAdministrativeExpenses": 492700000,
    "otherExpenses": 0,
    "operatingExpenses": 492700000,
    "costAndExpenses": 1686000000,
    "interestIncome": 164200000,
    "interestExpense": 3200000,
    "depreciationAndAmortization": 77600000,
    "ebitda": 339200000,
    "ebitdaratio": 0.1613087312,
    "operatingIncome": 416800000,
    "operatingIncomeRatio": 0.1982119079,
    "totalOtherIncomeExpensesNet": 30500000,
    "incomeBeforeTax": 447300000,
    "incomeBeforeTaxRatio": 0.2127163782,
    "incomeTaxExpense": 163200000,
    "netIncome": 284100000,
    "netIncomeRatio": 0.1351055735,
    "eps": 0.57,
    "epsdiluted": 0.56,
    "weightedAverageShsOut": 501400000,
    "weightedAverageShsOutDil": 503700000,
    "link": "https://www.sec.gov/Archives/edgar/data/8670/000000867009000037/0000008670-09-000037-index.htm",
    "finalLink": "https://www.sec.gov/Archives/edgar/data/8670/000000867009000037/sept10q.htm"
  },
  {
    "date": "2009-06-30",
    "symbol": "ADP",
    "reportedCurrency": "USD",
    "cik": "0000008670",
    "fillingDate": "2009-08-28",
    "acceptedDate": "2009-08-28 11:08:56",
    "calendarYear": "2009",
    "period": "Q4",
    "revenue": 2107700000,
    "costOfRevenue": 1196700000,
    "grossProfit": 911000000,
    "grossProfitRatio": 0.4322246999,
    "researchAndDevelopmentExpenses": 0,
    "generalAndAdministrativeExpenses": 577400000,
    "sellingAndMarketingExpenses": 0,
    "sellingGeneralAndAdministrativeExpenses": 577400000,
    "otherExpenses": 0,
    "operatingExpenses": 577400000,
    "costAndExpenses": 1774100000,
    "interestIncome": -569900000,
    "interestExpense": 3500000,
    "depreciationAndAmortization": 79300000,
    "ebitda": 443800000,
    "ebitdaratio": 0.2105612753,
    "operatingIncome": 333600000,
    "operatingIncomeRatio": 0.1582767946,
    "totalOtherIncomeExpensesNet": 27400000,
    "incomeBeforeTax": 361000000,
    "incomeBeforeTaxRatio": 0.1712767472,
    "incomeTaxExpense": 13800000,
    "netIncome": 352600000,
    "netIncomeRatio": 0.1672913603,
    "eps": 0.7,
    "epsdiluted": 0.7,
    "weightedAverageShsOut": 501400000,
    "weightedAverageShsOutDil": 503700000,
    "link": "https://www.sec.gov/Archives/edgar/data/8670/000120677409001642/0001206774-09-001642-index.htm",
    "finalLink": "https://www.sec.gov/Archives/edgar/data/8670/000120677409001642/adp_10k.htm"
  },
  {
    "date": "2009-03-31",
    "symbol": "ADP",
    "reportedCurrency": "USD",
    "cik": "0000008670",
    "fillingDate": "2009-05-08",
    "acceptedDate": "2009-05-08 17:28:46",
    "calendarYear": "2009",
    "period": "Q3",
    "revenue": 2374700000,
    "costOfRevenue": 1218600000,
    "grossProfit": 1156100000,
    "grossProfitRatio": 0.486840443,
    "researchAndDevelopmentExpenses": 0,
    "generalAndAdministrativeExpenses": 520400000,
    "sellingAndMarketingExpenses": 0,
    "sellingGeneralAndAdministrativeExpenses": 520400000,
    "otherExpenses": 0,
    "operatingExpenses": 520400000,
    "costAndExpenses": 1739000000,
    "interestIncome": 181200000,
    "interestExpense": 2500000,
    "depreciationAndAmortization": 77600000,
    "ebitda": 708200000,
    "ebitdaratio": 0.2982271445,
    "operatingIncome": 635700000,
    "operatingIncomeRatio": 0.2676969722,
    "totalOtherIncomeExpensesNet": -7200000,
    "incomeBeforeTax": 629100000,
    "incomeBeforeTaxRatio": 0.2649176738,
    "incomeTaxExpense": 226600000,
    "netIncome": 402500000,
    "netIncomeRatio": 0.1694950941,
    "eps": 0.8,
    "epsdiluted": 0.8,
    "weightedAverageShsOut": 501200000,
    "weightedAverageShsOutDil": 502400000,
    "link": "https://www.sec.gov/Archives/edgar/data/8670/000000867009000025/0000008670-09-000025-index.htm",
    "finalLink": "https://www.sec.gov/Archives/edgar/data/8670/000000867009000025/march09_10q.htm"
  },
  {
    "date": "2008-12-31",
    "symbol": "ADP",
    "reportedCurrency": "USD",
    "cik": "0000008670",
    "fillingDate": "2009-02-09",
    "acceptedDate": "2009-02-09 11:28:25",
    "calendarYear": "2009",
    "period": "Q2",
    "revenue": 2203300000,
    "costOfRevenue": 1007100000,
    "grossProfit": 1196200000,
    "grossProfitRatio": 0.5429129034,
    "researchAndDevelopmentExpenses": 123100000,
    "generalAndAdministrativeExpenses": 573100000,
    "sellingAndMarketingExpenses": 0,
    "sellingGeneralAndAdministrativeExpenses": 573100000,
    "otherExpenses": 57300000,
    "operatingExpenses": 753500000,
    "costAndExpenses": 1760600000,
    "interestIncome": 190600000,
    "interestExpense": 8100000,
    "depreciationAndAmortization": 59600000,
    "ebitda": 383100000,
    "ebitdaratio": 0.1738755503,
    "operatingIncome": 442700000,
    "operatingIncomeRatio": 0.2009258839,
    "totalOtherIncomeExpensesNet": 30500000,
    "incomeBeforeTax": 473200000,
    "incomeBeforeTaxRatio": 0.214768756,
    "incomeTaxExpense": 172800000,
    "netIncome": 300500000,
    "netIncomeRatio": 0.1363863296,
    "eps": 0.6,
    "epsdiluted": 0.59,
    "weightedAverageShsOut": 503400000,
    "weightedAverageShsOutDil": 506100000,
    "link": "https://www.sec.gov/Archives/edgar/data/8670/000000867009000012/0000008670-09-000012-index.htm",
    "finalLink": "https://www.sec.gov/Archives/edgar/data/8670/000000867009000012/dec0810q.htm"
  },
  {
    "date": "2008-09-30",
    "symbol": "ADP",
    "reportedCurrency": "USD",
    "cik": "0000008670",
    "fillingDate": "2008-11-07",
    "acceptedDate": "2008-11-07 17:31:06",
    "calendarYear": "2009",
    "period": "Q1",
    "revenue": 2181500000,
    "costOfRevenue": 1046900000,
    "grossProfit": 1134600000,
    "grossProfitRatio": 0.520100848,
    "researchAndDevelopmentExpenses": 130400000,
    "generalAndAdministrativeExpenses": 526700000,
    "sellingAndMarketingExpenses": 0,
    "sellingGeneralAndAdministrativeExpenses": 526700000,
    "otherExpenses": 59400000,
    "operatingExpenses": 716500000,
    "costAndExpenses": 1763400000,
    "interestIncome": 197900000,
    "interestExpense": 19200000,
    "depreciationAndAmortization": 91600000,
    "ebitda": 326500000,
    "ebitdaratio": 0.1496676599,
    "operatingIncome": 418100000,
    "operatingIncomeRatio": 0.1916571167,
    "totalOtherIncomeExpensesNet": 23200000,
    "incomeBeforeTax": 441300000,
    "incomeBeforeTaxRatio": 0.2022920009,
    "incomeTaxExpense": 163300000,
    "netIncome": 276900000,
    "netIncomeRatio": 0.1269310108,
    "eps": 0.55,
    "epsdiluted": 0.54,
    "weightedAverageShsOut": 507500000,
    "weightedAverageShsOutDil": 513500000,
    "link": "https://www.sec.gov/Archives/edgar/data/8670/000000867008000073/0000008670-08-000073-index.htm",
    "finalLink": "https://www.sec.gov/Archives/edgar/data/8670/000000867008000073/sept09q.htm"
  },
  {
    "date": "2008-06-30",
    "symbol": "ADP",
    "reportedCurrency": "USD",
    "cik": "0000008670",
    "fillingDate": "2008-08-29",
    "acceptedDate": "2008-08-29 11:43:36",
    "calendarYear": "2008",
    "period": "Q4",
    "revenue": 2207200000,
    "costOfRevenue": 994100000,
    "grossProfit": 1213100000,
    "grossProfitRatio": 0.5496103661,
    "researchAndDevelopmentExpenses": 140800000,
    "generalAndAdministrativeExpenses": 697000000,
    "sellingAndMarketingExpenses": 0,
    "sellingGeneralAndAdministrativeExpenses": 697000000,
    "otherExpenses": 60600000,
    "operatingExpenses": 898400000,
    "costAndExpenses": 1892500000,
    "interestIncome": 0,
    "interestExpense": 12500000,
    "depreciationAndAmortization": 86100000,
    "ebitda": 400800000,
    "ebitdaratio": 0.1815875317,
    "operatingIncome": 314700000,
    "operatingIncomeRatio": 0.1425788329,
    "totalOtherIncomeExpensesNet": 39800000,
    "incomeBeforeTax": 354500000,
    "incomeBeforeTaxRatio": 0.1606107285,
    "incomeTaxExpense": 128500000,
    "netIncome": 233500000,
    "netIncomeRatio": 0.1057901414,
    "eps": 0.46,
    "epsdiluted": 0.45,
    "weightedAverageShsOut": 507500000,
    "weightedAverageShsOutDil": 513500000,
    "link": "https://www.sec.gov/Archives/edgar/data/8670/000120677408001519/0001206774-08-001519-index.htm",
    "finalLink": "https://www.sec.gov/Archives/edgar/data/8670/000120677408001519/adp_10k.htm"
  },
  {
    "date": "2008-03-31",
    "symbol": "ADP",
    "reportedCurrency": "USD",
    "cik": "0000008670",
    "fillingDate": "2008-05-09",
    "acceptedDate": "2008-05-09 14:46:07",
    "calendarYear": "2008",
    "period": "Q3",
    "revenue": 2427200000,
    "costOfRevenue": 1033500000,
    "grossProfit": 1393700000,
    "grossProfitRatio": 0.5742007251,
    "researchAndDevelopmentExpenses": 132000000,
    "generalAndAdministrativeExpenses": 585300000,
    "sellingAndMarketingExpenses": 0,
    "sellingGeneralAndAdministrativeExpenses": 585300000,
    "otherExpenses": 58900000,
    "operatingExpenses": 776200000,
    "costAndExpenses": 1809700000,
    "interestIncome": 223500000,
    "interestExpense": 7900000,
    "depreciationAndAmortization": 90100000,
    "ebitda": 527400000,
    "ebitdaratio": 0.2172874094,
    "operatingIncome": 617500000,
    "operatingIncomeRatio": 0.2544083718,
    "totalOtherIncomeExpensesNet": 18000000,
    "incomeBeforeTax": 635500000,
    "incomeBeforeTaxRatio": 0.2618243243,
    "incomeTaxExpense": 231900000,
    "netIncome": 413600000,
    "netIncomeRatio": 0.1704021094,
    "eps": 0.8,
    "epsdiluted": 0.79,
    "weightedAverageShsOut": 519800000,
    "weightedAverageShsOutDil": 523200000,
    "link": "https://www.sec.gov/Archives/edgar/data/8670/000000867008000043/0000008670-08-000043-index.htm",
    "finalLink": "https://www.sec.gov/Archives/edgar/data/8670/000000867008000043/march08q.htm"
  },
  {
    "date": "2007-12-31",
    "symbol": "ADP",
    "reportedCurrency": "USD",
    "cik": "0000008670",
    "fillingDate": "2008-02-11",
    "acceptedDate": "2008-02-11 12:52:56",
    "calendarYear": "2008",
    "period": "Q2",
    "revenue": 2150100000,
    "costOfRevenue": 979800000,
    "grossProfit": 1170300000,
    "grossProfitRatio": 0.5443002651,
    "researchAndDevelopmentExpenses": 128800000,
    "generalAndAdministrativeExpenses": 554500000,
    "sellingAndMarketingExpenses": 0,
    "sellingGeneralAndAdministrativeExpenses": 554500000,
    "otherExpenses": 59600000,
    "operatingExpenses": 742900000,
    "costAndExpenses": 1722700000,
    "interestIncome": 0,
    "interestExpense": 30700000,
    "depreciationAndAmortization": 102200000,
    "ebitda": 511600000,
    "ebitdaratio": 0.2379424213,
    "operatingIncome": 427400000,
    "operatingIncomeRatio": 0.198781452,
    "totalOtherIncomeExpensesNet": 149000000,
    "incomeBeforeTax": 440600000,
    "incomeBeforeTaxRatio": 0.2049207014,
    "incomeTaxExpense": 149000000,
    "netIncome": 291200000,
    "netIncomeRatio": 0.1354355611,
    "eps": 0.56,
    "epsdiluted": 0.55,
    "weightedAverageShsOut": 523100000,
    "weightedAverageShsOutDil": 530400000,
    "link": "https://www.sec.gov/Archives/edgar/data/8670/000000867008000012/0000008670-08-000012-index.htm",
    "finalLink": "https://www.sec.gov/Archives/edgar/data/8670/000000867008000012/decem0810q.htm"
  },
  {
    "date": "2007-09-30",
    "symbol": "ADP",
    "reportedCurrency": "USD",
    "cik": "0000008670",
    "fillingDate": "2007-11-09",
    "acceptedDate": "2007-11-09 14:58:50",
    "calendarYear": "2008",
    "period": "Q1",
    "revenue": 1992000000,
    "costOfRevenue": 908300000,
    "grossProfit": 1083700000,
    "grossProfitRatio": 0.5440261044,
    "researchAndDevelopmentExpenses": 124400000,
    "generalAndAdministrativeExpenses": 533600000,
    "sellingAndMarketingExpenses": 0,
    "sellingGeneralAndAdministrativeExpenses": 533600000,
    "otherExpenses": 59400000,
    "operatingExpenses": 717400000,
    "costAndExpenses": 1625700000,
    "interestIncome": 0,
    "interestExpense": 29400000,
    "depreciationAndAmortization": 83400000,
    "ebitda": 449700000,
    "ebitdaratio": 0.225753012,
    "operatingIncome": 366300000,
    "operatingIncomeRatio": 0.1838855422,
    "totalOtherIncomeExpensesNet": 141100000,
    "incomeBeforeTax": 381500000,
    "incomeBeforeTaxRatio": 0.1915160643,
    "incomeTaxExpense": 141100000,
    "netIncome": 297400000,
    "netIncomeRatio": 0.1492971888,
    "eps": 0.56,
    "epsdiluted": 0.55,
    "weightedAverageShsOut": 529300000,
    "weightedAverageShsOutDil": 536200000,
    "link": "https://www.sec.gov/Archives/edgar/data/8670/000000867007000251/0000008670-07-000251-index.htm",
    "finalLink": "https://www.sec.gov/Archives/edgar/data/8670/000000867007000251/sept10q.htm"
  },
  {
    "date": "2007-06-30",
    "symbol": "ADP",
    "reportedCurrency": "USD",
    "cik": "0000008670",
    "fillingDate": "2007-08-29",
    "acceptedDate": "2007-08-29 16:35:15",
    "calendarYear": "2007",
    "period": "Q4",
    "revenue": 1945700000,
    "costOfRevenue": 855500000,
    "grossProfit": 1090200000,
    "grossProfitRatio": 0.5603124839,
    "researchAndDevelopmentExpenses": 130400000,
    "generalAndAdministrativeExpenses": 635700000,
    "sellingAndMarketingExpenses": 0,
    "sellingGeneralAndAdministrativeExpenses": 635700000,
    "otherExpenses": 53100000,
    "operatingExpenses": 819200000,
    "costAndExpenses": 1674700000,
    "interestIncome": 0,
    "interestExpense": 87900000,
    "depreciationAndAmortization": 83600000,
    "ebitda": 354600000,
    "ebitdaratio": 0.1822480341,
    "operatingIncome": 271000000,
    "operatingIncomeRatio": 0.1392814925,
    "totalOtherIncomeExpensesNet": 16400000,
    "incomeBeforeTax": 287400000,
    "incomeBeforeTaxRatio": 0.1477103356,
    "incomeTaxExpense": 106600000,
    "netIncome": 194700000,
    "netIncomeRatio": 0.100066814,
    "eps": 0.37,
    "epsdiluted": 0.36,
    "weightedAverageShsOut": 529300000,
    "weightedAverageShsOutDil": 536200000,
    "link": "https://www.sec.gov/Archives/edgar/data/8670/000120677407002085/0001206774-07-002085-index.htm",
    "finalLink": "https://www.sec.gov/Archives/edgar/data/8670/000120677407002085/adp_10-k.htm"
  },
  {
    "date": "2007-03-31",
    "symbol": "ADP",
    "reportedCurrency": "USD",
    "cik": "0000008670",
    "fillingDate": "2007-05-09",
    "acceptedDate": "2007-05-09 17:01:09",
    "calendarYear": "2007",
    "period": "Q3",
    "revenue": 2189300000,
    "costOfRevenue": 899400000,
    "grossProfit": 1289900000,
    "grossProfitRatio": 0.5891837574,
    "researchAndDevelopmentExpenses": 122200000,
    "generalAndAdministrativeExpenses": 554100000,
    "sellingAndMarketingExpenses": 0,
    "sellingGeneralAndAdministrativeExpenses": 554100000,
    "otherExpenses": 54000000,
    "operatingExpenses": 730300000,
    "costAndExpenses": 1629700000,
    "interestIncome": 0,
    "interestExpense": 7000000,
    "depreciationAndAmortization": 56000000,
    "ebitda": 649600000,
    "ebitdaratio": 0.2967158452,
    "operatingIncome": 559600000,
    "operatingIncomeRatio": 0.255606815,
    "totalOtherIncomeExpensesNet": 213500000,
    "incomeBeforeTax": 577800000,
    "incomeBeforeTaxRatio": 0.2639199744,
    "incomeTaxExpense": 213500000,
    "netIncome": 388900000,
    "netIncomeRatio": 0.1776366875,
    "eps": 0.7,
    "epsdiluted": 0.7,
    "weightedAverageShsOut": 552100000,
    "weightedAverageShsOutDil": 558700000,
    "link": "https://www.sec.gov/Archives/edgar/data/8670/000115752307004891/0001157523-07-004891-index.htm",
    "finalLink": "https://www.sec.gov/Archives/edgar/data/8670/000115752307004891/a5398369.htm"
  },
  {
    "date": "2006-12-31",
    "symbol": "ADP",
    "reportedCurrency": "USD",
    "cik": "0000008670",
    "fillingDate": "2007-02-09",
    "acceptedDate": "2007-02-09 13:25:44",
    "calendarYear": "2007",
    "period": "Q2",
    "revenue": 2316100000,
    "costOfRevenue": 1110400000,
    "grossProfit": 1205700000,
    "grossProfitRatio": 0.5205733777,
    "researchAndDevelopmentExpenses": 145100000,
    "generalAndAdministrativeExpenses": 564300000,
    "sellingAndMarketingExpenses": 0,
    "sellingGeneralAndAdministrativeExpenses": 564300000,
    "otherExpenses": 62200000,
    "operatingExpenses": 771600000,
    "costAndExpenses": 1882000000,
    "interestIncome": 0,
    "interestExpense": 0,
    "depreciationAndAmortization": 96700000,
    "ebitda": 457100000,
    "ebitdaratio": 0.197357627,
    "operatingIncome": 434100000,
    "operatingIncomeRatio": 0.1874271405,
    "totalOtherIncomeExpensesNet": 170700000,
    "incomeBeforeTax": 453700000,
    "incomeBeforeTaxRatio": 0.1958896421,
    "incomeTaxExpense": 170700000,
    "netIncome": 297700000,
    "netIncomeRatio": 0.1285350373,
    "eps": 0.54,
    "epsdiluted": 0.54,
    "weightedAverageShsOut": 548500000,
    "weightedAverageShsOutDil": 555300000,
    "link": "https://www.sec.gov/Archives/edgar/data/8670/000000867007000103/0000008670-07-000103-index.htm",
    "finalLink": "https://www.sec.gov/Archives/edgar/data/8670/000000867007000103/decq07v3.htm"
  },
  {
    "date": "2006-09-30",
    "symbol": "ADP",
    "reportedCurrency": "USD",
    "cik": "0000008670",
    "fillingDate": "2006-11-09",
    "acceptedDate": "2006-11-09 14:05:56",
    "calendarYear": "2007",
    "period": "Q1",
    "revenue": 2217600000,
    "costOfRevenue": 1111900000,
    "grossProfit": 1105700000,
    "grossProfitRatio": 0.4986020924,
    "researchAndDevelopmentExpenses": 137600000,
    "generalAndAdministrativeExpenses": 528400000,
    "sellingAndMarketingExpenses": 0,
    "sellingGeneralAndAdministrativeExpenses": 528400000,
    "otherExpenses": 81800000,
    "operatingExpenses": 747800000,
    "costAndExpenses": 1859700000,
    "interestIncome": 0,
    "interestExpense": 0,
    "depreciationAndAmortization": 93000000,
    "ebitda": 373900000,
    "ebitdaratio": 0.1686056999,
    "operatingIncome": 357900000,
    "operatingIncomeRatio": 0.1613906926,
    "totalOtherIncomeExpensesNet": 155200000,
    "incomeBeforeTax": 412700000,
    "incomeBeforeTaxRatio": 0.1861020924,
    "incomeTaxExpense": 155200000,
    "netIncome": 257500000,
    "netIncomeRatio": 0.1161165224,
    "eps": 0.46,
    "epsdiluted": 0.46,
    "weightedAverageShsOut": 554200000,
    "weightedAverageShsOutDil": 559500000,
    "link": "https://www.sec.gov/Archives/edgar/data/8670/000000867006000268/0000008670-06-000268-index.htm",
    "finalLink": "https://www.sec.gov/Archives/edgar/data/8670/000000867006000268/septq07.htm"
  },
  {
    "date": "2006-06-30",
    "symbol": "ADP",
    "reportedCurrency": "USD",
    "cik": "0000008670",
    "fillingDate": "2006-08-30",
    "acceptedDate": "2006-08-30 15:13:49",
    "calendarYear": "2006",
    "period": "Q4",
    "revenue": 2473800000,
    "costOfRevenue": 1253200000,
    "grossProfit": 1220600000,
    "grossProfitRatio": 0.4934109467,
    "researchAndDevelopmentExpenses": 155300000,
    "generalAndAdministrativeExpenses": 602600000,
    "sellingAndMarketingExpenses": 0,
    "sellingGeneralAndAdministrativeExpenses": 602600000,
    "otherExpenses": 75100000,
    "operatingExpenses": 833000000,
    "costAndExpenses": 2086200000,
    "interestIncome": 0,
    "interestExpense": 0,
    "depreciationAndAmortization": 89700000,
    "ebitda": 477300000,
    "ebitdaratio": 0.1929420325,
    "operatingIncome": 387600000,
    "operatingIncomeRatio": 0.1566820276,
    "totalOtherIncomeExpensesNet": 37000000,
    "incomeBeforeTax": 424600000,
    "incomeBeforeTaxRatio": 0.1716387744,
    "incomeTaxExpense": 171500000,
    "netIncome": 703700000,
    "netIncomeRatio": 0.2844611529,
    "eps": 1.27,
    "epsdiluted": 1.26,
    "weightedAverageShsOut": 554200000,
    "weightedAverageShsOutDil": 559500000,
    "link": "https://www.sec.gov/Archives/edgar/data/8670/000120677406001911/0001206774-06-001911-index.htm",
    "finalLink": "https://www.sec.gov/Archives/edgar/data/8670/000120677406001911/adp_10k1.htm"
  },
  {
    "date": "2006-03-31",
    "symbol": "ADP",
    "reportedCurrency": "USD",
    "cik": "0000008670",
    "fillingDate": "2006-05-10",
    "acceptedDate": "2006-05-10 16:24:10",
    "calendarYear": "2006",
    "period": "Q3",
    "revenue": 2438600000,
    "costOfRevenue": 1148500000,
    "grossProfit": 1290100000,
    "grossProfitRatio": 0.5290330518,
    "researchAndDevelopmentExpenses": 146600000,
    "generalAndAdministrativeExpenses": 517300000,
    "sellingAndMarketingExpenses": 0,
    "sellingGeneralAndAdministrativeExpenses": 517300000,
    "otherExpenses": 70900000,
    "operatingExpenses": 734800000,
    "costAndExpenses": 1883300000,
    "interestIncome": 0,
    "interestExpense": 0,
    "depreciationAndAmortization": 72600000,
    "ebitda": 543000000,
    "ebitdaratio": 0.2226687444,
    "operatingIncome": 555300000,
    "operatingIncomeRatio": 0.227712622,
    "totalOtherIncomeExpensesNet": 215900000,
    "incomeBeforeTax": 571400000,
    "incomeBeforeTaxRatio": 0.2343147708,
    "incomeTaxExpense": 215900000,
    "netIncome": 370600000,
    "netIncomeRatio": 0.1519724432,
    "eps": 0.64,
    "epsdiluted": 0.64,
    "weightedAverageShsOut": 577500000,
    "weightedAverageShsOutDil": 582800000,
    "link": "https://www.sec.gov/Archives/edgar/data/8670/000000867006000104/0000008670-06-000104-index.htm",
    "finalLink": "https://www.sec.gov/Archives/edgar/data/8670/000000867006000104/march10q.htm"
  },
  {
    "date": "2005-12-31",
    "symbol": "ADP",
    "reportedCurrency": "USD",
    "cik": "0000008670",
    "fillingDate": "2006-02-07",
    "acceptedDate": "2006-02-06 17:37:44",
    "calendarYear": "2006",
    "period": "Q2",
    "revenue": 2153200000,
    "costOfRevenue": 992200000,
    "grossProfit": 1161000000,
    "grossProfitRatio": 0.5391974735,
    "researchAndDevelopmentExpenses": 163700000,
    "generalAndAdministrativeExpenses": 489000000,
    "sellingAndMarketingExpenses": 0,
    "sellingGeneralAndAdministrativeExpenses": 489000000,
    "otherExpenses": 79400000,
    "operatingExpenses": 732100000,
    "costAndExpenses": 1724300000,
    "interestIncome": 0,
    "interestExpense": 0,
    "depreciationAndAmortization": 99800000,
    "ebitda": 489700000,
    "ebitdaratio": 0.227428943,
    "operatingIncome": 428900000,
    "operatingIncomeRatio": 0.1991919004,
    "totalOtherIncomeExpensesNet": 165300000,
    "incomeBeforeTax": 438400000,
    "incomeBeforeTaxRatio": 0.2036039383,
    "incomeTaxExpense": 165300000,
    "netIncome": 259700000,
    "netIncomeRatio": 0.1206111834,
    "eps": 0.45,
    "epsdiluted": 0.45,
    "weightedAverageShsOut": 576200000,
    "weightedAverageShsOutDil": 582300000,
    "link": "https://www.sec.gov/Archives/edgar/data/8670/000000867006000083/0000008670-06-000083-index.htm",
    "finalLink": "https://www.sec.gov/Archives/edgar/data/8670/000000867006000083/dec10q.htm"
  },
  {
    "date": "2005-09-30",
    "symbol": "ADP",
    "reportedCurrency": "USD",
    "cik": "0000008670",
    "fillingDate": "2005-11-07",
    "acceptedDate": "2005-11-07 17:01:27",
    "calendarYear": "2006",
    "period": "Q1",
    "revenue": 2046200000,
    "costOfRevenue": 973500000,
    "grossProfit": 1072700000,
    "grossProfitRatio": 0.5242400547,
    "researchAndDevelopmentExpenses": 159800000,
    "generalAndAdministrativeExpenses": 485500000,
    "sellingAndMarketingExpenses": 0,
    "sellingGeneralAndAdministrativeExpenses": 485500000,
    "otherExpenses": 77600000,
    "operatingExpenses": 722900000,
    "costAndExpenses": 1696400000,
    "interestIncome": 0,
    "interestExpense": 0,
    "depreciationAndAmortization": 101900000,
    "ebitda": 431600000,
    "ebitdaratio": 0.2109275731,
    "operatingIncome": 349800000,
    "operatingIncomeRatio": 0.1709510312,
    "totalOtherIncomeExpensesNet": 3300000,
    "incomeBeforeTax": 353100000,
    "incomeBeforeTaxRatio": 0.1725637768,
    "incomeTaxExpense": 133100000,
    "netIncome": 220000000,
    "netIncomeRatio": 0.1075163718,
    "eps": 0.38,
    "epsdiluted": 0.38,
    "weightedAverageShsOut": 577300000,
    "weightedAverageShsOutDil": 582800000,
    "link": "https://www.sec.gov/Archives/edgar/data/8670/000000867005000244/0000008670-05-000244-index.htm",
    "finalLink": "https://www.sec.gov/Archives/edgar/data/8670/000000867005000244/oct10q.txt"
  },
  {
    "date": "2005-06-30",
    "symbol": "ADP",
    "reportedCurrency": "USD",
    "cik": "0000008670",
    "fillingDate": "2005-06-30",
    "acceptedDate": "2005-06-29 20:00:00",
    "calendarYear": "2005",
    "period": "Q4",
    "revenue": 2302471000,
    "costOfRevenue": 1118688000,
    "grossProfit": 1183783000,
    "grossProfitRatio": 0.5141359001,
    "researchAndDevelopmentExpenses": 170944000,
    "generalAndAdministrativeExpenses": 532693000,
    "sellingAndMarketingExpenses": 0,
    "sellingGeneralAndAdministrativeExpenses": 532693000,
    "otherExpenses": 76061000,
    "operatingExpenses": 779698000,
    "costAndExpenses": 1898386000,
    "interestIncome": 0,
    "interestExpense": 0,
    "depreciationAndAmortization": 102640000,
    "ebitda": 506725000,
    "ebitdaratio": 0.2200787762,
    "operatingIncome": 404085000,
    "operatingIncomeRatio": 0.1755005818,
    "totalOtherIncomeExpensesNet": 7305000,
    "incomeBeforeTax": 411390000,
    "incomeBeforeTaxRatio": 0.1786732602,
    "incomeTaxExpense": 152625000,
    "netIncome": 258765000,
    "netIncomeRatio": 0.1123857803,
    "eps": 0.45,
    "epsdiluted": 0.44,
    "weightedAverageShsOut": 577300000,
    "weightedAverageShsOutDil": 582800000,
    "link": "",
    "finalLink": ""
  },
  {
    "date": "2005-03-31",
    "symbol": "ADP",
    "reportedCurrency": "USD",
    "cik": "0000008670",
    "fillingDate": "2005-05-06",
    "acceptedDate": "2005-05-06 17:10:20",
    "calendarYear": "2005",
    "period": "Q3",
    "revenue": 2348963000,
    "costOfRevenue": 1068073000,
    "grossProfit": 1280890000,
    "grossProfitRatio": 0.5453002027,
    "researchAndDevelopmentExpenses": 154362000,
    "generalAndAdministrativeExpenses": 512886000,
    "sellingAndMarketingExpenses": 0,
    "sellingGeneralAndAdministrativeExpenses": 512886000,
    "otherExpenses": 77757000,
    "operatingExpenses": 745005000,
    "costAndExpenses": 1813078000,
    "interestIncome": 0,
    "interestExpense": 0,
    "depreciationAndAmortization": 106084000,
    "ebitda": 589824000,
    "ebitdaratio": 0.2510997406,
    "operatingIncome": 535885000,
    "operatingIncomeRatio": 0.2281368417,
    "totalOtherIncomeExpensesNet": 2065000,
    "incomeBeforeTax": 537950000,
    "incomeBeforeTaxRatio": 0.229015953,
    "incomeTaxExpense": 199579000,
    "netIncome": 338371000,
    "netIncomeRatio": 0.144051226,
    "eps": 0.58,
    "epsdiluted": 0.57,
    "weightedAverageShsOut": 584000000,
    "weightedAverageShsOutDil": 590500000,
    "link": "https://www.sec.gov/Archives/edgar/data/8670/000000867005000118/0000008670-05-000118-index.htm",
    "finalLink": "https://www.sec.gov/Archives/edgar/data/8670/000000867005000118/marchq.txt"
  },
  {
    "date": "2004-12-31",
    "symbol": "ADP",
    "reportedCurrency": "USD",
    "cik": "0000008670",
    "fillingDate": "2005-02-08",
    "acceptedDate": "2005-02-08 17:12:39",
    "calendarYear": "2005",
    "period": "Q2",
    "revenue": 1993584000,
    "costOfRevenue": 915719000,
    "grossProfit": 1077865000,
    "grossProfitRatio": 0.5406669596,
    "researchAndDevelopmentExpenses": 150070000,
    "generalAndAdministrativeExpenses": 465363000,
    "sellingAndMarketingExpenses": 0,
    "sellingGeneralAndAdministrativeExpenses": 465363000,
    "otherExpenses": 76161000,
    "operatingExpenses": 691594000,
    "costAndExpenses": 1607313000,
    "interestIncome": 0,
    "interestExpense": 0,
    "depreciationAndAmortization": 107734000,
    "ebitda": 494005000,
    "ebitdaratio": 0.2477974342,
    "operatingIncome": 386271000,
    "operatingIncomeRatio": 0.1937570727,
    "totalOtherIncomeExpensesNet": 11349000,
    "incomeBeforeTax": 397620000,
    "incomeBeforeTaxRatio": 0.1994498351,
    "incomeTaxExpense": 147517000,
    "netIncome": 250103000,
    "netIncomeRatio": 0.1254539563,
    "eps": 0.43,
    "epsdiluted": 0.42,
    "weightedAverageShsOut": 583200000,
    "weightedAverageShsOutDil": 591100000,
    "link": "https://www.sec.gov/Archives/edgar/data/8670/000000867005000098/0000008670-05-000098-index.htm",
    "finalLink": "https://www.sec.gov/Archives/edgar/data/8670/000000867005000098/decemberq.txt"
  },
  {
    "date": "2004-09-30",
    "symbol": "ADP",
    "reportedCurrency": "USD",
    "cik": "0000008670",
    "fillingDate": "2004-11-04",
    "acceptedDate": "2004-11-04 17:02:30",
    "calendarYear": "2005",
    "period": "Q1",
    "revenue": 1854682000,
    "costOfRevenue": 867020000,
    "grossProfit": 987662000,
    "grossProfitRatio": 0.5325236348,
    "researchAndDevelopmentExpenses": 148724000,
    "generalAndAdministrativeExpenses": 446158000,
    "sellingAndMarketingExpenses": 0,
    "sellingGeneralAndAdministrativeExpenses": 446158000,
    "otherExpenses": 74421000,
    "operatingExpenses": 669303000,
    "costAndExpenses": 1536323000,
    "interestIncome": 0,
    "interestExpense": 0,
    "depreciationAndAmortization": 107942000,
    "ebitda": 426301000,
    "ebitdaratio": 0.2298512629,
    "operatingIncome": 318359000,
    "operatingIncomeRatio": 0.1716515284,
    "totalOtherIncomeExpensesNet": 12581000,
    "incomeBeforeTax": 330940000,
    "incomeBeforeTaxRatio": 0.1784349015,
    "incomeTaxExpense": 122779000,
    "netIncome": 208161000,
    "netIncomeRatio": 0.1122354129,
    "eps": 0.36,
    "epsdiluted": 0.35,
    "weightedAverageShsOut": 583551000,
    "weightedAverageShsOutDil": 589952000,
    "link": "https://www.sec.gov/Archives/edgar/data/8670/000000867004000192/0000008670-04-000192-index.htm",
    "finalLink": "https://www.sec.gov/Archives/edgar/data/8670/000000867004000192/september.txt"
  },
  {
    "date": "2004-06-30",
    "symbol": "ADP",
    "reportedCurrency": "USD",
    "cik": "0000008670",
    "fillingDate": "2004-06-30",
    "acceptedDate": "2004-06-29 20:00:00",
    "calendarYear": "2004",
    "period": "Q4",
    "revenue": 2085830000,
    "costOfRevenue": 976499000,
    "grossProfit": 1109331000,
    "grossProfitRatio": 0.5318415211,
    "researchAndDevelopmentExpenses": 171462000,
    "generalAndAdministrativeExpenses": 529775000,
    "sellingAndMarketingExpenses": 0,
    "sellingGeneralAndAdministrativeExpenses": 529775000,
    "otherExpenses": 81252000,
    "operatingExpenses": 782489000,
    "costAndExpenses": 1758988000,
    "interestIncome": 0,
    "interestExpense": 0,
    "depreciationAndAmortization": 81252000,
    "ebitda": 408094000,
    "ebitdaratio": 0.1956506523,
    "operatingIncome": 326842000,
    "operatingIncomeRatio": 0.1566963751,
    "totalOtherIncomeExpensesNet": 11638000,
    "incomeBeforeTax": 338480000,
    "incomeBeforeTaxRatio": 0.1622759285,
    "incomeTaxExpense": 126590000,
    "netIncome": 211890000,
    "netIncomeRatio": 0.10158546,
    "eps": 0.36,
    "epsdiluted": 0.36,
    "weightedAverageShsOut": 583551000,
    "weightedAverageShsOutDil": 589952000,
    "link": "",
    "finalLink": ""
  },
  {
    "date": "2004-03-31",
    "symbol": "ADP",
    "reportedCurrency": "USD",
    "cik": "0000008670",
    "fillingDate": "2004-05-10",
    "acceptedDate": "2004-05-10 16:47:14",
    "calendarYear": "2004",
    "period": "Q3",
    "revenue": 2121435000,
    "costOfRevenue": 944373000,
    "grossProfit": 1177062000,
    "grossProfitRatio": 0.5548423591,
    "researchAndDevelopmentExpenses": 144824000,
    "generalAndAdministrativeExpenses": 487410000,
    "sellingAndMarketingExpenses": 0,
    "sellingGeneralAndAdministrativeExpenses": 487410000,
    "otherExpenses": 77185000,
    "operatingExpenses": 709419000,
    "costAndExpenses": 1653792000,
    "interestIncome": 0,
    "interestExpense": 0,
    "depreciationAndAmortization": 77185000,
    "ebitda": 544828000,
    "ebitdaratio": 0.2568205012,
    "operatingIncome": 467643000,
    "operatingIncomeRatio": 0.2204371098,
    "totalOtherIncomeExpensesNet": 11997000,
    "incomeBeforeTax": 479640000,
    "incomeBeforeTaxRatio": 0.2260922442,
    "incomeTaxExpense": 179390000,
    "netIncome": 300250000,
    "netIncomeRatio": 0.1415315576,
    "eps": 0.51,
    "epsdiluted": 0.5,
    "weightedAverageShsOut": 591210000,
    "weightedAverageShsOutDil": 599479000,
    "link": "https://www.sec.gov/Archives/edgar/data/8670/000000867004000085/0000008670-04-000085-index.htm",
    "finalLink": "https://www.sec.gov/Archives/edgar/data/8670/000000867004000085/march10q.txt"
  },
  {
    "date": "2003-12-31",
    "symbol": "ADP",
    "reportedCurrency": "USD",
    "cik": "0000008670",
    "fillingDate": "2004-02-03",
    "acceptedDate": "2004-02-03 15:14:06",
    "calendarYear": "2004",
    "period": "Q2",
    "revenue": 1827400000,
    "costOfRevenue": 810300000,
    "grossProfit": 1017100000,
    "grossProfitRatio": 0.5565831236,
    "researchAndDevelopmentExpenses": 133125000,
    "generalAndAdministrativeExpenses": 459293000,
    "sellingAndMarketingExpenses": 0,
    "sellingGeneralAndAdministrativeExpenses": 459293000,
    "otherExpenses": 73609000,
    "operatingExpenses": 666027000,
    "costAndExpenses": 1476327000,
    "interestIncome": 0,
    "interestExpense": 0,
    "depreciationAndAmortization": 73609000,
    "ebitda": 424682000,
    "ebitdaratio": 0.232396848,
    "operatingIncome": 351073000,
    "operatingIncomeRatio": 0.1921161213,
    "totalOtherIncomeExpensesNet": 14067000,
    "incomeBeforeTax": 365140000,
    "incomeBeforeTaxRatio": 0.1998139433,
    "incomeTaxExpense": 136560000,
    "netIncome": 228580000,
    "netIncomeRatio": 0.12508482,
    "eps": 0.39,
    "epsdiluted": 0.38,
    "weightedAverageShsOut": 591685000,
    "weightedAverageShsOutDil": 597624000,
    "link": "https://www.sec.gov/Archives/edgar/data/8670/000000867004000053/0000008670-04-000053-index.htm",
    "finalLink": "https://www.sec.gov/Archives/edgar/data/8670/000000867004000053/decemberq.txt"
  },
  {
    "date": "2003-09-30",
    "symbol": "ADP",
    "reportedCurrency": "USD",
    "cik": "0000008670",
    "fillingDate": "2003-11-05",
    "acceptedDate": "2003-11-05 17:29:21",
    "calendarYear": "2004",
    "period": "Q1",
    "revenue": 1720277000,
    "costOfRevenue": 794241000,
    "grossProfit": 926036000,
    "grossProfitRatio": 0.5383063309,
    "researchAndDevelopmentExpenses": 131754000,
    "generalAndAdministrativeExpenses": 426878000,
    "sellingAndMarketingExpenses": 0,
    "sellingGeneralAndAdministrativeExpenses": 426878000,
    "otherExpenses": 74726000,
    "operatingExpenses": 633358000,
    "costAndExpenses": 1427599000,
    "interestIncome": 0,
    "interestExpense": 0,
    "depreciationAndAmortization": 74726000,
    "ebitda": 367404000,
    "ebitdaratio": 0.2135725816,
    "operatingIncome": 292678000,
    "operatingIncomeRatio": 0.1701342284,
    "totalOtherIncomeExpensesNet": 18592000,
    "incomeBeforeTax": 311270000,
    "incomeBeforeTaxRatio": 0.1809417902,
    "incomeTaxExpense": 116420000,
    "netIncome": 194850000,
    "netIncomeRatio": 0.1132666425,
    "eps": 0.33,
    "epsdiluted": 0.32,
    "weightedAverageShsOut": 594843000,
    "weightedAverageShsOutDil": 600849000,
    "link": "https://www.sec.gov/Archives/edgar/data/8670/000000867003000347/0000008670-03-000347-index.htm",
    "finalLink": "https://www.sec.gov/Archives/edgar/data/8670/000000867003000347/form10q.txt"
  },
  {
    "date": "2003-06-30",
    "symbol": "ADP",
    "reportedCurrency": "USD",
    "cik": "0000008670",
    "fillingDate": "2003-06-30",
    "acceptedDate": "2003-06-29 20:00:00",
    "calendarYear": "2003",
    "period": "Q4",
    "revenue": 1911559000,
    "costOfRevenue": 888955000,
    "grossProfit": 1022604000,
    "grossProfitRatio": 0.5349581153,
    "researchAndDevelopmentExpenses": 134513000,
    "generalAndAdministrativeExpenses": 495602000,
    "sellingAndMarketingExpenses": 0,
    "sellingGeneralAndAdministrativeExpenses": 495602000,
    "otherExpenses": 70796000,
    "operatingExpenses": 700911000,
    "costAndExpenses": 1589866000,
    "interestIncome": 0,
    "interestExpense": 0,
    "depreciationAndAmortization": 70796000,
    "ebitda": 392489000,
    "ebitdaratio": 0.2053240313,
    "operatingIncome": 321693000,
    "operatingIncomeRatio": 0.1682882924,
    "totalOtherIncomeExpensesNet": 26657000,
    "incomeBeforeTax": 348350000,
    "incomeBeforeTaxRatio": 0.1822334545,
    "incomeTaxExpense": 131680000,
    "netIncome": 216670000,
    "netIncomeRatio": 0.1133472731,
    "eps": 0.36,
    "epsdiluted": 0.36,
    "weightedAverageShsOut": 594843000,
    "weightedAverageShsOutDil": 600849000,
    "link": "",
    "finalLink": ""
  },
  {
    "date": "2003-03-31",
    "symbol": "ADP",
    "reportedCurrency": "USD",
    "cik": "0000008670",
    "fillingDate": "2003-05-02",
    "acceptedDate": "2003-05-02 12:35:47",
    "calendarYear": "2003",
    "period": "Q3",
    "revenue": 1905778000,
    "costOfRevenue": 796580000,
    "grossProfit": 1109198000,
    "grossProfitRatio": 0.5820184722,
    "researchAndDevelopmentExpenses": 123401000,
    "generalAndAdministrativeExpenses": 412793000,
    "sellingAndMarketingExpenses": 0,
    "sellingGeneralAndAdministrativeExpenses": 412793000,
    "otherExpenses": 67503000,
    "operatingExpenses": 603697000,
    "costAndExpenses": 1400277000,
    "interestIncome": 0,
    "interestExpense": 0,
    "depreciationAndAmortization": 67503000,
    "ebitda": 573004000,
    "ebitdaratio": 0.3006667093,
    "operatingIncome": 505501000,
    "operatingIncomeRatio": 0.2652465292,
    "totalOtherIncomeExpensesNet": 27499000,
    "incomeBeforeTax": 533000000,
    "incomeBeforeTaxRatio": 0.2796758069,
    "incomeTaxExpense": 203610000,
    "netIncome": 329390000,
    "netIncomeRatio": 0.1728375498,
    "eps": 0.55,
    "epsdiluted": 0.54,
    "weightedAverageShsOut": 600217000,
    "weightedAverageShsOutDil": 605340000,
    "link": "https://www.sec.gov/Archives/edgar/data/8670/000000867003000082/0000008670-03-000082-index.htm",
    "finalLink": "https://www.sec.gov/Archives/edgar/data/8670/000000867003000082/march.txt"
  },
  {
    "date": "2002-12-31",
    "symbol": "ADP",
    "reportedCurrency": "USD",
    "cik": "0000008670",
    "fillingDate": "2003-01-31",
    "acceptedDate": "2003-01-31 16:37:18",
    "calendarYear": "2003",
    "period": "Q2",
    "revenue": 1682995000,
    "costOfRevenue": 702716000,
    "grossProfit": 980279000,
    "grossProfitRatio": 0.5824610293,
    "researchAndDevelopmentExpenses": 121380000,
    "generalAndAdministrativeExpenses": 402005000,
    "sellingAndMarketingExpenses": 0,
    "sellingGeneralAndAdministrativeExpenses": 402005000,
    "otherExpenses": 68699000,
    "operatingExpenses": 592084000,
    "costAndExpenses": 1294800000,
    "interestIncome": 0,
    "interestExpense": 0,
    "depreciationAndAmortization": 68699000,
    "ebitda": 456894000,
    "ebitdaratio": 0.2714767424,
    "operatingIncome": 388195000,
    "operatingIncomeRatio": 0.2306572509,
    "totalOtherIncomeExpensesNet": 35255000,
    "incomeBeforeTax": 423450000,
    "incomeBeforeTaxRatio": 0.2516050256,
    "incomeTaxExpense": 161760000,
    "netIncome": 261690000,
    "netIncomeRatio": 0.155490658,
    "eps": 0.44,
    "epsdiluted": 0.43,
    "weightedAverageShsOut": 594750000,
    "weightedAverageShsOutDil": 608581395,
    "link": "https://www.sec.gov/Archives/edgar/data/8670/000000867003000051/0000008670-03-000051-index.htm",
    "finalLink": "https://www.sec.gov/Archives/edgar/data/8670/000000867003000051/janaury.txt"
  },
  {
    "date": "2002-09-30",
    "symbol": "ADP",
    "reportedCurrency": "USD",
    "cik": "0000008670",
    "fillingDate": "2002-10-31",
    "acceptedDate": "2002-10-31 12:50:14",
    "calendarYear": "2003",
    "period": "Q1",
    "revenue": 1646685000,
    "costOfRevenue": 708468000,
    "grossProfit": 938217000,
    "grossProfitRatio": 0.5697610654,
    "researchAndDevelopmentExpenses": 119898000,
    "generalAndAdministrativeExpenses": 447953000,
    "sellingAndMarketingExpenses": 0,
    "sellingGeneralAndAdministrativeExpenses": 447953000,
    "otherExpenses": 67684000,
    "operatingExpenses": 635535000,
    "costAndExpenses": 1344003000,
    "interestIncome": 0,
    "interestExpense": 0,
    "depreciationAndAmortization": 67684000,
    "ebitda": 370366000,
    "ebitdaratio": 0.2249161194,
    "operatingIncome": 302682000,
    "operatingIncomeRatio": 0.1838129333,
    "totalOtherIncomeExpensesNet": 37718000,
    "incomeBeforeTax": 340400000,
    "incomeBeforeTaxRatio": 0.2067183463,
    "incomeTaxExpense": 130000000,
    "netIncome": 210400000,
    "netIncomeRatio": 0.1277718568,
    "eps": 0.35,
    "epsdiluted": 0.34,
    "weightedAverageShsOut": 601142857,
    "weightedAverageShsOutDil": 618823529,
    "link": "https://www.sec.gov/Archives/edgar/data/8670/000000867002000019/0000008670-02-000019-index.htm",
    "finalLink": "https://www.sec.gov/Archives/edgar/data/8670/000000867002000019/september.txt"
  },
  {
    "date": "2002-06-30",
    "symbol": "ADP",
    "reportedCurrency": "USD",
    "cik": "0000008670",
    "fillingDate": "2002-06-30",
    "acceptedDate": "2002-06-29 20:00:00",
    "calendarYear": "2002",
    "period": "Q4",
    "revenue": 1845316000,
    "costOfRevenue": 829831000,
    "grossProfit": 1015485000,
    "grossProfitRatio": 0.5503041214,
    "researchAndDevelopmentExpenses": 125087000,
    "generalAndAdministrativeExpenses": 387354000,
    "sellingAndMarketingExpenses": 0,
    "sellingGeneralAndAdministrativeExpenses": 387354000,
    "otherExpenses": 67962000,
    "operatingExpenses": 580403000,
    "costAndExpenses": 1410234000,
    "interestIncome": 0,
    "interestExpense": 0,
    "depreciationAndAmortization": 67962000,
    "ebitda": 503044000,
    "ebitdaratio": 0.2726058843,
    "operatingIncome": 435082000,
    "operatingIncomeRatio": 0.2357764199,
    "totalOtherIncomeExpensesNet": 29938000,
    "incomeBeforeTax": 465020000,
    "incomeBeforeTaxRatio": 0.2520001994,
    "incomeTaxExpense": 177710000,
    "netIncome": 287310000,
    "netIncomeRatio": 0.1556969104,
    "eps": 0.48,
    "epsdiluted": 0.46,
    "weightedAverageShsOut": 601142857,
    "weightedAverageShsOutDil": 618823529,
    "link": "",
    "finalLink": ""
  },
  {
    "date": "2002-03-31",
    "symbol": "ADP",
    "reportedCurrency": "USD",
    "cik": "0000008670",
    "fillingDate": "2002-05-06",
    "acceptedDate": "2002-05-06 10:41:37",
    "calendarYear": "2002",
    "period": "Q3",
    "revenue": 1870036000,
    "costOfRevenue": 772492000,
    "grossProfit": 1097544000,
    "grossProfitRatio": 0.5869106263,
    "researchAndDevelopmentExpenses": 116387000,
    "generalAndAdministrativeExpenses": 369217000,
    "sellingAndMarketingExpenses": 0,
    "sellingGeneralAndAdministrativeExpenses": 369217000,
    "otherExpenses": 73203000,
    "operatingExpenses": 558807000,
    "costAndExpenses": 1331299000,
    "interestIncome": 0,
    "interestExpense": 0,
    "depreciationAndAmortization": 73203000,
    "ebitda": 611940000,
    "ebitdaratio": 0.327234342,
    "operatingIncome": 538737000,
    "operatingIncomeRatio": 0.2880891063,
    "totalOtherIncomeExpensesNet": 33113000,
    "incomeBeforeTax": 571850000,
    "incomeBeforeTaxRatio": 0.3057962521,
    "incomeTaxExpense": 219590000,
    "netIncome": 352260000,
    "netIncomeRatio": 0.1883707052,
    "eps": 0.57,
    "epsdiluted": 0.56,
    "weightedAverageShsOut": 618000000,
    "weightedAverageShsOutDil": 629035714,
    "link": "https://www.sec.gov/Archives/edgar/data/8670/000000867002000005/0000008670-02-000005-index.htm",
    "finalLink": "https://www.sec.gov/Archives/edgar/data/8670/000000867002000005/marchq.txt"
  },
  {
    "date": "2001-12-31",
    "symbol": "ADP",
    "reportedCurrency": "USD",
    "cik": "0000008670",
    "fillingDate": "2002-01-31",
    "acceptedDate": "2002-01-31 00:00:00",
    "calendarYear": "2002",
    "period": "Q2",
    "revenue": 1681028000,
    "costOfRevenue": 691970000,
    "grossProfit": 989058000,
    "grossProfitRatio": 0.5883649767,
    "researchAndDevelopmentExpenses": 117540000,
    "generalAndAdministrativeExpenses": 393558000,
    "sellingAndMarketingExpenses": 0,
    "sellingGeneralAndAdministrativeExpenses": 393558000,
    "otherExpenses": 68449000,
    "operatingExpenses": 579547000,
    "costAndExpenses": 1271517000,
    "interestIncome": 0,
    "interestExpense": 0,
    "depreciationAndAmortization": 68449000,
    "ebitda": 477960000,
    "ebitdaratio": 0.2843260196,
    "operatingIncome": 409511000,
    "operatingIncomeRatio": 0.243607483,
    "totalOtherIncomeExpensesNet": 20389000,
    "incomeBeforeTax": 429900000,
    "incomeBeforeTaxRatio": 0.2557363708,
    "incomeTaxExpense": 165300000,
    "netIncome": 264600000,
    "netIncomeRatio": 0.1574036839,
    "eps": 0.43,
    "epsdiluted": 0.42,
    "weightedAverageShsOut": 620272000,
    "weightedAverageShsOutDil": 630000000,
    "link": "https://www.sec.gov/Archives/edgar/data/8670/000000867002000002/0000008670-02-000002-index.htm",
    "finalLink": "https://www.sec.gov/Archives/edgar/data/8670/000000867002000002/decembr.txt"
  },
  {
    "date": "2001-09-30",
    "symbol": "ADP",
    "reportedCurrency": "USD",
    "cik": "0000008670",
    "fillingDate": "2001-11-07",
    "acceptedDate": "2001-11-07 00:00:00",
    "calendarYear": "2002",
    "period": "Q1",
    "revenue": 1607883000,
    "costOfRevenue": 676352000,
    "grossProfit": 931531000,
    "grossProfitRatio": 0.5793524778,
    "researchAndDevelopmentExpenses": 115829000,
    "generalAndAdministrativeExpenses": 456561000,
    "sellingAndMarketingExpenses": 0,
    "sellingGeneralAndAdministrativeExpenses": 456561000,
    "otherExpenses": 69463000,
    "operatingExpenses": 641853000,
    "costAndExpenses": 1318205000,
    "interestIncome": 0,
    "interestExpense": 0,
    "depreciationAndAmortization": 69463000,
    "ebitda": 359141000,
    "ebitdaratio": 0.2233626452,
    "operatingIncome": 289678000,
    "operatingIncomeRatio": 0.1801611187,
    "totalOtherIncomeExpensesNet": 30522000,
    "incomeBeforeTax": 320200000,
    "incomeBeforeTaxRatio": 0.1991438432,
    "incomeTaxExpense": 123600000,
    "netIncome": 196600000,
    "netIncomeRatio": 0.1222725783,
    "eps": 0.32,
    "epsdiluted": 0.31,
    "weightedAverageShsOut": 620561000,
    "weightedAverageShsOutDil": 632576000,
    "link": "https://www.sec.gov/Archives/edgar/data/8670/000000867001500023/0000008670-01-500023-index.htm",
    "finalLink": "https://www.sec.gov/Archives/edgar/data/8670/000000867001500023/septembe.txt"
  },
  {
    "date": "2001-06-30",
    "symbol": "ADP",
    "reportedCurrency": "USD",
    "cik": "0000008670",
    "fillingDate": "2001-09-14",
    "acceptedDate": "2001-09-14 00:00:00",
    "calendarYear": "2001",
    "period": "Q4",
    "revenue": 1853088000,
    "costOfRevenue": 808764000,
    "grossProfit": 1044324000,
    "grossProfitRatio": 0.5635587732,
    "researchAndDevelopmentExpenses": 141138000,
    "generalAndAdministrativeExpenses": 401285000,
    "sellingAndMarketingExpenses": 0,
    "sellingGeneralAndAdministrativeExpenses": 401285000,
    "otherExpenses": 80874000,
    "operatingExpenses": 623297000,
    "costAndExpenses": 1432061000,
    "interestIncome": 0,
    "interestExpense": 0,
    "depreciationAndAmortization": 80874000,
    "ebitda": 501901000,
    "ebitdaratio": 0.270845745,
    "operatingIncome": 421027000,
    "operatingIncomeRatio": 0.2272029175,
    "totalOtherIncomeExpensesNet": -927000,
    "incomeBeforeTax": 420100000,
    "incomeBeforeTaxRatio": 0.2267026714,
    "incomeTaxExpense": 165100000,
    "netIncome": 255000000,
    "netIncomeRatio": 0.1376081438,
    "eps": 0.41,
    "epsdiluted": 0.4,
    "weightedAverageShsOut": 616600200,
    "weightedAverageShsOutDil": 634193548,
    "link": "https://www.sec.gov/Archives/edgar/data/8670/000000867001500017/0000008670-01-500017-index.htm",
    "finalLink": "https://www.sec.gov/Archives/edgar/data/8670/000000867001500017/form10k405.txt"
  },
  {
    "date": "2001-03-31",
    "symbol": "ADP",
    "reportedCurrency": "USD",
    "cik": "0000008670",
    "fillingDate": "2001-05-04",
    "acceptedDate": "2001-05-04 00:00:00",
    "calendarYear": "2001",
    "period": "Q3",
    "revenue": 1894320000,
    "costOfRevenue": 754300000,
    "grossProfit": 1140020000,
    "grossProfitRatio": 0.6018096203,
    "researchAndDevelopmentExpenses": 126564000,
    "generalAndAdministrativeExpenses": 418101000,
    "sellingAndMarketingExpenses": 0,
    "sellingGeneralAndAdministrativeExpenses": 418101000,
    "otherExpenses": 79914000,
    "operatingExpenses": 624579000,
    "costAndExpenses": 1378879000,
    "interestIncome": 0,
    "interestExpense": 0,
    "depreciationAndAmortization": 79914000,
    "ebitda": 554800000,
    "ebitdaratio": 0.2928755437,
    "operatingIncome": 515441000,
    "operatingIncomeRatio": 0.2720981672,
    "totalOtherIncomeExpensesNet": -40041000,
    "incomeBeforeTax": 475400000,
    "incomeBeforeTaxRatio": 0.2509607669,
    "incomeTaxExpense": 186520000,
    "netIncome": 288880000,
    "netIncomeRatio": 0.152497994,
    "eps": 0.46,
    "epsdiluted": 0.45,
    "weightedAverageShsOut": 629905000,
    "weightedAverageShsOutDil": 645674000,
    "link": "https://www.sec.gov/Archives/edgar/data/8670/000000867001500009/0000008670-01-500009-index.htm",
    "finalLink": "https://www.sec.gov/Archives/edgar/data/8670/000000867001500009/exhibit10q.txt"
  },
  {
    "date": "2000-12-31",
    "symbol": "ADP",
    "reportedCurrency": "USD",
    "cik": "0000008670",
    "fillingDate": "2001-01-26",
    "acceptedDate": "2001-01-26 00:00:00",
    "calendarYear": "2001",
    "period": "Q2",
    "revenue": 1553721000,
    "costOfRevenue": 677102000,
    "grossProfit": 876619000,
    "grossProfitRatio": 0.5642061863,
    "researchAndDevelopmentExpenses": 127503000,
    "generalAndAdministrativeExpenses": 410627000,
    "sellingAndMarketingExpenses": 0,
    "sellingGeneralAndAdministrativeExpenses": 410627000,
    "otherExpenses": 78524000,
    "operatingExpenses": 616654000,
    "costAndExpenses": 1293756000,
    "interestIncome": 0,
    "interestExpense": 0,
    "depreciationAndAmortization": 78524000,
    "ebitda": 424590000,
    "ebitdaratio": 0.2732730008,
    "operatingIncome": 259965000,
    "operatingIncomeRatio": 0.1673176844,
    "totalOtherIncomeExpensesNet": 82935000,
    "incomeBeforeTax": 342900000,
    "incomeBeforeTaxRatio": 0.2206959937,
    "incomeTaxExpense": 135460000,
    "netIncome": 207440000,
    "netIncomeRatio": 0.1335117437,
    "eps": 0.33,
    "epsdiluted": 0.32,
    "weightedAverageShsOut": 632082000,
    "weightedAverageShsOutDil": 651807000,
    "link": "https://www.sec.gov/Archives/edgar/data/8670/000000867001500006/0000008670-01-500006-index.htm",
    "finalLink": "https://www.sec.gov/Archives/edgar/data/8670/000000867001500006/december.txt"
  },
  {
    "date": "2000-09-30",
    "symbol": "ADP",
    "reportedCurrency": "USD",
    "cik": "0000008670",
    "fillingDate": "2000-11-13",
    "acceptedDate": "2000-11-13 00:00:00",
    "calendarYear": "2001",
    "period": "Q1",
    "revenue": 1470884000,
    "costOfRevenue": 659958000,
    "grossProfit": 810926000,
    "grossProfitRatio": 0.5513187988,
    "researchAndDevelopmentExpenses": 119074000,
    "generalAndAdministrativeExpenses": 435435000,
    "sellingAndMarketingExpenses": 0,
    "sellingGeneralAndAdministrativeExpenses": 435435000,
    "otherExpenses": 81544000,
    "operatingExpenses": 636053000,
    "costAndExpenses": 1296011000,
    "interestIncome": 0,
    "interestExpense": 0,
    "depreciationAndAmortization": 81544000,
    "ebitda": 329662000,
    "ebitdaratio": 0.224125084,
    "operatingIncome": 174873000,
    "operatingIncomeRatio": 0.1188897289,
    "totalOtherIncomeExpensesNet": 111737000,
    "incomeBeforeTax": 286610000,
    "incomeBeforeTaxRatio": 0.1948556106,
    "incomeTaxExpense": 113210000,
    "netIncome": 173400000,
    "netIncomeRatio": 0.1178882903,
    "eps": 0.28,
    "epsdiluted": 0.27,
    "weightedAverageShsOut": 629991000,
    "weightedAverageShsOutDil": 649096000,
    "link": "https://www.sec.gov/Archives/edgar/data/8670/000000867000500008/0000008670-00-500008-index.htm",
    "finalLink": "https://www.sec.gov/Archives/edgar/data/8670/000000867000500008/september.txt"
  },
  {
    "date": "2000-06-30",
    "symbol": "ADP",
    "reportedCurrency": "USD",
    "cik": "0000008670",
    "fillingDate": "2000-09-12",
    "acceptedDate": "2000-09-12 00:00:00",
    "calendarYear": "2000",
    "period": "Q4",
    "revenue": 1375605000,
    "costOfRevenue": 737694000,
    "grossProfit": 637911000,
    "grossProfitRatio": 0.463731231,
    "researchAndDevelopmentExpenses": 127648000,
    "generalAndAdministrativeExpenses": 396343000,
    "sellingAndMarketingExpenses": 0,
    "sellingGeneralAndAdministrativeExpenses": 396343000,
    "otherExpenses": 78250000,
    "operatingExpenses": 602241000,
    "costAndExpenses": 1339935000,
    "interestIncome": 0,
    "interestExpense": 0,
    "depreciationAndAmortization": 78250000,
    "ebitda": 113920000,
    "ebitdaratio": 0.0828144707,
    "operatingIncome": 35670000,
    "operatingIncomeRatio": 0.0259304088,
    "totalOtherIncomeExpensesNet": 313090000,
    "incomeBeforeTax": 348760000,
    "incomeBeforeTaxRatio": 0.2535320822,
    "incomeTaxExpense": 124970000,
    "netIncome": 223790000,
    "netIncomeRatio": 0.1626847823,
    "eps": 0.36,
    "epsdiluted": 0.35,
    "weightedAverageShsOut": 619285714,
    "weightedAverageShsOutDil": 642222222,
    "link": "https://www.sec.gov/Archives/edgar/data/8670/000000867000000026/0000008670-00-000026-index.htm",
    "finalLink": "https://www.sec.gov/Archives/edgar/data/8670/000000867000000026/0000008670-00-000026-0001.txt"
  },
  {
    "date": "2000-03-31",
    "symbol": "ADP",
    "reportedCurrency": "USD",
    "cik": "0000008670",
    "fillingDate": "2000-05-08",
    "acceptedDate": "2000-05-08 00:00:00",
    "calendarYear": "2000",
    "period": "Q3",
    "revenue": 1719730000,
    "costOfRevenue": 661935000,
    "grossProfit": 1057795000,
    "grossProfitRatio": 0.6150936484,
    "researchAndDevelopmentExpenses": 119747000,
    "generalAndAdministrativeExpenses": 446931000,
    "sellingAndMarketingExpenses": 0,
    "sellingGeneralAndAdministrativeExpenses": 446931000,
    "otherExpenses": 72851000,
    "operatingExpenses": 639529000,
    "costAndExpenses": 1301464000,
    "interestIncome": 0,
    "interestExpense": 0,
    "depreciationAndAmortization": 72832000,
    "ebitda": 491117000,
    "ebitdaratio": 0.2855779686,
    "operatingIncome": 418266000,
    "operatingIncomeRatio": 0.2432160862,
    "totalOtherIncomeExpensesNet": -2816000,
    "incomeBeforeTax": 415450000,
    "incomeBeforeTaxRatio": 0.2415786199,
    "incomeTaxExpense": 144140000,
    "netIncome": 271310000,
    "netIncomeRatio": 0.1577631372,
    "eps": 0.43,
    "epsdiluted": 0.42,
    "weightedAverageShsOut": 630953488,
    "weightedAverageShsOutDil": 645976190,
    "link": "https://www.sec.gov/Archives/edgar/data/8670/000000867000000009/0000008670-00-000009-index.html",
    "finalLink": "https://www.sec.gov/Archives/edgar/data/8670/000000867000000009/"
  },
  {
    "date": "1999-12-31",
    "symbol": "ADP",
    "reportedCurrency": "USD",
    "cik": "0000008670",
    "fillingDate": "2000-02-08",
    "acceptedDate": "2000-02-08 00:00:00",
    "calendarYear": "2000",
    "period": "Q2",
    "revenue": 1492500000,
    "costOfRevenue": 613800000,
    "grossProfit": 878700000,
    "grossProfitRatio": 0.5887437186,
    "researchAndDevelopmentExpenses": 109200000,
    "generalAndAdministrativeExpenses": 395100000,
    "sellingAndMarketingExpenses": 0,
    "sellingGeneralAndAdministrativeExpenses": 395100000,
    "otherExpenses": 67500000,
    "operatingExpenses": 571800000,
    "costAndExpenses": 1185600000,
    "interestIncome": 0,
    "interestExpense": 0,
    "depreciationAndAmortization": 67600000,
    "ebitda": 374500000,
    "ebitdaratio": 0.250921273,
    "operatingIncome": 306900000,
    "operatingIncomeRatio": 0.2056281407,
    "totalOtherIncomeExpensesNet": -3700000,
    "incomeBeforeTax": 303200000,
    "incomeBeforeTaxRatio": 0.2031490787,
    "incomeTaxExpense": 103700000,
    "netIncome": 199500000,
    "netIncomeRatio": 0.1336683417,
    "eps": 0.32,
    "epsdiluted": 0.31,
    "weightedAverageShsOut": 625665000,
    "weightedAverageShsOutDil": 645658000,
    "link": "https://www.sec.gov/Archives/edgar/data/8670/000000867000000006/0000008670-00-000006-index.html",
    "finalLink": "https://www.sec.gov/Archives/edgar/data/8670/000000867000000006/"
  },
  {
    "date": "1999-09-30",
    "symbol": "ADP",
    "reportedCurrency": "USD",
    "cik": "0000008670",
    "fillingDate": "1999-11-05",
    "acceptedDate": "1999-11-05 00:00:00",
    "calendarYear": "2000",
    "period": "Q1",
    "revenue": 1351100000,
    "costOfRevenue": 551100000,
    "grossProfit": 800000000,
    "grossProfitRatio": 0.5921101325,
    "researchAndDevelopmentExpenses": 103700000,
    "generalAndAdministrativeExpenses": 405000000,
    "sellingAndMarketingExpenses": 0,
    "sellingGeneralAndAdministrativeExpenses": 405000000,
    "otherExpenses": 65600000,
    "operatingExpenses": 574300000,
    "costAndExpenses": 1125400000,
    "interestIncome": 0,
    "interestExpense": 0,
    "depreciationAndAmortization": 65600000,
    "ebitda": 291300000,
    "ebitdaratio": 0.215602102,
    "operatingIncome": 225700000,
    "operatingIncomeRatio": 0.1670490711,
    "totalOtherIncomeExpensesNet": -3500000,
    "incomeBeforeTax": 222200000,
    "incomeBeforeTaxRatio": 0.1644585893,
    "incomeTaxExpense": 76000000,
    "netIncome": 146200000,
    "netIncomeRatio": 0.1082081267,
    "eps": 0.23,
    "epsdiluted": 0.23,
    "weightedAverageShsOut": 624392000,
    "weightedAverageShsOutDil": 642820000,
    "link": "https://www.sec.gov/Archives/edgar/data/8670/000000867099000011/0000008670-99-000011-index.html",
    "finalLink": "https://www.sec.gov/Archives/edgar/data/8670/000000867099000011/"
  },
  {
    "date": "1999-06-30",
    "symbol": "ADP",
    "reportedCurrency": "USD",
    "cik": "0000008670",
    "fillingDate": "1999-09-21",
    "acceptedDate": "1999-09-21 00:00:00",
    "calendarYear": "1999",
    "period": "Q4",
    "revenue": 1470600000,
    "costOfRevenue": 650900000,
    "grossProfit": 819700000,
    "grossProfitRatio": 0.5573915409,
    "researchAndDevelopmentExpenses": 103100000,
    "generalAndAdministrativeExpenses": 351400000,
    "sellingAndMarketingExpenses": 0,
    "sellingGeneralAndAdministrativeExpenses": 351400000,
    "otherExpenses": 68900000,
    "operatingExpenses": 523400000,
    "costAndExpenses": 1174300000,
    "interestIncome": 0,
    "interestExpense": 0,
    "depreciationAndAmortization": 68900000,
    "ebitda": 365200000,
    "ebitdaratio": 0.2483340133,
    "operatingIncome": 296300000,
    "operatingIncomeRatio": 0.2014823881,
    "totalOtherIncomeExpensesNet": -3700000,
    "incomeBeforeTax": 292600000,
    "incomeBeforeTaxRatio": 0.1989664083,
    "incomeTaxExpense": 100900000,
    "netIncome": 191700000,
    "netIncomeRatio": 0.1303549572,
    "eps": 0.3,
    "epsdiluted": 0.3,
    "weightedAverageShsOut": 620739000,
    "weightedAverageShsOutDil": 635652174,
    "link": "https://www.sec.gov/Archives/edgar/data/8670/000104746999036331/0001047469-99-036331-index.html",
    "finalLink": "https://www.sec.gov/Archives/edgar/data/8670/000104746999036331/"
  },
  {
    "date": "1999-03-31",
    "symbol": "ADP",
    "reportedCurrency": "USD",
    "cik": "0000008670",
    "fillingDate": "1999-05-11",
    "acceptedDate": "1999-05-11 00:00:00",
    "calendarYear": "1999",
    "period": "Q3",
    "revenue": 1514100000,
    "costOfRevenue": 611200000,
    "grossProfit": 902900000,
    "grossProfitRatio": 0.5963278515,
    "researchAndDevelopmentExpenses": 102500000,
    "generalAndAdministrativeExpenses": 379500000,
    "sellingAndMarketingExpenses": 0,
    "sellingGeneralAndAdministrativeExpenses": 379500000,
    "otherExpenses": 65400000,
    "operatingExpenses": 547400000,
    "costAndExpenses": 1158600000,
    "interestIncome": 0,
    "interestExpense": 0,
    "depreciationAndAmortization": 67000000,
    "ebitda": 420900000,
    "ebitdaratio": 0.2779869229,
    "operatingIncome": 355500000,
    "operatingIncomeRatio": 0.2347929463,
    "totalOtherIncomeExpensesNet": -3800000,
    "incomeBeforeTax": 351700000,
    "incomeBeforeTaxRatio": 0.2322832045,
    "incomeTaxExpense": 126000000,
    "netIncome": 225700000,
    "netIncomeRatio": 0.1490654514,
    "eps": 0.37,
    "epsdiluted": 0.36,
    "weightedAverageShsOut": 617364000,
    "weightedAverageShsOutDil": 637102000,
    "link": "https://www.sec.gov/Archives/edgar/data/8670/000100547799002209/0001005477-99-002209-index.html",
    "finalLink": "https://www.sec.gov/Archives/edgar/data/8670/"
  },
  {
    "date": "1998-12-31",
    "symbol": "ADP",
    "reportedCurrency": "USD",
    "cik": "0000008670",
    "fillingDate": "1999-02-10",
    "acceptedDate": "1999-02-10 00:00:00",
    "calendarYear": "1999",
    "period": "Q2",
    "revenue": 1274900000,
    "costOfRevenue": 535600000,
    "grossProfit": 739300000,
    "grossProfitRatio": 0.5798886187,
    "researchAndDevelopmentExpenses": 105400000,
    "generalAndAdministrativeExpenses": 284400000,
    "sellingAndMarketingExpenses": 0,
    "sellingGeneralAndAdministrativeExpenses": 284400000,
    "otherExpenses": 68000000,
    "operatingExpenses": 457800000,
    "costAndExpenses": 993400000,
    "interestIncome": 0,
    "interestExpense": 0,
    "depreciationAndAmortization": 68000000,
    "ebitda": 328900000,
    "ebitdaratio": 0.2579810181,
    "operatingIncome": 281500000,
    "operatingIncomeRatio": 0.2208016315,
    "totalOtherIncomeExpensesNet": -5600000,
    "incomeBeforeTax": 275900000,
    "incomeBeforeTaxRatio": 0.2164091301,
    "incomeTaxExpense": 107500000,
    "netIncome": 168400000,
    "netIncomeRatio": 0.1320887913,
    "eps": 0.25,
    "epsdiluted": 0.24,
    "weightedAverageShsOut": 616000000,
    "weightedAverageShsOutDil": 641666667,
    "link": "https://www.sec.gov/Archives/edgar/data/8670/000104746999004288/0001047469-99-004288-index.html",
    "finalLink": "https://www.sec.gov/Archives/edgar/data/8670/"
  },
  {
    "date": "1998-09-30",
    "symbol": "ADP",
    "reportedCurrency": "USD",
    "cik": "0000008670",
    "fillingDate": "1998-11-12",
    "acceptedDate": "1998-11-12 00:00:00",
    "calendarYear": "1999",
    "period": "Q1",
    "revenue": 1210300000,
    "costOfRevenue": 529900000,
    "grossProfit": 680400000,
    "grossProfitRatio": 0.5621746674,
    "researchAndDevelopmentExpenses": 100700000,
    "generalAndAdministrativeExpenses": 323000000,
    "sellingAndMarketingExpenses": 0,
    "sellingGeneralAndAdministrativeExpenses": 323000000,
    "otherExpenses": 68900000,
    "operatingExpenses": 492600000,
    "costAndExpenses": 1022500000,
    "interestIncome": 0,
    "interestExpense": 0,
    "depreciationAndAmortization": 68900000,
    "ebitda": 261100000,
    "ebitdaratio": 0.2157316368,
    "operatingIncome": 187800000,
    "operatingIncomeRatio": 0.1551681401,
    "totalOtherIncomeExpensesNet": -5600000,
    "incomeBeforeTax": 182300000,
    "incomeBeforeTaxRatio": 0.1506238123,
    "incomeTaxExpense": 59100000,
    "netIncome": 123200000,
    "netIncomeRatio": 0.1017929439,
    "eps": 0.2,
    "epsdiluted": 0.2,
    "weightedAverageShsOut": 627000000,
    "weightedAverageShsOutDil": 627000000,
    "link": "https://www.sec.gov/Archives/edgar/data/8670/000100547798003100/0001005477-98-003100-index.html",
    "finalLink": "https://www.sec.gov/Archives/edgar/data/8670/"
  },
  {
    "date": "1998-06-30",
    "symbol": "ADP",
    "reportedCurrency": "USD",
    "cik": "0000008670",
    "fillingDate": "1998-09-23",
    "acceptedDate": "1998-09-23 00:00:00",
    "calendarYear": "1998",
    "period": "Q4",
    "revenue": 1302200000,
    "costOfRevenue": 593500000,
    "grossProfit": 708700000,
    "grossProfitRatio": 0.5442328367,
    "researchAndDevelopmentExpenses": 102900000,
    "generalAndAdministrativeExpenses": 296400000,
    "sellingAndMarketingExpenses": 0,
    "sellingGeneralAndAdministrativeExpenses": 296400000,
    "otherExpenses": 67500000,
    "operatingExpenses": 466800000,
    "costAndExpenses": 1060300000,
    "interestIncome": 0,
    "interestExpense": 0,
    "depreciationAndAmortization": 67500000,
    "ebitda": 309400000,
    "ebitdaratio": 0.2375979112,
    "operatingIncome": 241900000,
    "operatingIncomeRatio": 0.1857625557,
    "totalOtherIncomeExpensesNet": -4700000,
    "incomeBeforeTax": 237200000,
    "incomeBeforeTaxRatio": 0.1821532791,
    "incomeTaxExpense": 75300000,
    "netIncome": 161900000,
    "netIncomeRatio": 0.1243280602,
    "eps": 0.28,
    "epsdiluted": 0.26,
    "weightedAverageShsOut": 586666667,
    "weightedAverageShsOutDil": 616000000,
    "link": "https://www.sec.gov/Archives/edgar/data/8670/000104746998035178/0001047469-98-035178-index.html",
    "finalLink": "https://www.sec.gov/Archives/edgar/data/8670/"
  },
  {
    "date": "1998-03-31",
    "symbol": "ADP",
    "reportedCurrency": "USD",
    "cik": "0000008670",
    "fillingDate": "1998-05-13",
    "acceptedDate": "1998-05-13 00:00:00",
    "calendarYear": "1998",
    "period": "Q3",
    "revenue": 1309300000,
    "costOfRevenue": 536000000,
    "grossProfit": 773300000,
    "grossProfitRatio": 0.5906209425,
    "researchAndDevelopmentExpenses": 93600000,
    "generalAndAdministrativeExpenses": 334500000,
    "sellingAndMarketingExpenses": 0,
    "sellingGeneralAndAdministrativeExpenses": 334500000,
    "otherExpenses": 61500000,
    "operatingExpenses": 489600000,
    "costAndExpenses": 1025600000,
    "interestIncome": 0,
    "interestExpense": 0,
    "depreciationAndAmortization": 61500000,
    "ebitda": 350100000,
    "ebitdaratio": 0.2673947911,
    "operatingIncome": 283700000,
    "operatingIncomeRatio": 0.2166806691,
    "totalOtherIncomeExpensesNet": -4800000,
    "incomeBeforeTax": 279100000,
    "incomeBeforeTaxRatio": 0.2131673413,
    "incomeTaxExpense": 88500000,
    "netIncome": 190600000,
    "netIncomeRatio": 0.1455739708,
    "eps": 0.32,
    "epsdiluted": 0.31,
    "weightedAverageShsOut": 600000000,
    "weightedAverageShsOutDil": 619354839,
    "link": "https://www.sec.gov/Archives/edgar/data/8670/000100547798001550/0001005477-98-001550-index.html",
    "finalLink": "https://www.sec.gov/Archives/edgar/data/8670/"
  },
  {
    "date": "1997-12-31",
    "symbol": "ADP",
    "reportedCurrency": "USD",
    "cik": "0000008670",
    "fillingDate": "1998-02-11",
    "acceptedDate": "1998-02-11 00:00:00",
    "calendarYear": "1998",
    "period": "Q2",
    "revenue": 1148000000,
    "costOfRevenue": 490200000,
    "grossProfit": 657800000,
    "grossProfitRatio": 0.5729965157,
    "researchAndDevelopmentExpenses": 91400000,
    "generalAndAdministrativeExpenses": 286400000,
    "sellingAndMarketingExpenses": 0,
    "sellingGeneralAndAdministrativeExpenses": 286400000,
    "otherExpenses": 58100000,
    "operatingExpenses": 435900000,
    "costAndExpenses": 926100000,
    "interestIncome": 0,
    "interestExpense": 0,
    "depreciationAndAmortization": 58200000,
    "ebitda": 280100000,
    "ebitdaratio": 0.243989547,
    "operatingIncome": 221900000,
    "operatingIncomeRatio": 0.1932926829,
    "totalOtherIncomeExpensesNet": -7300000,
    "incomeBeforeTax": 214600000,
    "incomeBeforeTaxRatio": 0.1869337979,
    "incomeTaxExpense": 67200000,
    "netIncome": 147400000,
    "netIncomeRatio": 0.1283972125,
    "eps": 0.25,
    "epsdiluted": 0.24,
    "weightedAverageShsOut": 589600000,
    "weightedAverageShsOutDil": 614166667,
    "link": "https://www.sec.gov/Archives/edgar/data/8670/000104746998004945/0001047469-98-004945-index.html",
    "finalLink": "https://www.sec.gov/Archives/edgar/data/8670/"
  },
  {
    "date": "1997-09-30",
    "symbol": "ADP",
    "reportedCurrency": "USD",
    "cik": "0000008670",
    "fillingDate": "1997-11-12",
    "acceptedDate": "1997-11-12 00:00:00",
    "calendarYear": "1998",
    "period": "Q1",
    "revenue": 1038500000,
    "costOfRevenue": 443400000,
    "grossProfit": 595100000,
    "grossProfitRatio": 0.5730380356,
    "researchAndDevelopmentExpenses": 87300000,
    "generalAndAdministrativeExpenses": 289400000,
    "sellingAndMarketingExpenses": 0,
    "sellingGeneralAndAdministrativeExpenses": 289400000,
    "otherExpenses": 57400000,
    "operatingExpenses": 434100000,
    "costAndExpenses": 877500000,
    "interestIncome": 0,
    "interestExpense": 0,
    "depreciationAndAmortization": 57400000,
    "ebitda": 218400000,
    "ebitdaratio": 0.2103033221,
    "operatingIncome": 161000000,
    "operatingIncomeRatio": 0.1550312951,
    "totalOtherIncomeExpensesNet": -7600000,
    "incomeBeforeTax": 153400000,
    "incomeBeforeTaxRatio": 0.1477130477,
    "incomeTaxExpense": 48000000,
    "netIncome": 105400000,
    "netIncomeRatio": 0.1014925373,
    "eps": 0.18,
    "epsdiluted": 0.18,
    "weightedAverageShsOut": 585555556,
    "weightedAverageShsOutDil": 585555556,
    "link": "https://www.sec.gov/Archives/edgar/data/8670/000104746997003744/0001047469-97-003744-index.html",
    "finalLink": "https://www.sec.gov/Archives/edgar/data/8670/"
  },
  {
    "date": "1997-06-30",
    "symbol": "ADP",
    "reportedCurrency": "USD",
    "cik": "0000008670",
    "fillingDate": "1997-09-18",
    "acceptedDate": "1997-09-18 00:00:00",
    "calendarYear": "1997",
    "period": "Q4",
    "revenue": 1079600000,
    "costOfRevenue": 473100000,
    "grossProfit": 606500000,
    "grossProfitRatio": 0.5617821415,
    "researchAndDevelopmentExpenses": 82500000,
    "generalAndAdministrativeExpenses": 257700000,
    "sellingAndMarketingExpenses": 0,
    "sellingGeneralAndAdministrativeExpenses": 257700000,
    "otherExpenses": 55900000,
    "operatingExpenses": 396100000,
    "costAndExpenses": 869200000,
    "interestIncome": 0,
    "interestExpense": 0,
    "depreciationAndAmortization": 55900000,
    "ebitda": 266300000,
    "ebitdaratio": 0.2466654316,
    "operatingIncome": 210400000,
    "operatingIncomeRatio": 0.1948869952,
    "totalOtherIncomeExpensesNet": -35900000,
    "incomeBeforeTax": 174500000,
    "incomeBeforeTaxRatio": 0.1616339385,
    "incomeTaxExpense": 46800000,
    "netIncome": 127700000,
    "netIncomeRatio": 0.1182845498,
    "eps": 0.22,
    "epsdiluted": 0.22,
    "weightedAverageShsOut": 585555556,
    "weightedAverageShsOutDil": 585555556,
    "link": "https://www.sec.gov/Archives/edgar/data/8670/000091205797031091/0000912057-97-031091-index.html",
    "finalLink": "https://www.sec.gov/Archives/edgar/data/8670/"
  },
  {
    "date": "1997-03-31",
    "symbol": "ADP",
    "reportedCurrency": "USD",
    "cik": "0000008670",
    "fillingDate": "1997-05-14",
    "acceptedDate": "1997-05-14 00:00:00",
    "calendarYear": "1997",
    "period": "Q3",
    "revenue": 1126300000,
    "costOfRevenue": 440300000,
    "grossProfit": 686000000,
    "grossProfitRatio": 0.609073959,
    "researchAndDevelopmentExpenses": 74800000,
    "generalAndAdministrativeExpenses": 308100000,
    "sellingAndMarketingExpenses": 0,
    "sellingGeneralAndAdministrativeExpenses": 308100000,
    "otherExpenses": 59200000,
    "operatingExpenses": 442100000,
    "costAndExpenses": 882400000,
    "interestIncome": 0,
    "interestExpense": 0,
    "depreciationAndAmortization": 59100000,
    "ebitda": 303100000,
    "ebitdaratio": 0.2691112492,
    "operatingIncome": 243900000,
    "operatingIncomeRatio": 0.2165497647,
    "totalOtherIncomeExpensesNet": -7300000,
    "incomeBeforeTax": 236600000,
    "incomeBeforeTaxRatio": 0.2100683654,
    "incomeTaxExpense": 71700000,
    "netIncome": 164900000,
    "netIncomeRatio": 0.1464085945,
    "eps": 0.28,
    "epsdiluted": 0.28,
    "weightedAverageShsOut": 588928571,
    "weightedAverageShsOutDil": 588928571,
    "link": "https://www.sec.gov/Archives/edgar/data/8670/000091205797017567/0000912057-97-017567-index.html",
    "finalLink": "https://www.sec.gov/Archives/edgar/data/8670/"
  },
  {
    "date": "1996-12-31",
    "symbol": "ADP",
    "reportedCurrency": "USD",
    "cik": "0000008670",
    "fillingDate": "1997-02-14",
    "acceptedDate": "1997-02-14 00:00:00",
    "calendarYear": "1997",
    "period": "Q2",
    "revenue": 995600000,
    "costOfRevenue": 418000000,
    "grossProfit": 577600000,
    "grossProfitRatio": 0.5801526718,
    "researchAndDevelopmentExpenses": 73100000,
    "generalAndAdministrativeExpenses": 261500000,
    "sellingAndMarketingExpenses": 0,
    "sellingGeneralAndAdministrativeExpenses": 261500000,
    "otherExpenses": 55300000,
    "operatingExpenses": 389900000,
    "costAndExpenses": 807900000,
    "interestIncome": 0,
    "interestExpense": 0,
    "depreciationAndAmortization": 55300000,
    "ebitda": 243000000,
    "ebitdaratio": 0.2440739253,
    "operatingIncome": 187700000,
    "operatingIncomeRatio": 0.1885295299,
    "totalOtherIncomeExpensesNet": -7000000,
    "incomeBeforeTax": 180700000,
    "incomeBeforeTaxRatio": 0.1814985938,
    "incomeTaxExpense": 53100000,
    "netIncome": 127600000,
    "netIncomeRatio": 0.1281639213,
    "eps": 0.22,
    "epsdiluted": 0.22,
    "weightedAverageShsOut": 580000000,
    "weightedAverageShsOutDil": 580000000,
    "link": "https://www.sec.gov/Archives/edgar/data/8670/000000867097000002/0000008670-97-000002-index.html",
    "finalLink": "https://www.sec.gov/Archives/edgar/data/8670/"
  },
  {
    "date": "1996-09-30",
    "symbol": "ADP",
    "reportedCurrency": "USD",
    "cik": "0000008670",
    "fillingDate": "1996-11-13",
    "acceptedDate": "1996-11-13 00:00:00",
    "calendarYear": "1997",
    "period": "Q1",
    "revenue": 910700000,
    "costOfRevenue": 391500000,
    "grossProfit": 519200000,
    "grossProfitRatio": 0.5701109037,
    "researchAndDevelopmentExpenses": 66100000,
    "generalAndAdministrativeExpenses": 260800000,
    "sellingAndMarketingExpenses": 0,
    "sellingGeneralAndAdministrativeExpenses": 260800000,
    "otherExpenses": 53100000,
    "operatingExpenses": 380000000,
    "costAndExpenses": 771500000,
    "interestIncome": 0,
    "interestExpense": 0,
    "depreciationAndAmortization": 53100000,
    "ebitda": 192300000,
    "ebitdaratio": 0.2111562534,
    "operatingIncome": 139200000,
    "operatingIncomeRatio": 0.1528494565,
    "totalOtherIncomeExpensesNet": -7100000,
    "incomeBeforeTax": 132100000,
    "incomeBeforeTaxRatio": 0.1450532557,
    "incomeTaxExpense": 38800000,
    "netIncome": 93300000,
    "netIncomeRatio": 0.1024486659,
    "eps": 0.16,
    "epsdiluted": 0.16,
    "weightedAverageShsOut": 583125000,
    "weightedAverageShsOutDil": 583125000,
    "link": "https://www.sec.gov/Archives/edgar/data/8670/000000867096000006/0000008670-96-000006-index.html",
    "finalLink": "https://www.sec.gov/Archives/edgar/data/8670/"
  },
  {
    "date": "1996-06-30",
    "symbol": "ADP",
    "reportedCurrency": "USD",
    "cik": "0000008670",
    "fillingDate": "1996-09-23",
    "acceptedDate": "1996-09-23 00:00:00",
    "calendarYear": "1996",
    "period": "Q4",
    "revenue": 967900000,
    "costOfRevenue": 428600000,
    "grossProfit": 539300000,
    "grossProfitRatio": 0.5571856597,
    "researchAndDevelopmentExpenses": 72800000,
    "generalAndAdministrativeExpenses": 231700000,
    "sellingAndMarketingExpenses": 0,
    "sellingGeneralAndAdministrativeExpenses": 231700000,
    "otherExpenses": 53200000,
    "operatingExpenses": 357700000,
    "costAndExpenses": 786300000,
    "interestIncome": 0,
    "interestExpense": 0,
    "depreciationAndAmortization": 53200000,
    "ebitda": 234800000,
    "ebitdaratio": 0.2425870441,
    "operatingIncome": 181600000,
    "operatingIncomeRatio": 0.1876226883,
    "totalOtherIncomeExpensesNet": -7500000,
    "incomeBeforeTax": 174100000,
    "incomeBeforeTaxRatio": 0.1798739539,
    "incomeTaxExpense": 54100000,
    "netIncome": 120000000,
    "netIncomeRatio": 0.12397975,
    "eps": 0.21,
    "epsdiluted": 0.21,
    "weightedAverageShsOut": 571071584,
    "weightedAverageShsOutDil": 583125000,
    "link": "https://www.sec.gov/Archives/edgar/data/8670/000095011296003416/0000950112-96-003416-index.html",
    "finalLink": "https://www.sec.gov/Archives/edgar/data/8670/"
  },
  {
    "date": "1996-03-31",
    "symbol": "ADP",
    "reportedCurrency": "USD",
    "cik": "0000008670",
    "fillingDate": "1996-05-10",
    "acceptedDate": "1996-05-10 00:00:00",
    "calendarYear": "1996",
    "period": "Q3",
    "revenue": 1031900000,
    "costOfRevenue": 428400000,
    "grossProfit": 603500000,
    "grossProfitRatio": 0.5848434926,
    "researchAndDevelopmentExpenses": 63800000,
    "generalAndAdministrativeExpenses": 276700000,
    "sellingAndMarketingExpenses": 0,
    "sellingGeneralAndAdministrativeExpenses": 276700000,
    "otherExpenses": 55300000,
    "operatingExpenses": 395800000,
    "costAndExpenses": 824200000,
    "interestIncome": 0,
    "interestExpense": 0,
    "depreciationAndAmortization": 55300000,
    "ebitda": 263000000,
    "ebitdaratio": 0.2548696579,
    "operatingIncome": 207700000,
    "operatingIncomeRatio": 0.2012791937,
    "totalOtherIncomeExpensesNet": -7800000,
    "incomeBeforeTax": 199900000,
    "incomeBeforeTaxRatio": 0.1937203217,
    "incomeTaxExpense": 56000000,
    "netIncome": 143900000,
    "netIncomeRatio": 0.1394514972,
    "eps": 0.25,
    "epsdiluted": 0.25,
    "weightedAverageShsOut": 575600000,
    "weightedAverageShsOutDil": 575600000,
    "link": "https://www.sec.gov/Archives/edgar/data/8670/000000867096000004/0000008670-96-000004-index.html",
    "finalLink": "https://www.sec.gov/Archives/edgar/data/8670/"
  },
  {
    "date": "1995-12-31",
    "symbol": "ADP",
    "reportedCurrency": "USD",
    "cik": "0000008670",
    "fillingDate": "1996-02-13",
    "acceptedDate": "1996-02-13 00:00:00",
    "calendarYear": "1996",
    "period": "Q2",
    "revenue": 819700000,
    "costOfRevenue": 342700000,
    "grossProfit": 477000000,
    "grossProfitRatio": 0.5819202147,
    "researchAndDevelopmentExpenses": 58900000,
    "generalAndAdministrativeExpenses": 210300000,
    "sellingAndMarketingExpenses": 0,
    "sellingGeneralAndAdministrativeExpenses": 210300000,
    "otherExpenses": 48600000,
    "operatingExpenses": 317800000,
    "costAndExpenses": 660500000,
    "interestIncome": 0,
    "interestExpense": 0,
    "depreciationAndAmortization": 48600000,
    "ebitda": 207800000,
    "ebitdaratio": 0.2535073807,
    "operatingIncome": 159200000,
    "operatingIncomeRatio": 0.1942173966,
    "totalOtherIncomeExpensesNet": -8600000,
    "incomeBeforeTax": 150600000,
    "incomeBeforeTaxRatio": 0.1837257533,
    "incomeTaxExpense": 41700000,
    "netIncome": 108900000,
    "netIncomeRatio": 0.132853483,
    "eps": 0.19,
    "epsdiluted": 0.19,
    "weightedAverageShsOut": 573157895,
    "weightedAverageShsOutDil": 573157895,
    "link": "https://www.sec.gov/Archives/edgar/data/8670/000000867096000002/0000008670-96-000002-index.html",
    "finalLink": "https://www.sec.gov/Archives/edgar/data/8670/"
  },
  {
    "date": "1995-09-30",
    "symbol": "ADP",
    "reportedCurrency": "USD",
    "cik": "0000008670",
    "fillingDate": "1995-11-14",
    "acceptedDate": "1995-11-14 00:00:00",
    "calendarYear": "1996",
    "period": "Q1",
    "revenue": 747100000,
    "costOfRevenue": 316800000,
    "grossProfit": 430300000,
    "grossProfitRatio": 0.5759603801,
    "researchAndDevelopmentExpenses": 54200000,
    "generalAndAdministrativeExpenses": 215000000,
    "sellingAndMarketingExpenses": 0,
    "sellingGeneralAndAdministrativeExpenses": 215000000,
    "otherExpenses": 44500000,
    "operatingExpenses": 313700000,
    "costAndExpenses": 630500000,
    "interestIncome": 0,
    "interestExpense": 0,
    "depreciationAndAmortization": 44500000,
    "ebitda": 161100000,
    "ebitdaratio": 0.215633784,
    "operatingIncome": 116600000,
    "operatingIncomeRatio": 0.1560701379,
    "totalOtherIncomeExpensesNet": -5800000,
    "incomeBeforeTax": 110800000,
    "incomeBeforeTaxRatio": 0.1483067862,
    "incomeTaxExpense": 28900000,
    "netIncome": 81900000,
    "netIncomeRatio": 0.109623879,
    "eps": 0.15,
    "epsdiluted": 0.15,
    "weightedAverageShsOut": 546000000,
    "weightedAverageShsOutDil": 546000000,
    "link": "https://www.sec.gov/Archives/edgar/data/8670/000000867095000015/0000008670-95-000015-index.html",
    "finalLink": "https://www.sec.gov/Archives/edgar/data/8670/"
  }
]