[
  {
    "date": "2025-06-30",
    "symbol": "ADP",
    "reportedCurrency": "USD",
    "cik": "0000008670",
    "fillingDate": "2025-08-06",
    "acceptedDate": "2025-08-06 16:07:50",
    "calendarYear": "2025",
    "period": "FY",
    "revenue": 20560900000,
    "costOfRevenue": 10108700000,
    "grossProfit": 10452200000,
    "grossProfitRatio": 0.5083532336,
    "researchAndDevelopmentExpenses": 988600000,
    "generalAndAdministrativeExpenses": 0,
    "sellingAndMarketingExpenses": 0,
    "sellingGeneralAndAdministrativeExpenses": 4051700000,
    "otherExpenses": 0,
    "operatingExpenses": 5040300000,
    "costAndExpenses": 15149000000,
    "interestIncome": 319500000,
    "interestExpense": 455900000,
    "depreciationAndAmortization": 486000000,
    "ebitda": 6242000000,
    "ebitdaratio": 0.3035859325,
    "operatingIncome": 5411900000,
    "operatingIncomeRatio": 0.2632131862,
    "totalOtherIncomeExpensesNet": -101800000,
    "incomeBeforeTax": 5310100000,
    "incomeBeforeTaxRatio": 0.2582620411,
    "incomeTaxExpense": 1230400000,
    "netIncome": 4079700000,
    "netIncomeRatio": 0.1984203026,
    "eps": 10.02,
    "epsdiluted": 9.98,
    "weightedAverageShsOut": 407100000,
    "weightedAverageShsOutDil": 408700000,
    "link": "https://www.sec.gov/Archives/edgar/data/8670/000000867025000037/0000008670-25-000037-index.htm",
    "finalLink": "https://www.sec.gov/Archives/edgar/data/8670/000000867025000037/adp-20250630.htm"
  },
  {
    "date": "2024-06-30",
    "symbol": "ADP",
    "reportedCurrency": "USD",
    "cik": "0000008670",
    "fillingDate": "2024-08-07",
    "acceptedDate": "2024-08-07 15:06:59",
    "calendarYear": "2024",
    "period": "FY",
    "revenue": 19202600000,
    "costOfRevenue": 9612000000,
    "grossProfit": 9590600000,
    "grossProfitRatio": 0.4994427838,
    "researchAndDevelopmentExpenses": 955700000,
    "generalAndAdministrativeExpenses": 0,
    "sellingAndMarketingExpenses": 0,
    "sellingGeneralAndAdministrativeExpenses": 3691900000,
    "otherExpenses": 0,
    "operatingExpenses": 4647600000,
    "costAndExpenses": 14259600000,
    "interestIncome": 241300000,
    "interestExpense": 365800000,
    "depreciationAndAmortization": 561900000,
    "ebitda": 5800000000,
    "ebitdaratio": 0.3020424318,
    "operatingIncome": 4943000000,
    "operatingIncomeRatio": 0.2574130586,
    "totalOtherIncomeExpensesNet": -70700000,
    "incomeBeforeTax": 4872300000,
    "incomeBeforeTaxRatio": 0.2537312656,
    "incomeTaxExpense": 1120300000,
    "netIncome": 3752000000,
    "netIncomeRatio": 0.1953902076,
    "eps": 9.1378,
    "epsdiluted": 9.1024,
    "weightedAverageShsOut": 410600000,
    "weightedAverageShsOutDil": 412200000,
    "link": "https://www.sec.gov/Archives/edgar/data/8670/000000867024000024/0000008670-24-000024-index.htm",
    "finalLink": "https://www.sec.gov/Archives/edgar/data/8670/000000867024000024/adp-20240630.htm"
  },
  {
    "date": "2023-06-30",
    "symbol": "ADP",
    "reportedCurrency": "USD",
    "cik": "0000008670",
    "fillingDate": "2023-08-03",
    "acceptedDate": "2023-08-03 16:49:01",
    "calendarYear": "2023",
    "period": "FY",
    "revenue": 18012200000,
    "costOfRevenue": 9206700000,
    "grossProfit": 8805500000,
    "grossProfitRatio": 0.4888631039,
    "researchAndDevelopmentExpenses": 844800000,
    "generalAndAdministrativeExpenses": 0,
    "sellingAndMarketingExpenses": 0,
    "sellingGeneralAndAdministrativeExpenses": 3454500000,
    "otherExpenses": 0,
    "operatingExpenses": 4299300000,
    "costAndExpenses": 13506000000,
    "interestIncome": 149500000,
    "interestExpense": 257700000,
    "depreciationAndAmortization": 549300000,
    "ebitda": 5244600000,
    "ebitdaratio": 0.2911693186,
    "operatingIncome": 4506200000,
    "operatingIncomeRatio": 0.2501748815,
    "totalOtherIncomeExpensesNet": -68600000,
    "incomeBeforeTax": 4437600000,
    "incomeBeforeTaxRatio": 0.2463663517,
    "incomeTaxExpense": 1025600000,
    "netIncome": 3412000000,
    "netIncomeRatio": 0.189427166,
    "eps": 8.2475,
    "epsdiluted": 8.2078,
    "weightedAverageShsOut": 413700000,
    "weightedAverageShsOutDil": 415700000,
    "link": "https://www.sec.gov/Archives/edgar/data/8670/000000867023000030/0000008670-23-000030-index.htm",
    "finalLink": "https://www.sec.gov/Archives/edgar/data/8670/000000867023000030/adp-20230630.htm"
  },
  {
    "date": "2022-06-30",
    "symbol": "ADP",
    "reportedCurrency": "USD",
    "cik": "0000008670",
    "fillingDate": "2022-08-03",
    "acceptedDate": "2022-08-03 14:16:38",
    "calendarYear": "2022",
    "period": "FY",
    "revenue": 16498300000,
    "costOfRevenue": 8767700000,
    "grossProfit": 7730600000,
    "grossProfitRatio": 0.468569489,
    "researchAndDevelopmentExpenses": 798600000,
    "generalAndAdministrativeExpenses": 0,
    "sellingAndMarketingExpenses": 0,
    "sellingGeneralAndAdministrativeExpenses": 3128800000,
    "otherExpenses": 0,
    "operatingExpenses": 3927400000,
    "costAndExpenses": 12695100000,
    "interestIncome": 41000000,
    "interestExpense": 86300000,
    "depreciationAndAmortization": 515100000,
    "ebitda": 4405500000,
    "ebitdaratio": 0.2670275119,
    "operatingIncome": 3803200000,
    "operatingIncomeRatio": 0.2305207203,
    "totalOtherIncomeExpensesNet": 900000,
    "incomeBeforeTax": 3804100000,
    "incomeBeforeTaxRatio": 0.2305752714,
    "incomeTaxExpense": 855200000,
    "netIncome": 2948900000,
    "netIncomeRatio": 0.1787396277,
    "eps": 7.0413,
    "epsdiluted": 7.0028,
    "weightedAverageShsOut": 418800000,
    "weightedAverageShsOutDil": 421100000,
    "link": "https://www.sec.gov/Archives/edgar/data/8670/000000867022000038/0000008670-22-000038-index.htm",
    "finalLink": "https://www.sec.gov/Archives/edgar/data/8670/000000867022000038/adp-20220630.htm"
  },
  {
    "date": "2021-06-30",
    "symbol": "ADP",
    "reportedCurrency": "USD",
    "cik": "0000008670",
    "fillingDate": "2021-08-04",
    "acceptedDate": "2021-08-04 14:06:37",
    "calendarYear": "2021",
    "period": "FY",
    "revenue": 15005400000,
    "costOfRevenue": 8031400000,
    "grossProfit": 6974000000,
    "grossProfitRatio": 0.4647660176,
    "researchAndDevelopmentExpenses": 716600000,
    "generalAndAdministrativeExpenses": 0,
    "sellingAndMarketingExpenses": 0,
    "sellingGeneralAndAdministrativeExpenses": 2932800000,
    "otherExpenses": 0,
    "operatingExpenses": 3649400000,
    "costAndExpenses": 11680800000,
    "interestIncome": 36500000,
    "interestExpense": 59700000,
    "depreciationAndAmortization": 510700000,
    "ebitda": 3931600000,
    "ebitdaratio": 0.2620123422,
    "operatingIncome": 3324600000,
    "operatingIncomeRatio": 0.2215602383,
    "totalOtherIncomeExpensesNet": 36600000,
    "incomeBeforeTax": 3361200000,
    "incomeBeforeTaxRatio": 0.2239993602,
    "incomeTaxExpense": 762700000,
    "netIncome": 2598500000,
    "netIncomeRatio": 0.1731709918,
    "eps": 6.0955,
    "epsdiluted": 6.0698,
    "weightedAverageShsOut": 426300000,
    "weightedAverageShsOutDil": 428100000,
    "link": "https://www.sec.gov/Archives/edgar/data/8670/000000867021000027/0000008670-21-000027-index.htm",
    "finalLink": "https://www.sec.gov/Archives/edgar/data/8670/000000867021000027/adp-20210630.htm"
  },
  {
    "date": "2020-06-30",
    "symbol": "ADP",
    "reportedCurrency": "USD",
    "cik": "0000008670",
    "fillingDate": "2020-08-05",
    "acceptedDate": "2020-08-05 17:28:42",
    "calendarYear": "2020",
    "period": "FY",
    "revenue": 14589800000,
    "costOfRevenue": 7884100000,
    "grossProfit": 6705700000,
    "grossProfitRatio": 0.4596156219,
    "researchAndDevelopmentExpenses": 674100000,
    "generalAndAdministrativeExpenses": 0,
    "sellingAndMarketingExpenses": 0,
    "sellingGeneralAndAdministrativeExpenses": 2889900000,
    "otherExpenses": 0,
    "operatingExpenses": 3564000000,
    "costAndExpenses": 11448100000,
    "interestIncome": 84500000,
    "interestExpense": 107100000,
    "depreciationAndAmortization": 480000000,
    "ebitda": 3769700000,
    "ebitdaratio": 0.2583791416,
    "operatingIncome": 3141700000,
    "operatingIncomeRatio": 0.2153353713,
    "totalOtherIncomeExpensesNet": 40900000,
    "incomeBeforeTax": 3182600000,
    "incomeBeforeTaxRatio": 0.2181386996,
    "incomeTaxExpense": 716100000,
    "netIncome": 2466500000,
    "netIncomeRatio": 0.1690564641,
    "eps": 5.7254,
    "epsdiluted": 5.7002,
    "weightedAverageShsOut": 430800000,
    "weightedAverageShsOutDil": 432700000,
    "link": "https://www.sec.gov/Archives/edgar/data/8670/000000867020000032/0000008670-20-000032-index.htm",
    "finalLink": "https://www.sec.gov/Archives/edgar/data/8670/000000867020000032/adp-20200630.htm"
  },
  {
    "date": "2019-06-30",
    "symbol": "ADP",
    "reportedCurrency": "USD",
    "cik": "0000008670",
    "fillingDate": "2019-08-09",
    "acceptedDate": "2019-08-09 16:04:22",
    "calendarYear": "2019",
    "period": "FY",
    "revenue": 14175200000,
    "costOfRevenue": 7554900000,
    "grossProfit": 6620300000,
    "grossProfitRatio": 0.4670339748,
    "researchAndDevelopmentExpenses": 636300000,
    "generalAndAdministrativeExpenses": 0,
    "sellingAndMarketingExpenses": 0,
    "sellingGeneralAndAdministrativeExpenses": 2979400000,
    "otherExpenses": 0,
    "operatingExpenses": 3615700000,
    "costAndExpenses": 11170600000,
    "interestIncome": 97600000,
    "interestExpense": 129900000,
    "depreciationAndAmortization": 409000000,
    "ebitda": 3544500000,
    "ebitdaratio": 0.250049382,
    "operatingIncome": 3004600000,
    "operatingIncomeRatio": 0.211961736,
    "totalOtherIncomeExpensesNet": 1000000,
    "incomeBeforeTax": 3005600000,
    "incomeBeforeTaxRatio": 0.2120322817,
    "incomeTaxExpense": 712800000,
    "netIncome": 2292800000,
    "netIncomeRatio": 0.1617472769,
    "eps": 5.27,
    "epsdiluted": 5.24,
    "weightedAverageShsOut": 435000000,
    "weightedAverageShsOutDil": 437600000,
    "link": "https://www.sec.gov/Archives/edgar/data/8670/000000867019000021/0000008670-19-000021-index.htm",
    "finalLink": "https://www.sec.gov/Archives/edgar/data/8670/000000867019000021/q4fy1910k.htm"
  },
  {
    "date": "2018-06-30",
    "symbol": "ADP",
    "reportedCurrency": "USD",
    "cik": "0000008670",
    "fillingDate": "2018-08-03",
    "acceptedDate": "2018-08-03 16:50:24",
    "calendarYear": "2018",
    "period": "FY",
    "revenue": 13327700000,
    "costOfRevenue": 7278600000,
    "grossProfit": 6049100000,
    "grossProfitRatio": 0.4538742619,
    "researchAndDevelopmentExpenses": 635400000,
    "generalAndAdministrativeExpenses": 0,
    "sellingAndMarketingExpenses": 0,
    "sellingGeneralAndAdministrativeExpenses": 2835800000,
    "otherExpenses": 0,
    "operatingExpenses": 3471200000,
    "costAndExpenses": 10749800000,
    "interestIncome": 83500000,
    "interestExpense": 102700000,
    "depreciationAndAmortization": 377600000,
    "ebitda": 2762900000,
    "ebitdaratio": 0.2073050864,
    "operatingIncome": 2577900000,
    "operatingIncomeRatio": 0.1934242217,
    "totalOtherIncomeExpensesNet": -295300000,
    "incomeBeforeTax": 2171100000,
    "incomeBeforeTaxRatio": 0.1629013258,
    "incomeTaxExpense": 550300000,
    "netIncome": 1620800000,
    "netIncomeRatio": 0.1216113808,
    "eps": 4.28,
    "epsdiluted": 4.25,
    "weightedAverageShsOut": 440600000,
    "weightedAverageShsOutDil": 443300000,
    "link": "https://www.sec.gov/Archives/edgar/data/8670/000000867018000011/0000008670-18-000011-index.htm",
    "finalLink": "https://www.sec.gov/Archives/edgar/data/8670/000000867018000011/q4fy1810k.htm"
  },
  {
    "date": "2017-06-30",
    "symbol": "ADP",
    "reportedCurrency": "USD",
    "cik": "0000008670",
    "fillingDate": "2017-08-04",
    "acceptedDate": "2017-08-04 16:22:32",
    "calendarYear": "2017",
    "period": "FY",
    "revenue": 12379800000,
    "costOfRevenue": 6732200000,
    "grossProfit": 5647600000,
    "grossProfitRatio": 0.4561947689,
    "researchAndDevelopmentExpenses": 627500000,
    "generalAndAdministrativeExpenses": 0,
    "sellingAndMarketingExpenses": 0,
    "sellingGeneralAndAdministrativeExpenses": 2601800000,
    "otherExpenses": 0,
    "operatingExpenses": 3229300000,
    "costAndExpenses": 9961500000,
    "interestIncome": 76700000,
    "interestExpense": 80000000,
    "depreciationAndAmortization": 316100000,
    "ebitda": 2927200000,
    "ebitdaratio": 0.2364497003,
    "operatingIncome": 2418300000,
    "operatingIncomeRatio": 0.1953424126,
    "totalOtherIncomeExpensesNet": 112800000,
    "incomeBeforeTax": 2531100000,
    "incomeBeforeTaxRatio": 0.20445403,
    "incomeTaxExpense": 797700000,
    "netIncome": 1733400000,
    "netIncomeRatio": 0.1400184171,
    "eps": 3.87,
    "epsdiluted": 3.85,
    "weightedAverageShsOut": 447800000,
    "weightedAverageShsOutDil": 450300000,
    "link": "https://www.sec.gov/Archives/edgar/data/8670/000000867017000010/0000008670-17-000010-index.htm",
    "finalLink": "https://www.sec.gov/Archives/edgar/data/8670/000000867017000010/q4fy1710k.htm"
  },
  {
    "date": "2016-06-30",
    "symbol": "ADP",
    "reportedCurrency": "USD",
    "cik": "0000008670",
    "fillingDate": "2016-08-05",
    "acceptedDate": "2016-08-05 15:09:42",
    "calendarYear": "2016",
    "period": "FY",
    "revenue": 11667800000,
    "costOfRevenue": 6313600000,
    "grossProfit": 5354200000,
    "grossProfitRatio": 0.458886851,
    "researchAndDevelopmentExpenses": 603700000,
    "generalAndAdministrativeExpenses": 0,
    "sellingAndMarketingExpenses": 0,
    "sellingGeneralAndAdministrativeExpenses": 2502400000,
    "otherExpenses": 0,
    "operatingExpenses": 3106100000,
    "costAndExpenses": 9419700000,
    "interestIncome": 62400000,
    "interestExpense": 56200000,
    "depreciationAndAmortization": 288600000,
    "ebitda": 2579500000,
    "ebitdaratio": 0.2210785238,
    "operatingIncome": 2248100000,
    "operatingIncomeRatio": 0.1926755687,
    "totalOtherIncomeExpensesNet": -13400000,
    "incomeBeforeTax": 2234700000,
    "incomeBeforeTaxRatio": 0.1915271088,
    "incomeTaxExpense": 741300000,
    "netIncome": 1492500000,
    "netIncomeRatio": 0.1279161453,
    "eps": 3.2639,
    "epsdiluted": 3.249,
    "weightedAverageShsOut": 457000000,
    "weightedAverageShsOutDil": 459100000,
    "link": "https://www.sec.gov/Archives/edgar/data/8670/000000867016000053/0000008670-16-000053-index.htm",
    "finalLink": "https://www.sec.gov/Archives/edgar/data/8670/000000867016000053/q4fy1610kinq4fy16.htm"
  },
  {
    "date": "2015-06-30",
    "symbol": "ADP",
    "reportedCurrency": "USD",
    "cik": "0000008670",
    "fillingDate": "2015-08-07",
    "acceptedDate": "2015-08-07 14:22:14",
    "calendarYear": "2015",
    "period": "FY",
    "revenue": 10938500000,
    "costOfRevenue": 5903200000,
    "grossProfit": 5035300000,
    "grossProfitRatio": 0.4603281986,
    "researchAndDevelopmentExpenses": 595400000,
    "generalAndAdministrativeExpenses": 0,
    "sellingAndMarketingExpenses": 0,
    "sellingGeneralAndAdministrativeExpenses": 2425900000,
    "otherExpenses": 0,
    "operatingExpenses": 3021300000,
    "costAndExpenses": 8924500000,
    "interestIncome": 56900000,
    "interestExpense": 6500000,
    "depreciationAndAmortization": 277900000,
    "ebitda": 2355100000,
    "ebitdaratio": 0.2153037437,
    "operatingIncome": 2014000000,
    "operatingIncomeRatio": 0.184120309,
    "totalOtherIncomeExpensesNet": 56699999,
    "incomeBeforeTax": 2070700000,
    "incomeBeforeTaxRatio": 0.1893038351,
    "incomeTaxExpense": 694200000,
    "netIncome": 1452500000,
    "netIncomeRatio": 0.1327878594,
    "eps": 2.9075,
    "epsdiluted": 2.888,
    "weightedAverageShsOut": 472600000,
    "weightedAverageShsOutDil": 475800000,
    "link": "https://www.sec.gov/Archives/edgar/data/8670/000000867015000021/0000008670-15-000021-index.htm",
    "finalLink": "https://www.sec.gov/Archives/edgar/data/8670/000000867015000021/q4fy1510k.htm"
  },
  {
    "date": "2014-06-30",
    "symbol": "ADP",
    "reportedCurrency": "USD",
    "cik": "0000008670",
    "fillingDate": "2014-08-08",
    "acceptedDate": "2014-08-08 13:50:03",
    "calendarYear": "2014",
    "period": "FY",
    "revenue": 12206500000,
    "costOfRevenue": 6584800000,
    "grossProfit": 5621700000,
    "grossProfitRatio": 0.4605497071,
    "researchAndDevelopmentExpenses": 718000000,
    "generalAndAdministrativeExpenses": 0,
    "sellingAndMarketingExpenses": 0,
    "sellingGeneralAndAdministrativeExpenses": 2681000000,
    "otherExpenses": 0,
    "operatingExpenses": 3399000000,
    "costAndExpenses": 9983800000,
    "interestIncome": 56200000,
    "interestExpense": 6100000,
    "depreciationAndAmortization": 336200000,
    "ebitda": 2616900000,
    "ebitdaratio": 0.2143857781,
    "operatingIncome": 2222700000,
    "operatingIncomeRatio": 0.1820915086,
    "totalOtherIncomeExpensesNet": 51900000,
    "incomeBeforeTax": 2274600000,
    "incomeBeforeTaxRatio": 0.1863433417,
    "incomeTaxExpense": 772000000,
    "netIncome": 1515900000,
    "netIncomeRatio": 0.1241879327,
    "eps": 3.1434,
    "epsdiluted": 3.1161,
    "weightedAverageShsOut": 478900000,
    "weightedAverageShsOutDil": 483100000,
    "link": "https://www.sec.gov/Archives/edgar/data/8670/000000867014000015/0000008670-14-000015-index.htm",
    "finalLink": "https://www.sec.gov/Archives/edgar/data/8670/000000867014000015/q4fy1410k.htm"
  },
  {
    "date": "2013-06-30",
    "symbol": "ADP",
    "reportedCurrency": "USD",
    "cik": "0000008670",
    "fillingDate": "2013-08-19",
    "acceptedDate": "2013-08-19 12:00:04",
    "calendarYear": "2013",
    "period": "FY",
    "revenue": 11310100000,
    "costOfRevenue": 6059400000,
    "grossProfit": 5250700000,
    "grossProfitRatio": 0.4642487688,
    "researchAndDevelopmentExpenses": 654300000,
    "generalAndAdministrativeExpenses": 0,
    "sellingAndMarketingExpenses": 0,
    "sellingGeneralAndAdministrativeExpenses": 2556500000,
    "otherExpenses": 0,
    "operatingExpenses": 3210800000,
    "costAndExpenses": 9270200000,
    "interestIncome": 64500000,
    "interestExpense": 9100000,
    "depreciationAndAmortization": 317000000,
    "ebitda": 2410400000,
    "ebitdaratio": 0.2131192474,
    "operatingIncome": 2039900000,
    "operatingIncomeRatio": 0.1803609163,
    "totalOtherIncomeExpensesNet": 44400000,
    "incomeBeforeTax": 2084300000,
    "incomeBeforeTaxRatio": 0.1842866111,
    "incomeTaxExpense": 720200000,
    "netIncome": 1405800000,
    "netIncomeRatio": 0.1242959832,
    "eps": 2.8363,
    "epsdiluted": 2.8107,
    "weightedAverageShsOut": 482700000,
    "weightedAverageShsOutDil": 487100000,
    "link": "https://www.sec.gov/Archives/edgar/data/8670/000000867013000015/0000008670-13-000015-index.htm",
    "finalLink": "https://www.sec.gov/Archives/edgar/data/8670/000000867013000015/q4fy1310-k.htm"
  },
  {
    "date": "2012-06-30",
    "symbol": "ADP",
    "reportedCurrency": "USD",
    "cik": "0000008670",
    "fillingDate": "2012-08-20",
    "acceptedDate": "2012-08-20 17:18:30",
    "calendarYear": "2012",
    "period": "FY",
    "revenue": 10665200000,
    "costOfRevenue": 5703400000,
    "grossProfit": 4961800000,
    "grossProfitRatio": 0.4652327195,
    "researchAndDevelopmentExpenses": 599900000,
    "generalAndAdministrativeExpenses": 0,
    "sellingAndMarketingExpenses": 0,
    "sellingGeneralAndAdministrativeExpenses": 2402900000,
    "otherExpenses": 0,
    "operatingExpenses": 3002800000,
    "costAndExpenses": 8706200000,
    "interestIncome": 85200000,
    "interestExpense": 7700000,
    "depreciationAndAmortization": 323300000,
    "ebitda": 2453100000,
    "ebitdaratio": 0.2300097513,
    "operatingIncome": 1959000000,
    "operatingIncomeRatio": 0.1836815062,
    "totalOtherIncomeExpensesNet": 163100000,
    "incomeBeforeTax": 2122100000,
    "incomeBeforeTaxRatio": 0.198974234,
    "incomeTaxExpense": 733600000,
    "netIncome": 1388500000,
    "netIncomeRatio": 0.1301897761,
    "eps": 2.85,
    "epsdiluted": 2.82,
    "weightedAverageShsOut": 487300000,
    "weightedAverageShsOutDil": 492200000,
    "link": "https://www.sec.gov/Archives/edgar/data/8670/000120677412003634/0001206774-12-003634-index.htm",
    "finalLink": "https://www.sec.gov/Archives/edgar/data/8670/000120677412003634/adp_10k.htm"
  },
  {
    "date": "2011-06-30",
    "symbol": "ADP",
    "reportedCurrency": "USD",
    "cik": "0000008670",
    "fillingDate": "2011-08-24",
    "acceptedDate": "2011-08-24 13:00:20",
    "calendarYear": "2011",
    "period": "FY",
    "revenue": 9879500000,
    "costOfRevenue": 5219100000,
    "grossProfit": 4660400000,
    "grossProfitRatio": 0.4717242775,
    "researchAndDevelopmentExpenses": 577200000,
    "generalAndAdministrativeExpenses": 0,
    "sellingAndMarketingExpenses": 0,
    "sellingGeneralAndAdministrativeExpenses": 2258500000,
    "otherExpenses": 0,
    "operatingExpenses": 2835700000,
    "costAndExpenses": 8054800000,
    "interestIncome": 88800000,
    "interestExpense": 8600000,
    "depreciationAndAmortization": 318200000,
    "ebitda": 2259500000,
    "ebitdaratio": 0.2287059062,
    "operatingIncome": 1824700000,
    "operatingIncomeRatio": 0.1846955818,
    "totalOtherIncomeExpensesNet": 108000000,
    "incomeBeforeTax": 1932700000,
    "incomeBeforeTaxRatio": 0.1956273091,
    "incomeTaxExpense": 678500000,
    "netIncome": 1254200000,
    "netIncomeRatio": 0.1269497444,
    "eps": 2.54,
    "epsdiluted": 2.52,
    "weightedAverageShsOut": 493500000,
    "weightedAverageShsOutDil": 498300000,
    "link": "https://www.sec.gov/Archives/edgar/data/8670/000120677411001935/0001206774-11-001935-index.htm",
    "finalLink": "https://www.sec.gov/Archives/edgar/data/8670/000120677411001935/adp_10k.htm"
  },
  {
    "date": "2010-06-30",
    "symbol": "ADP",
    "reportedCurrency": "USD",
    "cik": "0000008670",
    "fillingDate": "2010-08-25",
    "acceptedDate": "2010-08-25 15:19:46",
    "calendarYear": "2010",
    "period": "FY",
    "revenue": 8927700000,
    "costOfRevenue": 4586400000,
    "grossProfit": 4341300000,
    "grossProfitRatio": 0.4862730603,
    "researchAndDevelopmentExpenses": 513900000,
    "generalAndAdministrativeExpenses": 0,
    "sellingAndMarketingExpenses": 0,
    "sellingGeneralAndAdministrativeExpenses": 2050000000,
    "otherExpenses": 0,
    "operatingExpenses": 2563900000,
    "costAndExpenses": 7150300000,
    "interestIncome": 98800000,
    "interestExpense": 8600000,
    "depreciationAndAmortization": 309200000,
    "ebitda": 2181000000,
    "ebitdaratio": 0.2442958433,
    "operatingIncome": 1777400000,
    "operatingIncomeRatio": 0.199088231,
    "totalOtherIncomeExpensesNet": 85800000,
    "incomeBeforeTax": 1863200000,
    "incomeBeforeTaxRatio": 0.208698769,
    "incomeTaxExpense": 655900000,
    "netIncome": 1211400000,
    "netIncomeRatio": 0.1356900433,
    "eps": 2.4194,
    "epsdiluted": 2.404,
    "weightedAverageShsOut": 500500000,
    "weightedAverageShsOutDil": 503700000,
    "link": "https://www.sec.gov/Archives/edgar/data/8670/000120677410001881/0001206774-10-001881-index.htm",
    "finalLink": "https://www.sec.gov/Archives/edgar/data/8670/000120677410001881/adp_10k.htm"
  },
  {
    "date": "2009-06-30",
    "symbol": "ADP",
    "reportedCurrency": "USD",
    "cik": "0000008670",
    "fillingDate": "2009-08-28",
    "acceptedDate": "2009-08-28 11:08:56",
    "calendarYear": "2009",
    "period": "FY",
    "revenue": 8867100000,
    "costOfRevenue": 4410100000,
    "grossProfit": 4457000000,
    "grossProfitRatio": 0.5026446076,
    "researchAndDevelopmentExpenses": 499700000,
    "generalAndAdministrativeExpenses": 0,
    "sellingAndMarketingExpenses": 0,
    "sellingGeneralAndAdministrativeExpenses": 2127300000,
    "otherExpenses": 0,
    "operatingExpenses": 2627000000,
    "costAndExpenses": 7037100000,
    "interestIncome": 134199999,
    "interestExpense": 33299999,
    "depreciationAndAmortization": 308100000,
    "ebitda": 2246100000,
    "ebitdaratio": 0.2533071692,
    "operatingIncome": 1830000000,
    "operatingIncomeRatio": 0.2063808912,
    "totalOtherIncomeExpensesNet": 74700000,
    "incomeBeforeTax": 1904700000,
    "incomeBeforeTaxRatio": 0.2148052915,
    "incomeTaxExpense": 576500000,
    "netIncome": 1332600000,
    "netIncomeRatio": 0.1502858883,
    "eps": 2.6395,
    "epsdiluted": 2.6259,
    "weightedAverageShsOut": 503200000,
    "weightedAverageShsOutDil": 505800000,
    "link": "https://www.sec.gov/Archives/edgar/data/8670/000120677409001642/0001206774-09-001642-index.htm",
    "finalLink": "https://www.sec.gov/Archives/edgar/data/8670/000120677409001642/adp_10k.htm"
  },
  {
    "date": "2008-06-30",
    "symbol": "ADP",
    "reportedCurrency": "USD",
    "cik": "0000008670",
    "fillingDate": "2008-08-29",
    "acceptedDate": "2008-08-29 11:43:36",
    "calendarYear": "2008",
    "period": "FY",
    "revenue": 8776500000,
    "costOfRevenue": 4234800000,
    "grossProfit": 4541700000,
    "grossProfitRatio": 0.5174841907,
    "researchAndDevelopmentExpenses": 525900000,
    "generalAndAdministrativeExpenses": 0,
    "sellingAndMarketingExpenses": 0,
    "sellingGeneralAndAdministrativeExpenses": 2289800000,
    "otherExpenses": 0,
    "operatingExpenses": 2815700000,
    "costAndExpenses": 7050500000,
    "interestIncome": 149500000,
    "interestExpense": 80500000,
    "depreciationAndAmortization": 319100000,
    "ebitda": 2211600000,
    "ebitdaratio": 0.2519911126,
    "operatingIncome": 1726000000,
    "operatingIncomeRatio": 0.1966615393,
    "totalOtherIncomeExpensesNet": 86000000,
    "incomeBeforeTax": 1812000000,
    "incomeBeforeTaxRatio": 0.2064604341,
    "incomeTaxExpense": 650300000,
    "netIncome": 1235700000,
    "netIncomeRatio": 0.1407964451,
    "eps": 2.2276,
    "epsdiluted": 2.2035,
    "weightedAverageShsOut": 521500000,
    "weightedAverageShsOutDil": 527200000,
    "link": "https://www.sec.gov/Archives/edgar/data/8670/000120677408001519/0001206774-08-001519-index.htm",
    "finalLink": "https://www.sec.gov/Archives/edgar/data/8670/000120677408001519/adp_10k.htm"
  },
  {
    "date": "2007-06-30",
    "symbol": "ADP",
    "reportedCurrency": "USD",
    "cik": "0000008670",
    "fillingDate": "2007-08-29",
    "acceptedDate": "2007-08-29 16:35:15",
    "calendarYear": "2007",
    "period": "FY",
    "revenue": 7800000000,
    "costOfRevenue": 3681100000,
    "grossProfit": 4118899999,
    "grossProfitRatio": 0.5280641024,
    "researchAndDevelopmentExpenses": 486100000,
    "generalAndAdministrativeExpenses": 0,
    "sellingAndMarketingExpenses": 0,
    "sellingGeneralAndAdministrativeExpenses": 2126300000,
    "otherExpenses": 0,
    "operatingExpenses": 2612400000,
    "costAndExpenses": 6293500000,
    "interestIncome": 165000000,
    "interestExpense": 94900000,
    "depreciationAndAmortization": 288800000,
    "ebitda": 2007200000,
    "ebitdaratio": 0.2573333333,
    "operatingIncome": 1506500000,
    "operatingIncomeRatio": 0.1931410256,
    "totalOtherIncomeExpensesNet": 117000000,
    "incomeBeforeTax": 1623500000,
    "incomeBeforeTaxRatio": 0.2081410256,
    "incomeTaxExpense": 602300000,
    "netIncome": 1138700000,
    "netIncomeRatio": 0.1459871795,
    "eps": 2.0335,
    "epsdiluted": 2.0056,
    "weightedAverageShsOut": 549700000,
    "weightedAverageShsOutDil": 557900000,
    "link": "https://www.sec.gov/Archives/edgar/data/8670/000120677407002085/0001206774-07-002085-index.htm",
    "finalLink": "https://www.sec.gov/Archives/edgar/data/8670/000120677407002085/adp_10-k.htm"
  },
  {
    "date": "2006-06-30",
    "symbol": "ADP",
    "reportedCurrency": "USD",
    "cik": "0000008670",
    "fillingDate": "2006-08-30",
    "acceptedDate": "2006-08-30 15:13:49",
    "calendarYear": "2006",
    "period": "FY",
    "revenue": 6835600000,
    "costOfRevenue": 3216500000,
    "grossProfit": 3619100000,
    "grossProfitRatio": 0.5294487682,
    "researchAndDevelopmentExpenses": 472300000,
    "generalAndAdministrativeExpenses": 0,
    "sellingAndMarketingExpenses": 0,
    "sellingGeneralAndAdministrativeExpenses": 1848600000,
    "otherExpenses": 0,
    "operatingExpenses": 2320900000,
    "costAndExpenses": 5537400000,
    "interestIncome": 140400000,
    "interestExpense": 72800000,
    "depreciationAndAmortization": 246000000,
    "ebitda": 1680000000,
    "ebitdaratio": 0.2457721341,
    "operatingIncome": 1298200000,
    "operatingIncomeRatio": 0.1899174908,
    "totalOtherIncomeExpensesNet": 63000000,
    "incomeBeforeTax": 1743000000,
    "incomeBeforeTaxRatio": 0.2549885892,
    "incomeTaxExpense": 670600000,
    "netIncome": 1554000000,
    "netIncomeRatio": 0.2273392241,
    "eps": 1.46,
    "epsdiluted": 1.45,
    "weightedAverageShsOut": 574800000,
    "weightedAverageShsOutDil": 580300000,
    "link": "https://www.sec.gov/Archives/edgar/data/8670/000120677406001911/0001206774-06-001911-index.htm",
    "finalLink": "https://www.sec.gov/Archives/edgar/data/8670/000120677406001911/adp_10k1.htm"
  },
  {
    "date": "2005-06-30",
    "symbol": "ADP",
    "reportedCurrency": "USD",
    "cik": "0000008670",
    "fillingDate": "2005-06-30",
    "acceptedDate": "2005-06-29 20:00:00",
    "calendarYear": "2005",
    "period": "FY",
    "revenue": 7983700000,
    "costOfRevenue": 4038700000,
    "grossProfit": 3945000000,
    "grossProfitRatio": 0.4941317935,
    "researchAndDevelopmentExpenses": 550300000,
    "generalAndAdministrativeExpenses": 0,
    "sellingAndMarketingExpenses": 0,
    "sellingGeneralAndAdministrativeExpenses": 1832800000,
    "otherExpenses": 0,
    "operatingExpenses": 2383100000,
    "costAndExpenses": 6421800000,
    "interestIncome": 92000000,
    "interestExpense": 32299999,
    "depreciationAndAmortization": 273900000,
    "ebitda": 1899300000,
    "ebitdaratio": 0.2378972156,
    "operatingIncome": 1561900000,
    "operatingIncomeRatio": 0.1956361086,
    "totalOtherIncomeExpensesNet": 31200000,
    "incomeBeforeTax": 1677900000,
    "incomeBeforeTaxRatio": 0.2101657126,
    "incomeTaxExpense": 622500000,
    "netIncome": 1055400000,
    "netIncomeRatio": 0.132194346,
    "eps": 1.81,
    "epsdiluted": 1.79,
    "weightedAverageShsOut": 583200000,
    "weightedAverageShsOutDil": 590000000,
    "link": "",
    "finalLink": ""
  },
  {
    "date": "2004-06-30",
    "symbol": "ADP",
    "reportedCurrency": "USD",
    "cik": "0000008670",
    "fillingDate": "2004-06-30",
    "acceptedDate": "2004-06-29 20:00:00",
    "calendarYear": "2004",
    "period": "FY",
    "revenue": 7754942000,
    "costOfRevenue": 3525413000,
    "grossProfit": 4229529000,
    "grossProfitRatio": 0.5453978895,
    "researchAndDevelopmentExpenses": 581165000,
    "generalAndAdministrativeExpenses": 1903356000,
    "sellingAndMarketingExpenses": 0,
    "sellingGeneralAndAdministrativeExpenses": 1903356000,
    "otherExpenses": 306772000,
    "operatingExpenses": 2791293000,
    "costAndExpenses": 6316706000,
    "interestIncome": 0,
    "interestExpense": 0,
    "depreciationAndAmortization": 436694000,
    "ebitda": 1787200000,
    "ebitdaratio": 0.2304594928,
    "operatingIncome": 1438236000,
    "operatingIncomeRatio": 0.1854605747,
    "totalOtherIncomeExpensesNet": 56294000,
    "incomeBeforeTax": 1494530000,
    "incomeBeforeTaxRatio": 0.1927196877,
    "incomeTaxExpense": 558960000,
    "netIncome": 935570000,
    "netIncomeRatio": 0.1206417791,
    "eps": 1.19,
    "epsdiluted": 1.18,
    "weightedAverageShsOut": 591700000,
    "weightedAverageShsOutDil": 598700000,
    "link": "",
    "finalLink": ""
  },
  {
    "date": "2003-06-30",
    "symbol": "ADP",
    "reportedCurrency": "USD",
    "cik": "0000008670",
    "fillingDate": "2003-06-30",
    "acceptedDate": "2003-06-29 20:00:00",
    "calendarYear": "2003",
    "period": "FY",
    "revenue": 7147017000,
    "costOfRevenue": 3096719000,
    "grossProfit": 4050298000,
    "grossProfitRatio": 0.5667116785,
    "researchAndDevelopmentExpenses": 499192000,
    "generalAndAdministrativeExpenses": 1758353000,
    "sellingAndMarketingExpenses": 0,
    "sellingGeneralAndAdministrativeExpenses": 1758353000,
    "otherExpenses": 274682000,
    "operatingExpenses": 2532227000,
    "costAndExpenses": 5628946000,
    "interestIncome": 0,
    "interestExpense": 0,
    "depreciationAndAmortization": 274682000,
    "ebitda": 1792753000,
    "ebitdaratio": 0.2508393362,
    "operatingIncome": 1518071000,
    "operatingIncomeRatio": 0.2124062389,
    "totalOtherIncomeExpensesNet": 127129000,
    "incomeBeforeTax": 1645200000,
    "incomeBeforeTaxRatio": 0.2301939397,
    "incomeTaxExpense": 627050000,
    "netIncome": 1018150000,
    "netIncomeRatio": 0.1424580353,
    "eps": 1.36,
    "epsdiluted": 1.34,
    "weightedAverageShsOut": 600100000,
    "weightedAverageShsOutDil": 605900000,
    "link": "",
    "finalLink": ""
  },
  {
    "date": "2002-06-30",
    "symbol": "ADP",
    "reportedCurrency": "USD",
    "cik": "0000008670",
    "fillingDate": "2002-06-30",
    "acceptedDate": "2002-06-29 20:00:00",
    "calendarYear": "2002",
    "period": "FY",
    "revenue": 7004263000,
    "costOfRevenue": 2970645000,
    "grossProfit": 4033618000,
    "grossProfitRatio": 0.5758804317,
    "researchAndDevelopmentExpenses": 474843000,
    "generalAndAdministrativeExpenses": 1606690000,
    "sellingAndMarketingExpenses": 0,
    "sellingGeneralAndAdministrativeExpenses": 1606690000,
    "otherExpenses": 279077000,
    "operatingExpenses": 2360610000,
    "costAndExpenses": 5331255000,
    "interestIncome": 0,
    "interestExpense": 0,
    "depreciationAndAmortization": 279077000,
    "ebitda": 1952085000,
    "ebitdaratio": 0.2786995577,
    "operatingIncome": 1673008000,
    "operatingIncomeRatio": 0.2388556797,
    "totalOtherIncomeExpensesNet": 113962000,
    "incomeBeforeTax": 1786970000,
    "incomeBeforeTaxRatio": 0.2551260568,
    "incomeTaxExpense": 686200000,
    "netIncome": 1100770000,
    "netIncomeRatio": 0.1571571484,
    "eps": 1.78,
    "epsdiluted": 1.75,
    "weightedAverageShsOut": 618857000,
    "weightedAverageShsOutDil": 630579000,
    "link": "",
    "finalLink": ""
  },
  {
    "date": "2001-06-30",
    "symbol": "ADP",
    "reportedCurrency": "USD",
    "cik": "0000008670",
    "fillingDate": "2001-09-14",
    "acceptedDate": "2001-09-14 00:00:00",
    "calendarYear": "2001",
    "period": "FY",
    "revenue": 7017570000,
    "costOfRevenue": 2900124000,
    "grossProfit": 4117446000,
    "grossProfitRatio": 0.5867338694,
    "researchAndDevelopmentExpenses": 514279000,
    "generalAndAdministrativeExpenses": 1665447000,
    "sellingAndMarketingExpenses": 0,
    "sellingGeneralAndAdministrativeExpenses": 1665447000,
    "otherExpenses": 320856000,
    "operatingExpenses": 2500582000,
    "costAndExpenses": 5400706000,
    "interestIncome": 0,
    "interestExpense": 0,
    "depreciationAndAmortization": 320856000,
    "ebitda": 1937720000,
    "ebitdaratio": 0.2761240714,
    "operatingIncome": 1616864000,
    "operatingIncomeRatio": 0.2304022618,
    "totalOtherIncomeExpensesNet": -91854000,
    "incomeBeforeTax": 1525010000,
    "incomeBeforeTaxRatio": 0.2173131155,
    "incomeTaxExpense": 600290000,
    "netIncome": 924720000,
    "netIncomeRatio": 0.1317721091,
    "eps": 1.47,
    "epsdiluted": 1.44,
    "weightedAverageShsOut": 629035000,
    "weightedAverageShsOutDil": 645989000,
    "link": "https://www.sec.gov/Archives/edgar/data/8670/000000867001500017/0000008670-01-500017-index.htm",
    "finalLink": "https://www.sec.gov/Archives/edgar/data/8670/000000867001500017/form10k405.txt"
  },
  {
    "date": "2000-06-30",
    "symbol": "ADP",
    "reportedCurrency": "USD",
    "cik": "0000008670",
    "fillingDate": "2000-09-12",
    "acceptedDate": "2000-09-12 00:00:00",
    "calendarYear": "2000",
    "period": "FY",
    "revenue": 5938916000,
    "costOfRevenue": 2564496000,
    "grossProfit": 3374420000,
    "grossProfitRatio": 0.5681878646,
    "researchAndDevelopmentExpenses": 460275000,
    "generalAndAdministrativeExpenses": 1643360000,
    "sellingAndMarketingExpenses": 0,
    "sellingGeneralAndAdministrativeExpenses": 1643360000,
    "otherExpenses": 284282000,
    "operatingExpenses": 2387917000,
    "costAndExpenses": 4952413000,
    "interestIncome": 0,
    "interestExpense": 0,
    "depreciationAndAmortization": 284282000,
    "ebitda": 1270785000,
    "ebitdaratio": 0.2139759175,
    "operatingIncome": 986503000,
    "operatingIncomeRatio": 0.1661082595,
    "totalOtherIncomeExpensesNet": 303097000,
    "incomeBeforeTax": 1289600000,
    "incomeBeforeTaxRatio": 0.2171440041,
    "incomeTaxExpense": 448800000,
    "netIncome": 840800000,
    "netIncomeRatio": 0.1415746577,
    "eps": 1.34,
    "epsdiluted": 1.31,
    "weightedAverageShsOut": 626766000,
    "weightedAverageShsOutDil": 646098000,
    "link": "https://www.sec.gov/Archives/edgar/data/8670/000000867000000026/0000008670-00-000026-index.htm",
    "finalLink": "https://www.sec.gov/Archives/edgar/data/8670/000000867000000026/0000008670-00-000026-0001.txt"
  },
  {
    "date": "1999-06-30",
    "symbol": "ADP",
    "reportedCurrency": "USD",
    "cik": "0000008670",
    "fillingDate": "1999-09-21",
    "acceptedDate": "1999-09-21 00:00:00",
    "calendarYear": "1999",
    "period": "FY",
    "revenue": 5540100000,
    "costOfRevenue": 2376200000,
    "grossProfit": 3163900000,
    "grossProfitRatio": 0.5710907745,
    "researchAndDevelopmentExpenses": 412400000,
    "generalAndAdministrativeExpenses": 1375200000,
    "sellingAndMarketingExpenses": 0,
    "sellingGeneralAndAdministrativeExpenses": 1375200000,
    "otherExpenses": 272800000,
    "operatingExpenses": 2060400000,
    "costAndExpenses": 4436600000,
    "interestIncome": 0,
    "interestExpense": 0,
    "depreciationAndAmortization": 272800000,
    "ebitda": 1376300000,
    "ebitdaratio": 0.2484251187,
    "operatingIncome": 1103500000,
    "operatingIncomeRatio": 0.1991841303,
    "totalOtherIncomeExpensesNet": -19000000,
    "incomeBeforeTax": 1084500000,
    "incomeBeforeTaxRatio": 0.1957545893,
    "incomeTaxExpense": 387700000,
    "netIncome": 696800000,
    "netIncomeRatio": 0.125773903,
    "eps": 1.13,
    "epsdiluted": 1.1,
    "weightedAverageShsOut": 615630000,
    "weightedAverageShsOutDil": 636892000,
    "link": "https://www.sec.gov/Archives/edgar/data/8670/000104746999036331/0001047469-99-036331-index.html",
    "finalLink": "https://www.sec.gov/Archives/edgar/data/8670/000104746999036331/"
  },
  {
    "date": "1998-06-30",
    "symbol": "ADP",
    "reportedCurrency": "USD",
    "cik": "0000008670",
    "fillingDate": "1998-09-23",
    "acceptedDate": "1998-09-23 00:00:00",
    "calendarYear": "1998",
    "period": "FY",
    "revenue": 4798100000,
    "costOfRevenue": 2063100000,
    "grossProfit": 2735000000,
    "grossProfitRatio": 0.5700172985,
    "researchAndDevelopmentExpenses": 375200000,
    "generalAndAdministrativeExpenses": 1206800000,
    "sellingAndMarketingExpenses": 0,
    "sellingGeneralAndAdministrativeExpenses": 1206800000,
    "otherExpenses": 244600000,
    "operatingExpenses": 1826600000,
    "costAndExpenses": 3889700000,
    "interestIncome": 0,
    "interestExpense": 0,
    "depreciationAndAmortization": 244600000,
    "ebitda": 1162800000,
    "ebitdaratio": 0.2423459286,
    "operatingIncome": 908400000,
    "operatingIncomeRatio": 0.1893249411,
    "totalOtherIncomeExpensesNet": -24400000,
    "incomeBeforeTax": 884200000,
    "incomeBeforeTaxRatio": 0.184281278,
    "incomeTaxExpense": 278900000,
    "netIncome": 605300000,
    "netIncomeRatio": 0.1261541027,
    "eps": 1.01,
    "epsdiluted": 0.98,
    "weightedAverageShsOut": 600803000,
    "weightedAverageShsOutDil": 628196000,
    "link": "https://www.sec.gov/Archives/edgar/data/8670/000104746998035178/0001047469-98-035178-index.html",
    "finalLink": "https://www.sec.gov/Archives/edgar/data/8670/"
  },
  {
    "date": "1997-06-30",
    "symbol": "ADP",
    "reportedCurrency": "USD",
    "cik": "0000008670",
    "fillingDate": "1997-09-18",
    "acceptedDate": "1997-09-18 00:00:00",
    "calendarYear": "1997",
    "period": "FY",
    "revenue": 4112200000,
    "costOfRevenue": 1722800000,
    "grossProfit": 2389400000,
    "grossProfitRatio": 0.5810515053,
    "researchAndDevelopmentExpenses": 296500000,
    "generalAndAdministrativeExpenses": 1088300000,
    "sellingAndMarketingExpenses": 0,
    "sellingGeneralAndAdministrativeExpenses": 1088300000,
    "otherExpenses": 223400000,
    "operatingExpenses": 1608200000,
    "costAndExpenses": 3331000000,
    "interestIncome": 0,
    "interestExpense": 0,
    "depreciationAndAmortization": 223400000,
    "ebitda": 979500000,
    "ebitdaratio": 0.2381936676,
    "operatingIncome": 781200000,
    "operatingIncomeRatio": 0.1899713049,
    "totalOtherIncomeExpensesNet": -28200000,
    "incomeBeforeTax": 724000000,
    "incomeBeforeTaxRatio": 0.1760614756,
    "incomeTaxExpense": 210500000,
    "netIncome": 513500000,
    "netIncomeRatio": 0.1248723311,
    "eps": 0.88,
    "epsdiluted": 0.85,
    "weightedAverageShsOut": 585454545,
    "weightedAverageShsOutDil": 606117647,
    "link": "https://www.sec.gov/Archives/edgar/data/8670/000091205797031091/0000912057-97-031091-index.html",
    "finalLink": "https://www.sec.gov/Archives/edgar/data/8670/"
  },
  {
    "date": "1996-06-30",
    "symbol": "ADP",
    "reportedCurrency": "USD",
    "cik": "0000008670",
    "fillingDate": "1996-09-23",
    "acceptedDate": "1996-09-23 00:00:00",
    "calendarYear": "1996",
    "period": "FY",
    "revenue": 3566600000,
    "costOfRevenue": 1516400000,
    "grossProfit": 2050200000,
    "grossProfitRatio": 0.5748331745,
    "researchAndDevelopmentExpenses": 249600000,
    "generalAndAdministrativeExpenses": 933800000,
    "sellingAndMarketingExpenses": 0,
    "sellingGeneralAndAdministrativeExpenses": 933800000,
    "otherExpenses": 201600000,
    "operatingExpenses": 1385000000,
    "costAndExpenses": 2901400000,
    "interestIncome": 0,
    "interestExpense": 0,
    "depreciationAndAmortization": 201600000,
    "ebitda": 866800000,
    "ebitdaratio": 0.24303258,
    "operatingIncome": 665200000,
    "operatingIncomeRatio": 0.186508159,
    "totalOtherIncomeExpensesNet": -29800000,
    "incomeBeforeTax": 635400000,
    "incomeBeforeTaxRatio": 0.1781528627,
    "incomeTaxExpense": 180700000,
    "netIncome": 454700000,
    "netIncomeRatio": 0.1274883643,
    "eps": 0.79,
    "epsdiluted": 0.77,
    "weightedAverageShsOut": 575569620,
    "weightedAverageShsOutDil": 590519481,
    "link": "https://www.sec.gov/Archives/edgar/data/8670/000095011296003416/0000950112-96-003416-index.html",
    "finalLink": "https://www.sec.gov/Archives/edgar/data/8670/"
  },
  {
    "date": "1995-06-30",
    "symbol": "ADP",
    "reportedCurrency": "USD",
    "cik": "0000008670",
    "fillingDate": "1995-09-21",
    "acceptedDate": "1995-09-21 00:00:00",
    "calendarYear": "1995",
    "period": "FY",
    "revenue": 2893700000,
    "costOfRevenue": 1177300000,
    "grossProfit": 1716400000,
    "grossProfitRatio": 0.5931506376,
    "researchAndDevelopmentExpenses": 193200000,
    "generalAndAdministrativeExpenses": 792100000,
    "sellingAndMarketingExpenses": 0,
    "sellingGeneralAndAdministrativeExpenses": 792100000,
    "otherExpenses": 172500000,
    "operatingExpenses": 1157800000,
    "costAndExpenses": 2335100000,
    "interestIncome": 0,
    "interestExpense": 0,
    "depreciationAndAmortization": 172500000,
    "ebitda": 731100000,
    "ebitdaratio": 0.2526523136,
    "operatingIncome": 558600000,
    "operatingIncomeRatio": 0.1930400525,
    "totalOtherIncomeExpensesNet": -24300000,
    "incomeBeforeTax": 534300000,
    "incomeBeforeTaxRatio": 0.1846424992,
    "incomeTaxExpense": 139500000,
    "netIncome": 394800000,
    "netIncomeRatio": 0.1364343228,
    "eps": 0.69,
    "epsdiluted": 0.69,
    "weightedAverageShsOut": 570224000,
    "weightedAverageShsOutDil": 570224000,
    "link": "https://www.sec.gov/Archives/edgar/data/8670/000091205795007958/0000912057-95-007958-index.html",
    "finalLink": "https://www.sec.gov/Archives/edgar/data/8670/"
  },
  {
    "date": "1994-06-30",
    "symbol": "ADP",
    "reportedCurrency": "USD",
    "cik": "0000008670",
    "fillingDate": "1994-09-01",
    "acceptedDate": "1994-09-01 00:00:00",
    "calendarYear": "1994",
    "period": "FY",
    "revenue": 2469000000,
    "costOfRevenue": 1026400000,
    "grossProfit": 1442600000,
    "grossProfitRatio": 0.5842851357,
    "researchAndDevelopmentExpenses": 160800000,
    "generalAndAdministrativeExpenses": 666300000,
    "sellingAndMarketingExpenses": 0,
    "sellingGeneralAndAdministrativeExpenses": 666300000,
    "otherExpenses": 148300000,
    "operatingExpenses": 975400000,
    "costAndExpenses": 2001800000,
    "interestIncome": 0,
    "interestExpense": 0,
    "depreciationAndAmortization": 148300000,
    "ebitda": 615500000,
    "ebitdaratio": 0.249291211,
    "operatingIncome": 467200000,
    "operatingIncomeRatio": 0.1892264075,
    "totalOtherIncomeExpensesNet": -20900000,
    "incomeBeforeTax": 446300000,
    "incomeBeforeTaxRatio": 0.1807614419,
    "incomeTaxExpense": 112200000,
    "netIncome": 329300000,
    "netIncomeRatio": 0.1333738356,
    "eps": 0.59,
    "epsdiluted": 0.59,
    "weightedAverageShsOut": 563560000,
    "weightedAverageShsOutDil": 563560000,
    "link": "https://www.sec.gov/Archives/edgar/data/8670/000091205794002935/0000912057-94-002935-index.html",
    "finalLink": "https://www.sec.gov/Archives/edgar/data/8670/"
  },
  {
    "date": "1993-06-30",
    "symbol": "ADP",
    "reportedCurrency": "USD",
    "cik": "0000008670",
    "fillingDate": "1993-06-30",
    "acceptedDate": "1993-06-29 20:00:00",
    "calendarYear": "1993",
    "period": "FY",
    "revenue": 2223400000,
    "costOfRevenue": 927200000,
    "grossProfit": 1296200000,
    "grossProfitRatio": 0.5829810201,
    "researchAndDevelopmentExpenses": 0,
    "generalAndAdministrativeExpenses": 749600000,
    "sellingAndMarketingExpenses": 0,
    "sellingGeneralAndAdministrativeExpenses": 749600000,
    "otherExpenses": 140200000,
    "operatingExpenses": 889800000,
    "costAndExpenses": 1817000000,
    "interestIncome": 0,
    "interestExpense": 0,
    "depreciationAndAmortization": 140200000,
    "ebitda": 546600000,
    "ebitdaratio": 0.245839705,
    "operatingIncome": 406400000,
    "operatingIncomeRatio": 0.1827831249,
    "totalOtherIncomeExpensesNet": -19800000,
    "incomeBeforeTax": 386600000,
    "incomeBeforeTaxRatio": 0.1738778447,
    "incomeTaxExpense": 92400000,
    "netIncome": 294200000,
    "netIncomeRatio": 0.1323198705,
    "eps": 0.52,
    "epsdiluted": 0.52,
    "weightedAverageShsOut": 565769231,
    "weightedAverageShsOutDil": 565769231,
    "link": "",
    "finalLink": ""
  },
  {
    "date": "1992-06-30",
    "symbol": "ADP",
    "reportedCurrency": "USD",
    "cik": "0000008670",
    "fillingDate": "1992-06-30",
    "acceptedDate": "1992-06-29 20:00:00",
    "calendarYear": "1992",
    "period": "FY",
    "revenue": 1940600000,
    "costOfRevenue": 816200000,
    "grossProfit": 1124400000,
    "grossProfitRatio": 0.5794084304,
    "researchAndDevelopmentExpenses": 0,
    "generalAndAdministrativeExpenses": 654400000,
    "sellingAndMarketingExpenses": 0,
    "sellingGeneralAndAdministrativeExpenses": 654400000,
    "otherExpenses": 116100000,
    "operatingExpenses": 770500000,
    "costAndExpenses": 1586700000,
    "interestIncome": 0,
    "interestExpense": 0,
    "depreciationAndAmortization": 116100000,
    "ebitda": 470000000,
    "ebitdaratio": 0.2421931361,
    "operatingIncome": 353900000,
    "operatingIncomeRatio": 0.1823662785,
    "totalOtherIncomeExpensesNet": -12300000,
    "incomeBeforeTax": 341600000,
    "incomeBeforeTaxRatio": 0.1760280326,
    "incomeTaxExpense": 85400000,
    "netIncome": 256200000,
    "netIncomeRatio": 0.1320210244,
    "eps": 0.46,
    "epsdiluted": 0.46,
    "weightedAverageShsOut": 556956522,
    "weightedAverageShsOutDil": 556956522,
    "link": "",
    "finalLink": ""
  },
  {
    "date": "1991-06-30",
    "symbol": "ADP",
    "reportedCurrency": "USD",
    "cik": "0000008670",
    "fillingDate": "1991-06-30",
    "acceptedDate": "1991-06-29 20:00:00",
    "calendarYear": "1991",
    "period": "FY",
    "revenue": 1771800000,
    "costOfRevenue": 756600000,
    "grossProfit": 1015200000,
    "grossProfitRatio": 0.5729766339,
    "researchAndDevelopmentExpenses": 0,
    "generalAndAdministrativeExpenses": 592800000,
    "sellingAndMarketingExpenses": 0,
    "sellingGeneralAndAdministrativeExpenses": 592800000,
    "otherExpenses": 114500000,
    "operatingExpenses": 707300000,
    "costAndExpenses": 1463900000,
    "interestIncome": 0,
    "interestExpense": 0,
    "depreciationAndAmortization": 114500000,
    "ebitda": 422400000,
    "ebitdaratio": 0.2384016255,
    "operatingIncome": 307900000,
    "operatingIncomeRatio": 0.1737780788,
    "totalOtherIncomeExpensesNet": -8300000,
    "incomeBeforeTax": 299600000,
    "incomeBeforeTaxRatio": 0.1690935772,
    "incomeTaxExpense": 71900000,
    "netIncome": 227700000,
    "netIncomeRatio": 0.1285133762,
    "eps": 0.41,
    "epsdiluted": 0.41,
    "weightedAverageShsOut": 555365854,
    "weightedAverageShsOutDil": 555365854,
    "link": "",
    "finalLink": ""
  },
  {
    "date": "1990-06-30",
    "symbol": "ADP",
    "reportedCurrency": "USD",
    "cik": "0000008670",
    "fillingDate": "1990-06-30",
    "acceptedDate": "1990-06-29 20:00:00",
    "calendarYear": "1990",
    "period": "FY",
    "revenue": 1714000000,
    "costOfRevenue": 741600000,
    "grossProfit": 972400000,
    "grossProfitRatio": 0.567327888,
    "researchAndDevelopmentExpenses": 0,
    "generalAndAdministrativeExpenses": 561600000,
    "sellingAndMarketingExpenses": 0,
    "sellingGeneralAndAdministrativeExpenses": 561600000,
    "otherExpenses": 113500000,
    "operatingExpenses": 675100000,
    "costAndExpenses": 1416700000,
    "interestIncome": 0,
    "interestExpense": 0,
    "depreciationAndAmortization": 113500000,
    "ebitda": 410800000,
    "ebitdaratio": 0.2396732789,
    "operatingIncome": 297300000,
    "operatingIncomeRatio": 0.173453909,
    "totalOtherIncomeExpensesNet": -12000000,
    "incomeBeforeTax": 285300000,
    "incomeBeforeTaxRatio": 0.1664527421,
    "incomeTaxExpense": 73600000,
    "netIncome": 211700000,
    "netIncomeRatio": 0.123512252,
    "eps": 0.36,
    "epsdiluted": 0.36,
    "weightedAverageShsOut": 588055556,
    "weightedAverageShsOutDil": 588055556,
    "link": "",
    "finalLink": ""
  },
  {
    "date": "1989-06-30",
    "symbol": "ADP",
    "reportedCurrency": "USD",
    "cik": "0000008670",
    "fillingDate": "1989-06-30",
    "acceptedDate": "1989-06-29 20:00:00",
    "calendarYear": "1989",
    "period": "FY",
    "revenue": 1677700000,
    "costOfRevenue": 759100000,
    "grossProfit": 918600000,
    "grossProfitRatio": 0.5475353162,
    "researchAndDevelopmentExpenses": 0,
    "generalAndAdministrativeExpenses": 503600000,
    "sellingAndMarketingExpenses": 0,
    "sellingGeneralAndAdministrativeExpenses": 503600000,
    "otherExpenses": 123600000,
    "operatingExpenses": 627200000,
    "costAndExpenses": 1386300000,
    "interestIncome": 0,
    "interestExpense": 0,
    "depreciationAndAmortization": 123600000,
    "ebitda": 415000000,
    "ebitdaratio": 0.2473624605,
    "operatingIncome": 291400000,
    "operatingIncomeRatio": 0.1736901711,
    "totalOtherIncomeExpensesNet": -19600000,
    "incomeBeforeTax": 271800000,
    "incomeBeforeTaxRatio": 0.1620075103,
    "incomeTaxExpense": 84200000,
    "netIncome": 187600000,
    "netIncomeRatio": 0.1118197532,
    "eps": 0.32,
    "epsdiluted": 0.31,
    "weightedAverageShsOut": 586250000,
    "weightedAverageShsOutDil": 605161290,
    "link": "",
    "finalLink": ""
  },
  {
    "date": "1988-06-30",
    "symbol": "ADP",
    "reportedCurrency": "USD",
    "cik": "0000008670",
    "fillingDate": "1988-06-30",
    "acceptedDate": "1988-06-29 20:00:00",
    "calendarYear": "1988",
    "period": "FY",
    "revenue": 1549200000,
    "costOfRevenue": 723700000,
    "grossProfit": 825500000,
    "grossProfitRatio": 0.5328556674,
    "researchAndDevelopmentExpenses": 0,
    "generalAndAdministrativeExpenses": 446400000,
    "sellingAndMarketingExpenses": 0,
    "sellingGeneralAndAdministrativeExpenses": 446400000,
    "otherExpenses": 107000000,
    "operatingExpenses": 553400000,
    "costAndExpenses": 1277100000,
    "interestIncome": 0,
    "interestExpense": 0,
    "depreciationAndAmortization": 107000000,
    "ebitda": 379100000,
    "ebitdaratio": 0.2447069455,
    "operatingIncome": 272100000,
    "operatingIncomeRatio": 0.1756390395,
    "totalOtherIncomeExpensesNet": -17100000,
    "incomeBeforeTax": 255000000,
    "incomeBeforeTaxRatio": 0.1646010844,
    "incomeTaxExpense": 84700000,
    "netIncome": 170300000,
    "netIncomeRatio": 0.1099277046,
    "eps": 0.28,
    "epsdiluted": 0.27,
    "weightedAverageShsOut": 608214286,
    "weightedAverageShsOutDil": 630740741,
    "link": "",
    "finalLink": ""
  },
  {
    "date": "1987-06-30",
    "symbol": "ADP",
    "reportedCurrency": "USD",
    "cik": "0000008670",
    "fillingDate": "1987-06-30",
    "acceptedDate": "1987-06-29 20:00:00",
    "calendarYear": "1987",
    "period": "FY",
    "revenue": 1384200000,
    "costOfRevenue": 649200000,
    "grossProfit": 735000000,
    "grossProfitRatio": 0.5309926311,
    "researchAndDevelopmentExpenses": 0,
    "generalAndAdministrativeExpenses": 390800000,
    "sellingAndMarketingExpenses": 0,
    "sellingGeneralAndAdministrativeExpenses": 390800000,
    "otherExpenses": 102200000,
    "operatingExpenses": 493000000,
    "costAndExpenses": 1142200000,
    "interestIncome": 0,
    "interestExpense": 0,
    "depreciationAndAmortization": 102200000,
    "ebitda": 344200000,
    "ebitdaratio": 0.2486634879,
    "operatingIncome": 242000000,
    "operatingIncomeRatio": 0.1748302268,
    "totalOtherIncomeExpensesNet": -20100000,
    "incomeBeforeTax": 221900000,
    "incomeBeforeTaxRatio": 0.1603092039,
    "incomeTaxExpense": 89900000,
    "netIncome": 132000000,
    "netIncomeRatio": 0.0953619419,
    "eps": 0.22,
    "epsdiluted": 0.21,
    "weightedAverageShsOut": 600000000,
    "weightedAverageShsOutDil": 628571429,
    "link": "",
    "finalLink": ""
  },
  {
    "date": "1986-06-30",
    "symbol": "ADP",
    "reportedCurrency": "USD",
    "cik": "0000008670",
    "fillingDate": "1986-06-30",
    "acceptedDate": "1986-06-29 20:00:00",
    "calendarYear": "1986",
    "period": "FY",
    "revenue": 1204200000,
    "costOfRevenue": 543900000,
    "grossProfit": 660300000,
    "grossProfitRatio": 0.5483308421,
    "researchAndDevelopmentExpenses": 0,
    "generalAndAdministrativeExpenses": 350500000,
    "sellingAndMarketingExpenses": 0,
    "sellingGeneralAndAdministrativeExpenses": 350500000,
    "otherExpenses": 110600000,
    "operatingExpenses": 461100000,
    "costAndExpenses": 1005000000,
    "interestIncome": 0,
    "interestExpense": 0,
    "depreciationAndAmortization": 110600000,
    "ebitda": 309800000,
    "ebitdaratio": 0.2572662348,
    "operatingIncome": 199200000,
    "operatingIncomeRatio": 0.1654210264,
    "totalOtherIncomeExpensesNet": -15700000,
    "incomeBeforeTax": 183500000,
    "incomeBeforeTaxRatio": 0.152383325,
    "incomeTaxExpense": 77500000,
    "netIncome": 106000000,
    "netIncomeRatio": 0.088025245,
    "eps": 0.19,
    "epsdiluted": 0.18,
    "weightedAverageShsOut": 557894737,
    "weightedAverageShsOutDil": 588888889,
    "link": "",
    "finalLink": ""
  }
]