[
  {
    "date": "2025-07-31",
    "symbol": "ADSK",
    "reportedCurrency": "USD",
    "cik": "0000769397",
    "fillingDate": "2025-09-02",
    "acceptedDate": "2025-09-02 16:04:12",
    "calendarYear": "2026",
    "period": "Q2",
    "revenue": 1763000000,
    "costOfRevenue": 136000000,
    "grossProfit": 1627000000,
    "grossProfitRatio": 0.9228587635,
    "researchAndDevelopmentExpenses": 413000000,
    "generalAndAdministrativeExpenses": 168000000,
    "sellingAndMarketingExpenses": 559000000,
    "sellingGeneralAndAdministrativeExpenses": 727000000,
    "otherExpenses": 37000000,
    "operatingExpenses": 1177000000,
    "costAndExpenses": 1319000000,
    "interestIncome": 12000000,
    "interestExpense": 0,
    "depreciationAndAmortization": 47000000,
    "ebitda": 497000000,
    "ebitdaratio": 0.2819058423,
    "operatingIncome": 444000000,
    "operatingIncomeRatio": 0.2518434487,
    "totalOtherIncomeExpensesNet": 12000000,
    "incomeBeforeTax": 456000000,
    "incomeBeforeTaxRatio": 0.2586500284,
    "incomeTaxExpense": 143000000,
    "netIncome": 313000000,
    "netIncomeRatio": 0.177538287,
    "eps": 1.47,
    "epsdiluted": 1.46,
    "weightedAverageShsOut": 213000000,
    "weightedAverageShsOutDil": 215000000,
    "link": "https://www.sec.gov/Archives/edgar/data/769397/000076939725000117/0000769397-25-000117-index.htm",
    "finalLink": "https://www.sec.gov/Archives/edgar/data/769397/000076939725000117/adsk-20250731.htm"
  },
  {
    "date": "2025-04-30",
    "symbol": "ADSK",
    "reportedCurrency": "USD",
    "cik": "0000769397",
    "fillingDate": "2025-05-29",
    "acceptedDate": "2025-05-29 16:02:28",
    "calendarYear": "2026",
    "period": "Q1",
    "revenue": 1633000000,
    "costOfRevenue": 160000000,
    "grossProfit": 1473000000,
    "grossProfitRatio": 0.9020208206,
    "researchAndDevelopmentExpenses": 394000000,
    "generalAndAdministrativeExpenses": 162000000,
    "sellingAndMarketingExpenses": 566000000,
    "sellingGeneralAndAdministrativeExpenses": 728000000,
    "otherExpenses": 118000000,
    "operatingExpenses": 1240000000,
    "costAndExpenses": 1400000000,
    "interestIncome": 0,
    "interestExpense": 2000000,
    "depreciationAndAmortization": 48000000,
    "ebitda": 284000000,
    "ebitdaratio": 0.1739130435,
    "operatingIncome": 233000000,
    "operatingIncomeRatio": 0.14268218,
    "totalOtherIncomeExpensesNet": 1000000,
    "incomeBeforeTax": 234000000,
    "incomeBeforeTaxRatio": 0.1432945499,
    "incomeTaxExpense": 82000000,
    "netIncome": 152000000,
    "netIncomeRatio": 0.0930802205,
    "eps": 0.71,
    "epsdiluted": 0.7,
    "weightedAverageShsOut": 214000000,
    "weightedAverageShsOutDil": 216000000,
    "link": "https://www.sec.gov/Archives/edgar/data/769397/000076939725000071/0000769397-25-000071-index.htm",
    "finalLink": "https://www.sec.gov/Archives/edgar/data/769397/000076939725000071/adsk-20250430.htm"
  },
  {
    "date": "2025-01-31",
    "symbol": "ADSK",
    "reportedCurrency": "USD",
    "cik": "0000769397",
    "fillingDate": "2025-03-06",
    "acceptedDate": "2025-03-06 16:24:13",
    "calendarYear": "2025",
    "period": "Q4",
    "revenue": 1633000000,
    "costOfRevenue": 166000000,
    "grossProfit": 1467000000,
    "grossProfitRatio": 0.8983466013,
    "researchAndDevelopmentExpenses": 393000000,
    "generalAndAdministrativeExpenses": 0,
    "sellingAndMarketingExpenses": 0,
    "sellingGeneralAndAdministrativeExpenses": 691000000,
    "otherExpenses": 0,
    "operatingExpenses": 1084000000,
    "costAndExpenses": 1250000000,
    "interestIncome": 3000000,
    "interestExpense": 0,
    "depreciationAndAmortization": 46000000,
    "ebitda": 418000000,
    "ebitdaratio": 0.2559706062,
    "operatingIncome": 383000000,
    "operatingIncomeRatio": 0.2345376607,
    "totalOtherIncomeExpensesNet": -11000000,
    "incomeBeforeTax": 372000000,
    "incomeBeforeTaxRatio": 0.2278015922,
    "incomeTaxExpense": 69000000,
    "netIncome": 303000000,
    "netIncomeRatio": 0.185548071,
    "eps": 1.4093023255813955,
    "epsdiluted": 1.3963133640552996,
    "weightedAverageShsOut": 215000000,
    "weightedAverageShsOutDil": 217000000,
    "link": "https://www.sec.gov/Archives/edgar/data/769397/000076939725000019/0000769397-25-000019-index.htm",
    "finalLink": "https://www.sec.gov/Archives/edgar/data/769397/000076939725000019/adsk-20250131.htm"
  },
  {
    "date": "2024-10-31",
    "symbol": "ADSK",
    "reportedCurrency": "USD",
    "cik": "0000769397",
    "fillingDate": "2024-12-03",
    "acceptedDate": "2024-12-03 16:05:20",
    "calendarYear": "2025",
    "period": "Q3",
    "revenue": 1567000000,
    "costOfRevenue": 160000000,
    "grossProfit": 1407000000,
    "grossProfitRatio": 0.8978940651,
    "researchAndDevelopmentExpenses": 379000000,
    "generalAndAdministrativeExpenses": 0,
    "sellingAndMarketingExpenses": 0,
    "sellingGeneralAndAdministrativeExpenses": 677000000,
    "otherExpenses": 0,
    "operatingExpenses": 1056000000,
    "costAndExpenses": 1216000000,
    "interestIncome": 6000000,
    "interestExpense": 0,
    "depreciationAndAmortization": 48000000,
    "ebitda": 399000000,
    "ebitdaratio": 0.2546266752,
    "operatingIncome": 351000000,
    "operatingIncomeRatio": 0.2239948947,
    "totalOtherIncomeExpensesNet": 0,
    "incomeBeforeTax": 351000000,
    "incomeBeforeTaxRatio": 0.2239948947,
    "incomeTaxExpense": 76000000,
    "netIncome": 275000000,
    "netIncomeRatio": 0.1754945756,
    "eps": 1.28,
    "epsdiluted": 1.27,
    "weightedAverageShsOut": 215000000,
    "weightedAverageShsOutDil": 217000000,
    "link": "https://www.sec.gov/Archives/edgar/data/769397/000076939724000181/0000769397-24-000181-index.htm",
    "finalLink": "https://www.sec.gov/Archives/edgar/data/769397/000076939724000181/adsk-20241031.htm"
  },
  {
    "date": "2024-07-31",
    "symbol": "ADSK",
    "reportedCurrency": "USD",
    "cik": "0000769397",
    "fillingDate": "2024-09-03",
    "acceptedDate": "2024-09-03 16:06:29",
    "calendarYear": "2025",
    "period": "Q2",
    "revenue": 1500000000,
    "costOfRevenue": 153000000,
    "grossProfit": 1347000000,
    "grossProfitRatio": 0.898,
    "researchAndDevelopmentExpenses": 367000000,
    "generalAndAdministrativeExpenses": 0,
    "sellingAndMarketingExpenses": 0,
    "sellingGeneralAndAdministrativeExpenses": 627000000,
    "otherExpenses": 0,
    "operatingExpenses": 994000000,
    "costAndExpenses": 1147000000,
    "interestIncome": 11000000,
    "interestExpense": 0,
    "depreciationAndAmortization": 46000000,
    "ebitda": 398000000,
    "ebitdaratio": 0.2653333333,
    "operatingIncome": 353000000,
    "operatingIncomeRatio": 0.2353333333,
    "totalOtherIncomeExpensesNet": -1000000,
    "incomeBeforeTax": 352000000,
    "incomeBeforeTaxRatio": 0.2346666667,
    "incomeTaxExpense": 70000000,
    "netIncome": 282000000,
    "netIncomeRatio": 0.188,
    "eps": 1.31,
    "epsdiluted": 1.3,
    "weightedAverageShsOut": 216000000,
    "weightedAverageShsOutDil": 217000000,
    "link": "https://www.sec.gov/Archives/edgar/data/769397/000076939724000150/0000769397-24-000150-index.htm",
    "finalLink": "https://www.sec.gov/Archives/edgar/data/769397/000076939724000150/adsk-20240731.htm"
  },
  {
    "date": "2024-04-30",
    "symbol": "ADSK",
    "reportedCurrency": "USD",
    "cik": "0000769397",
    "fillingDate": "2024-06-10",
    "acceptedDate": "2024-06-10 16:19:48",
    "calendarYear": "2025",
    "period": "Q1",
    "revenue": 1412000000,
    "costOfRevenue": 148000000,
    "grossProfit": 1264000000,
    "grossProfitRatio": 0.895184136,
    "researchAndDevelopmentExpenses": 346000000,
    "generalAndAdministrativeExpenses": 0,
    "sellingAndMarketingExpenses": 0,
    "sellingGeneralAndAdministrativeExpenses": 611000000,
    "otherExpenses": 0,
    "operatingExpenses": 957000000,
    "costAndExpenses": 1105000000,
    "interestIncome": 8000000,
    "interestExpense": 0,
    "depreciationAndAmortization": 40000000,
    "ebitda": 349000000,
    "ebitdaratio": 0.2471671388,
    "operatingIncome": 307000000,
    "operatingIncomeRatio": 0.2174220963,
    "totalOtherIncomeExpensesNet": 2000000,
    "incomeBeforeTax": 309000000,
    "incomeBeforeTaxRatio": 0.2188385269,
    "incomeTaxExpense": 57000000,
    "netIncome": 252000000,
    "netIncomeRatio": 0.178470255,
    "eps": 1.17,
    "epsdiluted": 1.16,
    "weightedAverageShsOut": 215000000,
    "weightedAverageShsOutDil": 217000000,
    "link": "https://www.sec.gov/Archives/edgar/data/769397/000076939724000091/0000769397-24-000091-index.htm",
    "finalLink": "https://www.sec.gov/Archives/edgar/data/769397/000076939724000091/adsk-20240430.htm"
  },
  {
    "date": "2024-01-31",
    "symbol": "ADSK",
    "reportedCurrency": "USD",
    "cik": "0000769397",
    "fillingDate": "2024-06-10",
    "acceptedDate": "2024-06-10 16:16:30",
    "calendarYear": "2024",
    "period": "Q4",
    "revenue": 1463000000,
    "costOfRevenue": 141000000,
    "grossProfit": 1322000000,
    "grossProfitRatio": 0.9036226931,
    "researchAndDevelopmentExpenses": 351000000,
    "generalAndAdministrativeExpenses": 0,
    "sellingAndMarketingExpenses": 0,
    "sellingGeneralAndAdministrativeExpenses": 644000000,
    "otherExpenses": 0,
    "operatingExpenses": 995000000,
    "costAndExpenses": 1136000000,
    "interestIncome": 16000000,
    "interestExpense": 0,
    "depreciationAndAmortization": 37000000,
    "ebitda": 374000000,
    "ebitdaratio": 0.2556390977,
    "operatingIncome": 327000000,
    "operatingIncomeRatio": 0.2235133288,
    "totalOtherIncomeExpensesNet": 10000000,
    "incomeBeforeTax": 337000000,
    "incomeBeforeTaxRatio": 0.2303485988,
    "incomeTaxExpense": 55000000,
    "netIncome": 282000000,
    "netIncomeRatio": 0.1927546138,
    "eps": 1.32,
    "epsdiluted": 1.31,
    "weightedAverageShsOut": 214000000,
    "weightedAverageShsOutDil": 216000000,
    "link": "https://www.sec.gov/Archives/edgar/data/769397/000076939724000090/0000769397-24-000090-index.htm",
    "finalLink": "https://www.sec.gov/Archives/edgar/data/769397/000076939724000090/adsk-20240131.htm"
  },
  {
    "date": "2023-10-31",
    "symbol": "ADSK",
    "reportedCurrency": "USD",
    "cik": "0000769397",
    "fillingDate": "2023-12-04",
    "acceptedDate": "2023-12-04 16:08:02",
    "calendarYear": "2024",
    "period": "Q3",
    "revenue": 1400000000,
    "costOfRevenue": 137000000,
    "grossProfit": 1263000000,
    "grossProfitRatio": 0.9021428571,
    "researchAndDevelopmentExpenses": 339000000,
    "generalAndAdministrativeExpenses": 0,
    "sellingAndMarketingExpenses": 0,
    "sellingGeneralAndAdministrativeExpenses": 595000000,
    "otherExpenses": 0,
    "operatingExpenses": 934000000,
    "costAndExpenses": 1071000000,
    "interestIncome": 0,
    "interestExpense": 1000000,
    "depreciationAndAmortization": 36000000,
    "ebitda": 357000000,
    "ebitdaratio": 0.255,
    "operatingIncome": 329000000,
    "operatingIncomeRatio": 0.235,
    "totalOtherIncomeExpensesNet": -9000000,
    "incomeBeforeTax": 320000000,
    "incomeBeforeTaxRatio": 0.2285714286,
    "incomeTaxExpense": 79000000,
    "netIncome": 241000000,
    "netIncomeRatio": 0.1721428571,
    "eps": 1.13,
    "epsdiluted": 1.12,
    "weightedAverageShsOut": 214000000,
    "weightedAverageShsOutDil": 216000000,
    "link": "https://www.sec.gov/Archives/edgar/data/769397/000076939723000193/0000769397-23-000193-index.htm",
    "finalLink": "https://www.sec.gov/Archives/edgar/data/769397/000076939723000193/adsk-20231031.htm"
  },
  {
    "date": "2023-07-31",
    "symbol": "ADSK",
    "reportedCurrency": "USD",
    "cik": "0000769397",
    "fillingDate": "2023-08-29",
    "acceptedDate": "2023-08-29 16:06:59",
    "calendarYear": "2024",
    "period": "Q2",
    "revenue": 1328000000,
    "costOfRevenue": 138000000,
    "grossProfit": 1190000000,
    "grossProfitRatio": 0.8960843373,
    "researchAndDevelopmentExpenses": 355000000,
    "generalAndAdministrativeExpenses": 0,
    "sellingAndMarketingExpenses": 0,
    "sellingGeneralAndAdministrativeExpenses": 587000000,
    "otherExpenses": 0,
    "operatingExpenses": 942000000,
    "costAndExpenses": 1080000000,
    "interestIncome": 9000000,
    "interestExpense": 0,
    "depreciationAndAmortization": 33000000,
    "ebitda": 291000000,
    "ebitdaratio": 0.219126506,
    "operatingIncome": 248000000,
    "operatingIncomeRatio": 0.186746988,
    "totalOtherIncomeExpensesNet": 10000000,
    "incomeBeforeTax": 258000000,
    "incomeBeforeTaxRatio": 0.1942771084,
    "incomeTaxExpense": 36000000,
    "netIncome": 222000000,
    "netIncomeRatio": 0.1671686747,
    "eps": 1.04,
    "epsdiluted": 1.03,
    "weightedAverageShsOut": 214000000,
    "weightedAverageShsOutDil": 215000000,
    "link": "https://www.sec.gov/Archives/edgar/data/769397/000076939723000159/0000769397-23-000159-index.htm",
    "finalLink": "https://www.sec.gov/Archives/edgar/data/769397/000076939723000159/adsk-20230731.htm"
  },
  {
    "date": "2023-04-30",
    "symbol": "ADSK",
    "reportedCurrency": "USD",
    "cik": "0000769397",
    "fillingDate": "2023-06-01",
    "acceptedDate": "2023-06-01 16:07:13",
    "calendarYear": "2024",
    "period": "Q1",
    "revenue": 1249000000,
    "costOfRevenue": 137000000,
    "grossProfit": 1112000000,
    "grossProfitRatio": 0.8903122498,
    "researchAndDevelopmentExpenses": 327000000,
    "generalAndAdministrativeExpenses": 0,
    "sellingAndMarketingExpenses": 0,
    "sellingGeneralAndAdministrativeExpenses": 587000000,
    "otherExpenses": 0,
    "operatingExpenses": 914000000,
    "costAndExpenses": 1051000000,
    "interestIncome": 2000000,
    "interestExpense": 0,
    "depreciationAndAmortization": 33000000,
    "ebitda": 254000000,
    "ebitdaratio": 0.2033626902,
    "operatingIncome": 198000000,
    "operatingIncomeRatio": 0.1585268215,
    "totalOtherIncomeExpensesNet": 23000000,
    "incomeBeforeTax": 221000000,
    "incomeBeforeTaxRatio": 0.1769415532,
    "incomeTaxExpense": 60000000,
    "netIncome": 161000000,
    "netIncomeRatio": 0.1289031225,
    "eps": 0.75,
    "epsdiluted": 0.75,
    "weightedAverageShsOut": 215000000,
    "weightedAverageShsOutDil": 216000000,
    "link": "https://www.sec.gov/Archives/edgar/data/769397/000076939723000110/0000769397-23-000110-index.htm",
    "finalLink": "https://www.sec.gov/Archives/edgar/data/769397/000076939723000110/adsk-20230430.htm"
  },
  {
    "date": "2023-01-31",
    "symbol": "ADSK",
    "reportedCurrency": "USD",
    "cik": "0000769397",
    "fillingDate": "2023-03-14",
    "acceptedDate": "2023-03-14 16:23:47",
    "calendarYear": "2023",
    "period": "Q4",
    "revenue": 1294000000,
    "costOfRevenue": 134000000,
    "grossProfit": 1160000000,
    "grossProfitRatio": 0.8964451314,
    "researchAndDevelopmentExpenses": 312000000,
    "generalAndAdministrativeExpenses": 0,
    "sellingAndMarketingExpenses": 0,
    "sellingGeneralAndAdministrativeExpenses": 577000000,
    "otherExpenses": 0,
    "operatingExpenses": 889000000,
    "costAndExpenses": 1023000000,
    "interestIncome": 0,
    "interestExpense": 0,
    "depreciationAndAmortization": 37000000,
    "ebitda": 316000000,
    "ebitdaratio": 0.2442040185,
    "operatingIncome": 271000000,
    "operatingIncomeRatio": 0.2094281298,
    "totalOtherIncomeExpensesNet": 6000000,
    "incomeBeforeTax": 277000000,
    "incomeBeforeTaxRatio": 0.214064915,
    "incomeTaxExpense": -16000000,
    "netIncome": 293000000,
    "netIncomeRatio": 0.2264296754,
    "eps": 1.36,
    "epsdiluted": 1.35,
    "weightedAverageShsOut": 216000000,
    "weightedAverageShsOutDil": 217000000,
    "link": "https://www.sec.gov/Archives/edgar/data/769397/000076939723000036/0000769397-23-000036-index.htm",
    "finalLink": "https://www.sec.gov/Archives/edgar/data/769397/000076939723000036/adsk-20230131.htm"
  },
  {
    "date": "2022-10-31",
    "symbol": "ADSK",
    "reportedCurrency": "USD",
    "cik": "0000769397",
    "fillingDate": "2022-12-06",
    "acceptedDate": "2022-12-06 16:02:28",
    "calendarYear": "2023",
    "period": "Q3",
    "revenue": 1261000000,
    "costOfRevenue": 129000000,
    "grossProfit": 1132000000,
    "grossProfitRatio": 0.8977002379,
    "researchAndDevelopmentExpenses": 309000000,
    "generalAndAdministrativeExpenses": 0,
    "sellingAndMarketingExpenses": 0,
    "sellingGeneralAndAdministrativeExpenses": 562000000,
    "otherExpenses": 0,
    "operatingExpenses": 871000000,
    "costAndExpenses": 1000000000,
    "interestIncome": 0,
    "interestExpense": 24000000,
    "depreciationAndAmortization": 37000000,
    "ebitda": 303000000,
    "ebitdaratio": 0.2402854877,
    "operatingIncome": 261000000,
    "operatingIncomeRatio": 0.2069785884,
    "totalOtherIncomeExpensesNet": -19000000,
    "incomeBeforeTax": 242000000,
    "incomeBeforeTaxRatio": 0.1919111816,
    "incomeTaxExpense": 44000000,
    "netIncome": 198000000,
    "netIncomeRatio": 0.1570182395,
    "eps": 0.92,
    "epsdiluted": 0.91,
    "weightedAverageShsOut": 216000000,
    "weightedAverageShsOutDil": 217000000,
    "link": "https://www.sec.gov/Archives/edgar/data/769397/000076939722000148/0000769397-22-000148-index.htm",
    "finalLink": "https://www.sec.gov/Archives/edgar/data/769397/000076939722000148/adsk-20221031.htm"
  },
  {
    "date": "2022-07-31",
    "symbol": "ADSK",
    "reportedCurrency": "USD",
    "cik": "0000769397",
    "fillingDate": "2022-08-31",
    "acceptedDate": "2022-08-31 16:03:28",
    "calendarYear": "2023",
    "period": "Q2",
    "revenue": 1226000000,
    "costOfRevenue": 127000000,
    "grossProfit": 1099000000,
    "grossProfitRatio": 0.896411093,
    "researchAndDevelopmentExpenses": 304000000,
    "generalAndAdministrativeExpenses": 0,
    "sellingAndMarketingExpenses": 0,
    "sellingGeneralAndAdministrativeExpenses": 553000000,
    "otherExpenses": 0,
    "operatingExpenses": 857000000,
    "costAndExpenses": 984000000,
    "interestIncome": 0,
    "interestExpense": 26000000,
    "depreciationAndAmortization": 38000000,
    "ebitda": 296000000,
    "ebitdaratio": 0.2414355628,
    "operatingIncome": 242000000,
    "operatingIncomeRatio": 0.1973898858,
    "totalOtherIncomeExpensesNet": -10000000,
    "incomeBeforeTax": 232000000,
    "incomeBeforeTaxRatio": 0.189233279,
    "incomeTaxExpense": 46000000,
    "netIncome": 186000000,
    "netIncomeRatio": 0.1517128874,
    "eps": 0.86,
    "epsdiluted": 0.85,
    "weightedAverageShsOut": 217000000,
    "weightedAverageShsOutDil": 218000000,
    "link": "https://www.sec.gov/Archives/edgar/data/769397/000076939722000123/0000769397-22-000123-index.htm",
    "finalLink": "https://www.sec.gov/Archives/edgar/data/769397/000076939722000123/adsk-20220731.htm"
  },
  {
    "date": "2022-04-30",
    "symbol": "ADSK",
    "reportedCurrency": "USD",
    "cik": "0000769397",
    "fillingDate": "2022-06-02",
    "acceptedDate": "2022-06-02 16:02:46",
    "calendarYear": "2023",
    "period": "Q1",
    "revenue": 1164000000,
    "costOfRevenue": 127000000,
    "grossProfit": 1037000000,
    "grossProfitRatio": 0.8908934708,
    "researchAndDevelopmentExpenses": 289000000,
    "generalAndAdministrativeExpenses": 0,
    "sellingAndMarketingExpenses": 0,
    "sellingGeneralAndAdministrativeExpenses": 533000000,
    "otherExpenses": 0,
    "operatingExpenses": 822000000,
    "costAndExpenses": 949000000,
    "interestIncome": 0,
    "interestExpense": 53000000,
    "depreciationAndAmortization": 38000000,
    "ebitda": 286000000,
    "ebitdaratio": 0.2457044674,
    "operatingIncome": 215000000,
    "operatingIncomeRatio": 0.1847079038,
    "totalOtherIncomeExpensesNet": -20000000,
    "incomeBeforeTax": 195000000,
    "incomeBeforeTaxRatio": 0.1675257732,
    "incomeTaxExpense": 49000000,
    "netIncome": 146000000,
    "netIncomeRatio": 0.1254295533,
    "eps": 0.67,
    "epsdiluted": 0.67,
    "weightedAverageShsOut": 217000000,
    "weightedAverageShsOutDil": 219000000,
    "link": "https://www.sec.gov/Archives/edgar/data/769397/000076939722000074/0000769397-22-000074-index.htm",
    "finalLink": "https://www.sec.gov/Archives/edgar/data/769397/000076939722000074/adsk-20220430.htm"
  },
  {
    "date": "2022-01-31",
    "symbol": "ADSK",
    "reportedCurrency": "USD",
    "cik": "0000769397",
    "fillingDate": "2022-03-14",
    "acceptedDate": "2022-03-14 16:03:37",
    "calendarYear": "2022",
    "period": "Q4",
    "revenue": 1209900000,
    "costOfRevenue": 122900000,
    "grossProfit": 1087000000,
    "grossProfitRatio": 0.8984213571,
    "researchAndDevelopmentExpenses": 289600000,
    "generalAndAdministrativeExpenses": 0,
    "sellingAndMarketingExpenses": 0,
    "sellingGeneralAndAdministrativeExpenses": 646900000,
    "otherExpenses": 0,
    "operatingExpenses": 936500000,
    "costAndExpenses": 1059400000,
    "interestIncome": 0,
    "interestExpense": 25900000,
    "depreciationAndAmortization": 34200000,
    "ebitda": 167200000,
    "ebitdaratio": 0.1381932391,
    "operatingIncome": 150500000,
    "operatingIncomeRatio": 0.1243904455,
    "totalOtherIncomeExpensesNet": -43400000,
    "incomeBeforeTax": 107100000,
    "incomeBeforeTaxRatio": 0.0885197124,
    "incomeTaxExpense": 18000000,
    "netIncome": 89100000,
    "netIncomeRatio": 0.0736424498,
    "eps": 0.41,
    "epsdiluted": 0.4,
    "weightedAverageShsOut": 219200000,
    "weightedAverageShsOutDil": 221200000,
    "link": "https://www.sec.gov/Archives/edgar/data/769397/000076939722000019/0000769397-22-000019-index.htm",
    "finalLink": "https://www.sec.gov/Archives/edgar/data/769397/000076939722000019/adsk-20220131.htm"
  },
  {
    "date": "2021-10-31",
    "symbol": "ADSK",
    "reportedCurrency": "USD",
    "cik": "0000769397",
    "fillingDate": "2021-12-03",
    "acceptedDate": "2021-12-03 16:02:09",
    "calendarYear": "2022",
    "period": "Q3",
    "revenue": 1128800000,
    "costOfRevenue": 118300000,
    "grossProfit": 1010500000,
    "grossProfitRatio": 0.8951984408,
    "researchAndDevelopmentExpenses": 281800000,
    "generalAndAdministrativeExpenses": 0,
    "sellingAndMarketingExpenses": 0,
    "sellingGeneralAndAdministrativeExpenses": 527200000,
    "otherExpenses": 0,
    "operatingExpenses": 809000000,
    "costAndExpenses": 927300000,
    "interestIncome": 0,
    "interestExpense": 21700000,
    "depreciationAndAmortization": 41500000,
    "ebitda": 250600000,
    "ebitdaratio": 0.2220056697,
    "operatingIncome": 201500000,
    "operatingIncomeRatio": 0.1785081502,
    "totalOtherIncomeExpensesNet": -14100000,
    "incomeBeforeTax": 187400000,
    "incomeBeforeTaxRatio": 0.1660170092,
    "incomeTaxExpense": 50700000,
    "netIncome": 136700000,
    "netIncomeRatio": 0.1211020553,
    "eps": 0.62,
    "epsdiluted": 0.62,
    "weightedAverageShsOut": 220000000,
    "weightedAverageShsOutDil": 222000000,
    "link": "https://www.sec.gov/Archives/edgar/data/769397/000076939721000094/0000769397-21-000094-index.htm",
    "finalLink": "https://www.sec.gov/Archives/edgar/data/769397/000076939721000094/adsk-20211031.htm"
  },
  {
    "date": "2021-07-31",
    "symbol": "ADSK",
    "reportedCurrency": "USD",
    "cik": "0000769397",
    "fillingDate": "2021-09-01",
    "acceptedDate": "2021-09-01 09:32:48",
    "calendarYear": "2022",
    "period": "Q2",
    "revenue": 1064800000,
    "costOfRevenue": 116300000,
    "grossProfit": 948500000,
    "grossProfitRatio": 0.8907776108,
    "researchAndDevelopmentExpenses": 276700000,
    "generalAndAdministrativeExpenses": 0,
    "sellingAndMarketingExpenses": 0,
    "sellingGeneralAndAdministrativeExpenses": 513299999,
    "otherExpenses": 0,
    "operatingExpenses": 790000000,
    "costAndExpenses": 906300000,
    "interestIncome": 0,
    "interestExpense": 11100000,
    "depreciationAndAmortization": 39400000,
    "ebitda": 189300000,
    "ebitdaratio": 0.1777798648,
    "operatingIncome": 158500000,
    "operatingIncomeRatio": 0.1488542449,
    "totalOtherIncomeExpensesNet": -19700000,
    "incomeBeforeTax": 138800000,
    "incomeBeforeTaxRatio": 0.130353118,
    "incomeTaxExpense": 23200000,
    "netIncome": 115600000,
    "netIncomeRatio": 0.1085649887,
    "eps": 0.52,
    "epsdiluted": 0.52,
    "weightedAverageShsOut": 220000000,
    "weightedAverageShsOutDil": 222000000,
    "link": "https://www.sec.gov/Archives/edgar/data/769397/000076939721000075/0000769397-21-000075-index.htm",
    "finalLink": "https://www.sec.gov/Archives/edgar/data/769397/000076939721000075/adsk-20210731.htm"
  },
  {
    "date": "2021-04-30",
    "symbol": "ADSK",
    "reportedCurrency": "USD",
    "cik": "0000769397",
    "fillingDate": "2021-06-03",
    "acceptedDate": "2021-06-03 16:02:19",
    "calendarYear": "2022",
    "period": "Q1",
    "revenue": 994800000,
    "costOfRevenue": 101100000,
    "grossProfit": 893700000,
    "grossProfitRatio": 0.898371532,
    "researchAndDevelopmentExpenses": 265500000,
    "generalAndAdministrativeExpenses": 0,
    "sellingAndMarketingExpenses": 0,
    "sellingGeneralAndAdministrativeExpenses": 475900000,
    "otherExpenses": 0,
    "operatingExpenses": 741400000,
    "costAndExpenses": 842500000,
    "interestIncome": 0,
    "interestExpense": 10600000,
    "depreciationAndAmortization": 33000000,
    "ebitda": 175000000,
    "ebitdaratio": 0.1759147567,
    "operatingIncome": 152300000,
    "operatingIncomeRatio": 0.1530960997,
    "totalOtherIncomeExpensesNet": -20900000,
    "incomeBeforeTax": 131400000,
    "incomeBeforeTaxRatio": 0.1320868516,
    "incomeTaxExpense": -24200000,
    "netIncome": 155600000,
    "netIncomeRatio": 0.1564133494,
    "eps": 0.71,
    "epsdiluted": 0.7,
    "weightedAverageShsOut": 220000000,
    "weightedAverageShsOutDil": 222000000,
    "link": "https://www.sec.gov/Archives/edgar/data/769397/000076939721000034/0000769397-21-000034-index.htm",
    "finalLink": "https://www.sec.gov/Archives/edgar/data/769397/000076939721000034/adsk-20210430.htm"
  },
  {
    "date": "2021-01-31",
    "symbol": "ADSK",
    "reportedCurrency": "USD",
    "cik": "0000769397",
    "fillingDate": "2021-03-19",
    "acceptedDate": "2021-03-19 16:02:20",
    "calendarYear": "2021",
    "period": "Q4",
    "revenue": 1043599999,
    "costOfRevenue": 99600000,
    "grossProfit": 944000000,
    "grossProfitRatio": 0.9045611354,
    "researchAndDevelopmentExpenses": 249900000,
    "generalAndAdministrativeExpenses": 0,
    "sellingAndMarketingExpenses": 0,
    "sellingGeneralAndAdministrativeExpenses": 504600000,
    "otherExpenses": 0,
    "operatingExpenses": 754500000,
    "costAndExpenses": 854100000,
    "interestIncome": 0,
    "interestExpense": 11600000,
    "depreciationAndAmortization": 31600000,
    "ebitda": 214300000,
    "ebitdaratio": 0.2053468764,
    "operatingIncome": 189500000,
    "operatingIncomeRatio": 0.1815829822,
    "totalOtherIncomeExpensesNet": -18400000,
    "incomeBeforeTax": 171100000,
    "incomeBeforeTaxRatio": 0.1639517058,
    "incomeTaxExpense": -740200000,
    "netIncome": 911300000,
    "netIncomeRatio": 0.873227291,
    "eps": 4.15,
    "epsdiluted": 4.1,
    "weightedAverageShsOut": 219700000,
    "weightedAverageShsOutDil": 222500000,
    "link": "https://www.sec.gov/Archives/edgar/data/769397/000076939721000014/0000769397-21-000014-index.htm",
    "finalLink": "https://www.sec.gov/Archives/edgar/data/769397/000076939721000014/adsk-20210131.htm"
  },
  {
    "date": "2020-10-31",
    "symbol": "ADSK",
    "reportedCurrency": "USD",
    "cik": "0000769397",
    "fillingDate": "2020-12-04",
    "acceptedDate": "2020-12-04 16:02:14",
    "calendarYear": "2021",
    "period": "Q3",
    "revenue": 952600000,
    "costOfRevenue": 93500000,
    "grossProfit": 859100000,
    "grossProfitRatio": 0.9018475751,
    "researchAndDevelopmentExpenses": 232700000,
    "generalAndAdministrativeExpenses": 0,
    "sellingAndMarketingExpenses": 0,
    "sellingGeneralAndAdministrativeExpenses": 456100000,
    "otherExpenses": 0,
    "operatingExpenses": 688800000,
    "costAndExpenses": 782300000,
    "interestIncome": 0,
    "interestExpense": 13800000,
    "depreciationAndAmortization": 32200000,
    "ebitda": 202100000,
    "ebitdaratio": 0.2121562041,
    "operatingIncome": 170300000,
    "operatingIncomeRatio": 0.178773882,
    "totalOtherIncomeExpensesNet": -14200000,
    "incomeBeforeTax": 156100000,
    "incomeBeforeTaxRatio": 0.1638673105,
    "incomeTaxExpense": 23900000,
    "netIncome": 132200000,
    "netIncomeRatio": 0.138778081,
    "eps": 0.6,
    "epsdiluted": 0.59,
    "weightedAverageShsOut": 219600000,
    "weightedAverageShsOutDil": 222300000,
    "link": "https://www.sec.gov/Archives/edgar/data/769397/000076939720000040/0000769397-20-000040-index.htm",
    "finalLink": "https://www.sec.gov/Archives/edgar/data/769397/000076939720000040/adsk-20201031.htm"
  },
  {
    "date": "2020-07-31",
    "symbol": "ADSK",
    "reportedCurrency": "USD",
    "cik": "0000769397",
    "fillingDate": "2020-09-02",
    "acceptedDate": "2020-09-02 16:02:31",
    "calendarYear": "2021",
    "period": "Q2",
    "revenue": 911500000,
    "costOfRevenue": 90200000,
    "grossProfit": 821300000,
    "grossProfitRatio": 0.9010422381,
    "researchAndDevelopmentExpenses": 232500000,
    "generalAndAdministrativeExpenses": 0,
    "sellingAndMarketingExpenses": 0,
    "sellingGeneralAndAdministrativeExpenses": 440000000,
    "otherExpenses": 0,
    "operatingExpenses": 672500000,
    "costAndExpenses": 762700000,
    "interestIncome": 0,
    "interestExpense": 3600000,
    "depreciationAndAmortization": 30000000,
    "ebitda": 162600000,
    "ebitdaratio": 0.1783872737,
    "operatingIncome": 148800000,
    "operatingIncomeRatio": 0.1632473944,
    "totalOtherIncomeExpensesNet": -19800000,
    "incomeBeforeTax": 129000000,
    "incomeBeforeTaxRatio": 0.1415249589,
    "incomeTaxExpense": 30800000,
    "netIncome": 98200000,
    "netIncomeRatio": 0.1077345036,
    "eps": 0.45,
    "epsdiluted": 0.44,
    "weightedAverageShsOut": 219200000,
    "weightedAverageShsOutDil": 222200000,
    "link": "https://www.sec.gov/Archives/edgar/data/769397/000076939720000031/0000769397-20-000031-index.htm",
    "finalLink": "https://www.sec.gov/Archives/edgar/data/769397/000076939720000031/adsk-7312020x10q.htm"
  },
  {
    "date": "2020-04-30",
    "symbol": "ADSK",
    "reportedCurrency": "USD",
    "cik": "0000769397",
    "fillingDate": "2020-06-02",
    "acceptedDate": "2020-06-02 16:07:13",
    "calendarYear": "2021",
    "period": "Q1",
    "revenue": 883000000,
    "costOfRevenue": 91200000,
    "grossProfit": 791800000,
    "grossProfitRatio": 0.8967157418,
    "researchAndDevelopmentExpenses": 217300000,
    "generalAndAdministrativeExpenses": 0,
    "sellingAndMarketingExpenses": 0,
    "sellingGeneralAndAdministrativeExpenses": 443200000,
    "otherExpenses": 0,
    "operatingExpenses": 660500000,
    "costAndExpenses": 751700000,
    "interestIncome": 0,
    "interestExpense": 21300000,
    "depreciationAndAmortization": 30000000,
    "ebitda": 141800000,
    "ebitdaratio": 0.1605889015,
    "operatingIncome": 131300000,
    "operatingIncomeRatio": 0.1486976217,
    "totalOtherIncomeExpensesNet": -40800000,
    "incomeBeforeTax": 90500000,
    "incomeBeforeTaxRatio": 0.1024915062,
    "incomeTaxExpense": 24000000,
    "netIncome": 66500000,
    "netIncomeRatio": 0.0753114383,
    "eps": 0.3,
    "epsdiluted": 0.3,
    "weightedAverageShsOut": 219200000,
    "weightedAverageShsOutDil": 221300000,
    "link": "https://www.sec.gov/Archives/edgar/data/769397/000076939720000023/0000769397-20-000023-index.htm",
    "finalLink": "https://www.sec.gov/Archives/edgar/data/769397/000076939720000023/adsk-4302020x10q.htm"
  },
  {
    "date": "2020-01-31",
    "symbol": "ADSK",
    "reportedCurrency": "USD",
    "cik": "0000769397",
    "fillingDate": "2020-03-19",
    "acceptedDate": "2020-03-19 16:08:49",
    "calendarYear": "2020",
    "period": "Q4",
    "revenue": 895100000,
    "costOfRevenue": 92500000,
    "grossProfit": 802600000,
    "grossProfitRatio": 0.8966595911,
    "researchAndDevelopmentExpenses": 216000000,
    "generalAndAdministrativeExpenses": 0,
    "sellingAndMarketingExpenses": 0,
    "sellingGeneralAndAdministrativeExpenses": 449300000,
    "otherExpenses": 0,
    "operatingExpenses": 665300000,
    "costAndExpenses": 757800000,
    "interestIncome": 0,
    "interestExpense": 11700000,
    "depreciationAndAmortization": 30900000,
    "ebitda": 165900000,
    "ebitdaratio": 0.1853424198,
    "operatingIncome": 137300000,
    "operatingIncomeRatio": 0.1533906826,
    "totalOtherIncomeExpensesNet": -14000000,
    "incomeBeforeTax": 123300000,
    "incomeBeforeTaxRatio": 0.1377499721,
    "incomeTaxExpense": -8500000,
    "netIncome": 131800000,
    "netIncomeRatio": 0.1472461178,
    "eps": 0.6,
    "epsdiluted": 0.59,
    "weightedAverageShsOut": 220000000,
    "weightedAverageShsOutDil": 222500000,
    "link": "https://www.sec.gov/Archives/edgar/data/769397/000076939720000013/0000769397-20-000013-index.htm",
    "finalLink": "https://www.sec.gov/Archives/edgar/data/769397/000076939720000013/adsk-0131202010xk.htm"
  },
  {
    "date": "2019-10-31",
    "symbol": "ADSK",
    "reportedCurrency": "USD",
    "cik": "0000769397",
    "fillingDate": "2019-12-05",
    "acceptedDate": "2019-12-05 16:08:07",
    "calendarYear": "2020",
    "period": "Q3",
    "revenue": 837800000,
    "costOfRevenue": 88800000,
    "grossProfit": 749000000,
    "grossProfitRatio": 0.8940081165,
    "researchAndDevelopmentExpenses": 212900000,
    "generalAndAdministrativeExpenses": 0,
    "sellingAndMarketingExpenses": 0,
    "sellingGeneralAndAdministrativeExpenses": 428300000,
    "otherExpenses": 0,
    "operatingExpenses": 641200000,
    "costAndExpenses": 730000000,
    "interestIncome": 0,
    "interestExpense": 16900000,
    "depreciationAndAmortization": 31600000,
    "ebitda": 144900000,
    "ebitdaratio": 0.1729529721,
    "operatingIncome": 107800000,
    "operatingIncomeRatio": 0.128670327,
    "totalOtherIncomeExpensesNet": -11400000,
    "incomeBeforeTax": 96400000,
    "incomeBeforeTaxRatio": 0.1150632609,
    "incomeTaxExpense": 29700000,
    "netIncome": 66700000,
    "netIncomeRatio": 0.0796132729,
    "eps": 0.3,
    "epsdiluted": 0.3,
    "weightedAverageShsOut": 219700000,
    "weightedAverageShsOutDil": 221900000,
    "link": "https://www.sec.gov/Archives/edgar/data/769397/000076939719000052/0000769397-19-000052-index.htm",
    "finalLink": "https://www.sec.gov/Archives/edgar/data/769397/000076939719000052/adsk-10312019x10q.htm"
  },
  {
    "date": "2019-07-31",
    "symbol": "ADSK",
    "reportedCurrency": "USD",
    "cik": "0000769397",
    "fillingDate": "2019-09-04",
    "acceptedDate": "2019-09-04 16:04:55",
    "calendarYear": "2020",
    "period": "Q2",
    "revenue": 791800000,
    "costOfRevenue": 89000000,
    "grossProfit": 702800000,
    "grossProfitRatio": 0.8875978783,
    "researchAndDevelopmentExpenses": 215200000,
    "generalAndAdministrativeExpenses": 0,
    "sellingAndMarketingExpenses": 0,
    "sellingGeneralAndAdministrativeExpenses": 417000000,
    "otherExpenses": 0,
    "operatingExpenses": 632200000,
    "costAndExpenses": 721200000,
    "interestIncome": 0,
    "interestExpense": 10500000,
    "depreciationAndAmortization": 32100000,
    "ebitda": 109100000,
    "ebitdaratio": 0.13778732,
    "operatingIncome": 70600000,
    "operatingIncomeRatio": 0.0891639303,
    "totalOtherIncomeExpensesNet": -4100000,
    "incomeBeforeTax": 66500000,
    "incomeBeforeTaxRatio": 0.083985855,
    "incomeTaxExpense": 26300000,
    "netIncome": 40200000,
    "netIncomeRatio": 0.0507703966,
    "eps": 0.18,
    "epsdiluted": 0.18,
    "weightedAverageShsOut": 219600000,
    "weightedAverageShsOutDil": 222400000,
    "link": "https://www.sec.gov/Archives/edgar/data/769397/000076939719000040/0000769397-19-000040-index.htm",
    "finalLink": "https://www.sec.gov/Archives/edgar/data/769397/000076939719000040/adsk-7312019x10q.htm"
  },
  {
    "date": "2019-04-30",
    "symbol": "ADSK",
    "reportedCurrency": "USD",
    "cik": "0000769397",
    "fillingDate": "2019-06-04",
    "acceptedDate": "2019-06-04 16:09:22",
    "calendarYear": "2020",
    "period": "Q1",
    "revenue": 732000000,
    "costOfRevenue": 92400000,
    "grossProfit": 639600000,
    "grossProfitRatio": 0.8737704918,
    "researchAndDevelopmentExpenses": 205300000,
    "generalAndAdministrativeExpenses": 0,
    "sellingAndMarketingExpenses": 0,
    "sellingGeneralAndAdministrativeExpenses": 410000000,
    "otherExpenses": 0,
    "operatingExpenses": 615300000,
    "costAndExpenses": 707700000,
    "interestIncome": 0,
    "interestExpense": 20900000,
    "depreciationAndAmortization": 32700000,
    "ebitda": 62200000,
    "ebitdaratio": 0.0849726776,
    "operatingIncome": 24300000,
    "operatingIncomeRatio": 0.0331967213,
    "totalOtherIncomeExpensesNet": -15700000,
    "incomeBeforeTax": 8600000,
    "incomeBeforeTaxRatio": 0.0117486339,
    "incomeTaxExpense": 32800000,
    "netIncome": -24200000,
    "netIncomeRatio": -0.0330601093,
    "eps": -0.11,
    "epsdiluted": -0.11,
    "weightedAverageShsOut": 219600000,
    "weightedAverageShsOutDil": 219600000,
    "link": "https://www.sec.gov/Archives/edgar/data/769397/000076939719000030/0000769397-19-000030-index.htm",
    "finalLink": "https://www.sec.gov/Archives/edgar/data/769397/000076939719000030/adsk-4302019x10q.htm"
  },
  {
    "date": "2019-01-31",
    "symbol": "ADSK",
    "reportedCurrency": "USD",
    "cik": "0000769397",
    "fillingDate": "2019-03-25",
    "acceptedDate": "2019-03-25 16:05:52",
    "calendarYear": "2019",
    "period": "Q4",
    "revenue": 737300000,
    "costOfRevenue": 83200000,
    "grossProfit": 654100000,
    "grossProfitRatio": 0.8871558389,
    "researchAndDevelopmentExpenses": 190400000,
    "generalAndAdministrativeExpenses": 0,
    "sellingAndMarketingExpenses": 0,
    "sellingGeneralAndAdministrativeExpenses": 418400000,
    "otherExpenses": 0,
    "operatingExpenses": 608800000,
    "costAndExpenses": 692000000,
    "interestIncome": 0,
    "interestExpense": 14300000,
    "depreciationAndAmortization": 25400000,
    "ebitda": 72700000,
    "ebitdaratio": 0.098603011,
    "operatingIncome": 45300000,
    "operatingIncomeRatio": 0.0614403906,
    "totalOtherIncomeExpensesNet": -12300000,
    "incomeBeforeTax": 33000000,
    "incomeBeforeTaxRatio": 0.0447579004,
    "incomeTaxExpense": -31700000,
    "netIncome": 64700000,
    "netIncomeRatio": 0.0877526109,
    "eps": 0.3,
    "epsdiluted": 0.29,
    "weightedAverageShsOut": 219200000,
    "weightedAverageShsOutDil": 221300000,
    "link": "https://www.sec.gov/Archives/edgar/data/769397/000076939719000016/0000769397-19-000016-index.htm",
    "finalLink": "https://www.sec.gov/Archives/edgar/data/769397/000076939719000016/adsk-0131201910xk.htm"
  },
  {
    "date": "2018-10-31",
    "symbol": "ADSK",
    "reportedCurrency": "USD",
    "cik": "0000769397",
    "fillingDate": "2018-12-06",
    "acceptedDate": "2018-12-06 16:04:23",
    "calendarYear": "2019",
    "period": "Q3",
    "revenue": 663400000,
    "costOfRevenue": 76500000,
    "grossProfit": 586900000,
    "grossProfitRatio": 0.8846849563,
    "researchAndDevelopmentExpenses": 181000000,
    "generalAndAdministrativeExpenses": 0,
    "sellingAndMarketingExpenses": 0,
    "sellingGeneralAndAdministrativeExpenses": 382800000,
    "otherExpenses": 0,
    "operatingExpenses": 563800000,
    "costAndExpenses": 640300000,
    "interestIncome": 0,
    "interestExpense": 15600000,
    "depreciationAndAmortization": 23500000,
    "ebitda": 50600000,
    "ebitdaratio": 0.0762737413,
    "operatingIncome": 23100000,
    "operatingIncomeRatio": 0.034820621,
    "totalOtherIncomeExpensesNet": -11600000,
    "incomeBeforeTax": 11500000,
    "incomeBeforeTaxRatio": 0.0173349412,
    "incomeTaxExpense": 35200000,
    "netIncome": -23700000,
    "netIncomeRatio": -0.0357250528,
    "eps": -0.11,
    "epsdiluted": -0.11,
    "weightedAverageShsOut": 215454545,
    "weightedAverageShsOutDil": 218900000,
    "link": "https://www.sec.gov/Archives/edgar/data/769397/000076939718000051/0000769397-18-000051-index.htm",
    "finalLink": "https://www.sec.gov/Archives/edgar/data/769397/000076939718000051/adsk-10312018x10q.htm"
  },
  {
    "date": "2018-07-31",
    "symbol": "ADSK",
    "reportedCurrency": "USD",
    "cik": "0000769397",
    "fillingDate": "2018-08-30",
    "acceptedDate": "2018-08-30 16:07:54",
    "calendarYear": "2019",
    "period": "Q2",
    "revenue": 615200000,
    "costOfRevenue": 73600000,
    "grossProfit": 541600000,
    "grossProfitRatio": 0.8803641092,
    "researchAndDevelopmentExpenses": 180800000,
    "generalAndAdministrativeExpenses": 0,
    "sellingAndMarketingExpenses": 0,
    "sellingGeneralAndAdministrativeExpenses": 366600000,
    "otherExpenses": 0,
    "operatingExpenses": 547400000,
    "costAndExpenses": 621000000,
    "interestIncome": 0,
    "interestExpense": 8700000,
    "depreciationAndAmortization": 22200000,
    "ebitda": 7500000,
    "ebitdaratio": 0.0121911573,
    "operatingIncome": -5800000,
    "operatingIncomeRatio": -0.0094278283,
    "totalOtherIncomeExpensesNet": -17600000,
    "incomeBeforeTax": -23400000,
    "incomeBeforeTaxRatio": -0.0380364109,
    "incomeTaxExpense": 16000000,
    "netIncome": -39400000,
    "netIncomeRatio": -0.0640442133,
    "eps": -0.18,
    "epsdiluted": -0.18,
    "weightedAverageShsOut": 218888888,
    "weightedAverageShsOutDil": 219000000,
    "link": "https://www.sec.gov/Archives/edgar/data/769397/000076939718000042/0000769397-18-000042-index.htm",
    "finalLink": "https://www.sec.gov/Archives/edgar/data/769397/000076939718000042/adsk-7312018x10q.htm"
  },
  {
    "date": "2018-04-30",
    "symbol": "ADSK",
    "reportedCurrency": "USD",
    "cik": "0000769397",
    "fillingDate": "2018-06-08",
    "acceptedDate": "2018-06-08 16:04:36",
    "calendarYear": "2019",
    "period": "Q1",
    "revenue": 562400000,
    "costOfRevenue": 70600000,
    "grossProfit": 491800000,
    "grossProfitRatio": 0.8744665718,
    "researchAndDevelopmentExpenses": 172800000,
    "generalAndAdministrativeExpenses": 0,
    "sellingAndMarketingExpenses": 0,
    "sellingGeneralAndAdministrativeExpenses": 352600000,
    "otherExpenses": 0,
    "operatingExpenses": 525400000,
    "costAndExpenses": 596000000,
    "interestIncome": 0,
    "interestExpense": 13000000,
    "depreciationAndAmortization": 24100000,
    "ebitda": -26700000,
    "ebitdaratio": -0.0474751067,
    "operatingIncome": -33600000,
    "operatingIncomeRatio": -0.0597439545,
    "totalOtherIncomeExpensesNet": -30200000,
    "incomeBeforeTax": -63800000,
    "incomeBeforeTaxRatio": -0.1134423898,
    "incomeTaxExpense": 18600000,
    "netIncome": -82400000,
    "netIncomeRatio": -0.146514936,
    "eps": -0.38,
    "epsdiluted": -0.38,
    "weightedAverageShsOut": 216842105,
    "weightedAverageShsOutDil": 218600000,
    "link": "https://www.sec.gov/Archives/edgar/data/769397/000076939718000024/0000769397-18-000024-index.htm",
    "finalLink": "https://www.sec.gov/Archives/edgar/data/769397/000076939718000024/adsk-4302018x10q.htm"
  },
  {
    "date": "2018-01-31",
    "symbol": "ADSK",
    "reportedCurrency": "USD",
    "cik": "0000769397",
    "fillingDate": "2018-03-22",
    "acceptedDate": "2018-03-22 17:04:04",
    "calendarYear": "2018",
    "period": "Q4",
    "revenue": 553000000,
    "costOfRevenue": 78000000,
    "grossProfit": 475000000,
    "grossProfitRatio": 0.8589511754,
    "researchAndDevelopmentExpenses": 182200000,
    "generalAndAdministrativeExpenses": 0,
    "sellingAndMarketingExpenses": 0,
    "sellingGeneralAndAdministrativeExpenses": 383800000,
    "otherExpenses": 0,
    "operatingExpenses": 566000000,
    "costAndExpenses": 644000000,
    "interestIncome": 0,
    "interestExpense": 8400000,
    "depreciationAndAmortization": 26900000,
    "ebitda": -163000000,
    "ebitdaratio": -0.294755877,
    "operatingIncome": -91000000,
    "operatingIncomeRatio": -0.164556962,
    "totalOtherIncomeExpensesNet": -107300000,
    "incomeBeforeTax": -198300000,
    "incomeBeforeTaxRatio": -0.3585895118,
    "incomeTaxExpense": -24800000,
    "netIncome": -173500000,
    "netIncomeRatio": -0.3137432188,
    "eps": -0.79,
    "epsdiluted": -0.79,
    "weightedAverageShsOut": 218900000,
    "weightedAverageShsOutDil": 219100000,
    "link": "https://www.sec.gov/Archives/edgar/data/769397/000076939718000011/0000769397-18-000011-index.htm",
    "finalLink": "https://www.sec.gov/Archives/edgar/data/769397/000076939718000011/adsk-0131201810xk.htm"
  },
  {
    "date": "2017-10-31",
    "symbol": "ADSK",
    "reportedCurrency": "USD",
    "cik": "0000769397",
    "fillingDate": "2017-12-05",
    "acceptedDate": "2017-12-05 16:03:34",
    "calendarYear": "2018",
    "period": "Q3",
    "revenue": 512900000,
    "costOfRevenue": 82200000,
    "grossProfit": 430700000,
    "grossProfitRatio": 0.8397348411,
    "researchAndDevelopmentExpenses": 191800000,
    "generalAndAdministrativeExpenses": 0,
    "sellingAndMarketingExpenses": 0,
    "sellingGeneralAndAdministrativeExpenses": 344200000,
    "otherExpenses": 0,
    "operatingExpenses": 536000000,
    "costAndExpenses": 618200000,
    "interestIncome": 0,
    "interestExpense": 9200000,
    "depreciationAndAmortization": 24700000,
    "ebitda": -77300000,
    "ebitdaratio": -0.1507116397,
    "operatingIncome": -105300000,
    "operatingIncomeRatio": -0.205303178,
    "totalOtherIncomeExpensesNet": -5900000,
    "incomeBeforeTax": -111200000,
    "incomeBeforeTaxRatio": -0.216806395,
    "incomeTaxExpense": 8600000,
    "netIncome": -119800000,
    "netIncomeRatio": -0.2335737961,
    "eps": -0.55,
    "epsdiluted": -0.55,
    "weightedAverageShsOut": 217818181,
    "weightedAverageShsOutDil": 219600000,
    "link": "https://www.sec.gov/Archives/edgar/data/769397/000076939717000057/0000769397-17-000057-index.htm",
    "finalLink": "https://www.sec.gov/Archives/edgar/data/769397/000076939717000057/adsk-10312017x10q.htm"
  },
  {
    "date": "2017-07-31",
    "symbol": "ADSK",
    "reportedCurrency": "USD",
    "cik": "0000769397",
    "fillingDate": "2017-08-31",
    "acceptedDate": "2017-08-31 16:03:10",
    "calendarYear": "2018",
    "period": "Q2",
    "revenue": 499000000,
    "costOfRevenue": 79500000,
    "grossProfit": 419500000,
    "grossProfitRatio": 0.8406813627,
    "researchAndDevelopmentExpenses": 193800000,
    "generalAndAdministrativeExpenses": 0,
    "sellingAndMarketingExpenses": 0,
    "sellingGeneralAndAdministrativeExpenses": 335100000,
    "otherExpenses": 0,
    "operatingExpenses": 528900000,
    "costAndExpenses": 608400000,
    "interestIncome": 0,
    "interestExpense": 3600000,
    "depreciationAndAmortization": 28400000,
    "ebitda": -94400000,
    "ebitdaratio": -0.1891783567,
    "operatingIncome": -109400000,
    "operatingIncomeRatio": -0.219238477,
    "totalOtherIncomeExpensesNet": -17000000,
    "incomeBeforeTax": -126400000,
    "incomeBeforeTaxRatio": -0.2533066132,
    "incomeTaxExpense": 17600000,
    "netIncome": -144000000,
    "netIncomeRatio": -0.2885771543,
    "eps": -0.66,
    "epsdiluted": -0.66,
    "weightedAverageShsOut": 218181818,
    "weightedAverageShsOutDil": 219500000,
    "link": "https://www.sec.gov/Archives/edgar/data/769397/000076939717000051/0000769397-17-000051-index.htm",
    "finalLink": "https://www.sec.gov/Archives/edgar/data/769397/000076939717000051/adsk-07312017x10q.htm"
  },
  {
    "date": "2017-04-30",
    "symbol": "ADSK",
    "reportedCurrency": "USD",
    "cik": "0000769397",
    "fillingDate": "2017-05-31",
    "acceptedDate": "2017-05-31 16:04:55",
    "calendarYear": "2018",
    "period": "Q1",
    "revenue": 483700000,
    "costOfRevenue": 83900000,
    "grossProfit": 399800000,
    "grossProfitRatio": 0.8265453794,
    "researchAndDevelopmentExpenses": 187700000,
    "generalAndAdministrativeExpenses": 0,
    "sellingAndMarketingExpenses": 0,
    "sellingGeneralAndAdministrativeExpenses": 331300000,
    "otherExpenses": 0,
    "operatingExpenses": 519000000,
    "costAndExpenses": 602900000,
    "interestIncome": 0,
    "interestExpense": 4900000,
    "depreciationAndAmortization": 28400000,
    "ebitda": -88100000,
    "ebitdaratio": -0.1821376886,
    "operatingIncome": -119200000,
    "operatingIncomeRatio": -0.2464337399,
    "totalOtherIncomeExpensesNet": -2200000,
    "incomeBeforeTax": -121400000,
    "incomeBeforeTaxRatio": -0.2509820136,
    "incomeTaxExpense": 8200000,
    "netIncome": -129600000,
    "netIncomeRatio": -0.2679346703,
    "eps": -0.59,
    "epsdiluted": -0.59,
    "weightedAverageShsOut": 219661016,
    "weightedAverageShsOutDil": 219900000,
    "link": "https://www.sec.gov/Archives/edgar/data/769397/000076939717000031/0000769397-17-000031-index.htm",
    "finalLink": "https://www.sec.gov/Archives/edgar/data/769397/000076939717000031/adsk-04302017x10q.htm"
  },
  {
    "date": "2017-01-31",
    "symbol": "ADSK",
    "reportedCurrency": "USD",
    "cik": "0000769397",
    "fillingDate": "2017-03-21",
    "acceptedDate": "2017-03-21 16:03:19",
    "calendarYear": "2017",
    "period": "Q4",
    "revenue": 478000000,
    "costOfRevenue": 92200000,
    "grossProfit": 385800000,
    "grossProfitRatio": 0.8071129707,
    "researchAndDevelopmentExpenses": 187000000,
    "generalAndAdministrativeExpenses": 0,
    "sellingAndMarketingExpenses": 0,
    "sellingGeneralAndAdministrativeExpenses": 355700000,
    "otherExpenses": 0,
    "operatingExpenses": 542700000,
    "costAndExpenses": 634900000,
    "interestIncome": 0,
    "interestExpense": 7200000,
    "depreciationAndAmortization": 40800000,
    "ebitda": -120200000,
    "ebitdaratio": -0.2514644351,
    "operatingIncome": -156900000,
    "operatingIncomeRatio": -0.3282426778,
    "totalOtherIncomeExpensesNet": -11300000,
    "incomeBeforeTax": -168200000,
    "incomeBeforeTaxRatio": -0.3518828452,
    "incomeTaxExpense": 2300000,
    "netIncome": -170500000,
    "netIncomeRatio": -0.3566945607,
    "eps": -0.77,
    "epsdiluted": -0.77,
    "weightedAverageShsOut": 220900000,
    "weightedAverageShsOutDil": 221100000,
    "link": "https://www.sec.gov/Archives/edgar/data/769397/000076939717000014/0000769397-17-000014-index.htm",
    "finalLink": "https://www.sec.gov/Archives/edgar/data/769397/000076939717000014/adsk-0131201710xk.htm"
  },
  {
    "date": "2016-10-31",
    "symbol": "ADSK",
    "reportedCurrency": "USD",
    "cik": "0000769397",
    "fillingDate": "2016-12-01",
    "acceptedDate": "2016-12-01 16:03:34",
    "calendarYear": "2017",
    "period": "Q3",
    "revenue": 488600000,
    "costOfRevenue": 88300000,
    "grossProfit": 400300000,
    "grossProfitRatio": 0.8192795743,
    "researchAndDevelopmentExpenses": 192600000,
    "generalAndAdministrativeExpenses": 0,
    "sellingAndMarketingExpenses": 0,
    "sellingGeneralAndAdministrativeExpenses": 326900000,
    "otherExpenses": 0,
    "operatingExpenses": 519500000,
    "costAndExpenses": 607800000,
    "interestIncome": 0,
    "interestExpense": 9700000,
    "depreciationAndAmortization": 34100000,
    "ebitda": -85500000,
    "ebitdaratio": -0.1749897667,
    "operatingIncome": -119200000,
    "operatingIncomeRatio": -0.2439623414,
    "totalOtherIncomeExpensesNet": -10100000,
    "incomeBeforeTax": -129300000,
    "incomeBeforeTaxRatio": -0.2646336472,
    "incomeTaxExpense": 13500000,
    "netIncome": -142800000,
    "netIncomeRatio": -0.2922636103,
    "eps": -0.64,
    "epsdiluted": -0.64,
    "weightedAverageShsOut": 222300000,
    "weightedAverageShsOutDil": 222300000,
    "link": "https://www.sec.gov/Archives/edgar/data/769397/000076939716000097/0000769397-16-000097-index.htm",
    "finalLink": "https://www.sec.gov/Archives/edgar/data/769397/000076939716000097/adsk-10312016x10q.htm"
  },
  {
    "date": "2016-07-31",
    "symbol": "ADSK",
    "reportedCurrency": "USD",
    "cik": "0000769397",
    "fillingDate": "2016-08-30",
    "acceptedDate": "2016-08-30 16:28:08",
    "calendarYear": "2017",
    "period": "Q2",
    "revenue": 548200000,
    "costOfRevenue": 92900000,
    "grossProfit": 455300000,
    "grossProfitRatio": 0.8305363006,
    "researchAndDevelopmentExpenses": 193000000,
    "generalAndAdministrativeExpenses": 0,
    "sellingAndMarketingExpenses": 0,
    "sellingGeneralAndAdministrativeExpenses": 312200000,
    "otherExpenses": 0,
    "operatingExpenses": 505200000,
    "costAndExpenses": 598100000,
    "interestIncome": 0,
    "interestExpense": 6200000,
    "depreciationAndAmortization": 33000000,
    "ebitda": -16900000,
    "ebitdaratio": -0.0308281649,
    "operatingIncome": -49900000,
    "operatingIncomeRatio": -0.0910251733,
    "totalOtherIncomeExpensesNet": -23100000,
    "incomeBeforeTax": -73000000,
    "incomeBeforeTaxRatio": -0.1331630792,
    "incomeTaxExpense": 25200000,
    "netIncome": -98200000,
    "netIncomeRatio": -0.1791317038,
    "eps": -0.44,
    "epsdiluted": -0.44,
    "weightedAverageShsOut": 223181818,
    "weightedAverageShsOutDil": 223200000,
    "link": "https://www.sec.gov/Archives/edgar/data/769397/000076939716000087/0000769397-16-000087-index.htm",
    "finalLink": "https://www.sec.gov/Archives/edgar/data/769397/000076939716000087/adsk-7312016x10q.htm"
  },
  {
    "date": "2016-04-30",
    "symbol": "ADSK",
    "reportedCurrency": "USD",
    "cik": "0000769397",
    "fillingDate": "2016-06-06",
    "acceptedDate": "2016-06-06 16:03:49",
    "calendarYear": "2017",
    "period": "Q1",
    "revenue": 511900000,
    "costOfRevenue": 92500000,
    "grossProfit": 419400000,
    "grossProfitRatio": 0.8193006447,
    "researchAndDevelopmentExpenses": 195500000,
    "generalAndAdministrativeExpenses": 75800000,
    "sellingAndMarketingExpenses": 242900000,
    "sellingGeneralAndAdministrativeExpenses": 318700000,
    "otherExpenses": 1100000,
    "operatingExpenses": 522100000,
    "costAndExpenses": 614600000,
    "interestIncome": 0,
    "interestExpense": 6500000,
    "depreciationAndAmortization": 37400000,
    "ebitda": -109400000,
    "ebitdaratio": -0.2137136159,
    "operatingIncome": -155000000,
    "operatingIncomeRatio": -0.3027935144,
    "totalOtherIncomeExpensesNet": -3600000,
    "incomeBeforeTax": -158600000,
    "incomeBeforeTaxRatio": -0.3098261379,
    "incomeTaxExpense": 14400000,
    "netIncome": -173000000,
    "netIncomeRatio": -0.3379566322,
    "eps": -0.77,
    "epsdiluted": -0.77,
    "weightedAverageShsOut": 223600000,
    "weightedAverageShsOutDil": 224400000,
    "link": "https://www.sec.gov/Archives/edgar/data/769397/000076939716000079/0000769397-16-000079-index.htm",
    "finalLink": "https://www.sec.gov/Archives/edgar/data/769397/000076939716000079/adsk-4302016x10q.htm"
  },
  {
    "date": "2016-01-31",
    "symbol": "ADSK",
    "reportedCurrency": "USD",
    "cik": "0000769397",
    "fillingDate": "2016-03-23",
    "acceptedDate": "2016-03-23 16:02:56",
    "calendarYear": "2016",
    "period": "Q4",
    "revenue": 648300000,
    "costOfRevenue": 94900000,
    "grossProfit": 553400000,
    "grossProfitRatio": 0.8536171526,
    "researchAndDevelopmentExpenses": 204500000,
    "generalAndAdministrativeExpenses": 73200000,
    "sellingAndMarketingExpenses": 277400000,
    "sellingGeneralAndAdministrativeExpenses": 350600000,
    "otherExpenses": 8000000,
    "operatingExpenses": 563100000,
    "costAndExpenses": 658000000,
    "interestIncome": 0,
    "interestExpense": 12900000,
    "depreciationAndAmortization": 36100000,
    "ebitda": 28500000,
    "ebitdaratio": 0.0439611291,
    "operatingIncome": -9700000,
    "operatingIncomeRatio": -0.0149622089,
    "totalOtherIncomeExpensesNet": -10800000,
    "incomeBeforeTax": -20500000,
    "incomeBeforeTaxRatio": -0.031621163,
    "incomeTaxExpense": 12200000,
    "netIncome": -32700000,
    "netIncomeRatio": -0.0504396113,
    "eps": -0.15,
    "epsdiluted": -0.15,
    "weightedAverageShsOut": 224500000,
    "weightedAverageShsOutDil": 224700000,
    "link": "https://www.sec.gov/Archives/edgar/data/769397/000076939716000067/0000769397-16-000067-index.htm",
    "finalLink": "https://www.sec.gov/Archives/edgar/data/769397/000076939716000067/adsk-0131201610xk.htm"
  },
  {
    "date": "2015-10-31",
    "symbol": "ADSK",
    "reportedCurrency": "USD",
    "cik": "0000769397",
    "fillingDate": "2015-12-09",
    "acceptedDate": "2015-12-09 17:12:29",
    "calendarYear": "2016",
    "period": "Q3",
    "revenue": 599800000,
    "costOfRevenue": 91000000,
    "grossProfit": 508800000,
    "grossProfitRatio": 0.8482827609,
    "researchAndDevelopmentExpenses": 197900000,
    "generalAndAdministrativeExpenses": 74200000,
    "sellingAndMarketingExpenses": 243400000,
    "sellingGeneralAndAdministrativeExpenses": 317600000,
    "otherExpenses": 3700000,
    "operatingExpenses": 523600000,
    "costAndExpenses": 614600000,
    "interestIncome": 0,
    "interestExpense": 11000000,
    "depreciationAndAmortization": 35700000,
    "ebitda": 24200000,
    "ebitdaratio": 0.0403467823,
    "operatingIncome": -14800000,
    "operatingIncomeRatio": -0.0246748916,
    "totalOtherIncomeExpensesNet": -7700000,
    "incomeBeforeTax": -22500000,
    "incomeBeforeTaxRatio": -0.0375125042,
    "incomeTaxExpense": 21300000,
    "netIncome": -43800000,
    "netIncomeRatio": -0.0730243414,
    "eps": -0.19,
    "epsdiluted": -0.19,
    "weightedAverageShsOut": 225300000,
    "weightedAverageShsOutDil": 225300000,
    "link": "https://www.sec.gov/Archives/edgar/data/769397/000076939715000050/0000769397-15-000050-index.htm",
    "finalLink": "https://www.sec.gov/Archives/edgar/data/769397/000076939715000050/adsk-10312015x10q.htm"
  },
  {
    "date": "2015-07-31",
    "symbol": "ADSK",
    "reportedCurrency": "USD",
    "cik": "0000769397",
    "fillingDate": "2015-08-31",
    "acceptedDate": "2015-08-31 16:02:05",
    "calendarYear": "2016",
    "period": "Q2",
    "revenue": 609500000,
    "costOfRevenue": 93000000,
    "grossProfit": 516500000,
    "grossProfitRatio": 0.8474159147,
    "researchAndDevelopmentExpenses": 193100000,
    "generalAndAdministrativeExpenses": 70100000,
    "sellingAndMarketingExpenses": 240800000,
    "sellingGeneralAndAdministrativeExpenses": 310900000,
    "otherExpenses": 1900000,
    "operatingExpenses": 512200000,
    "costAndExpenses": 605200000,
    "interestIncome": 0,
    "interestExpense": 8000000,
    "depreciationAndAmortization": 36200000,
    "ebitda": 40500000,
    "ebitdaratio": 0.0664479081,
    "operatingIncome": 4300000,
    "operatingIncomeRatio": 0.0070549631,
    "totalOtherIncomeExpensesNet": -3400000,
    "incomeBeforeTax": 900000,
    "incomeBeforeTaxRatio": 0.0014766202,
    "incomeTaxExpense": 236400000,
    "netIncome": -235500000,
    "netIncomeRatio": -0.3863822806,
    "eps": -1.04,
    "epsdiluted": -1.04,
    "weightedAverageShsOut": 227000000,
    "weightedAverageShsOutDil": 227000000,
    "link": "https://www.sec.gov/Archives/edgar/data/769397/000076939715000040/0000769397-15-000040-index.htm",
    "finalLink": "https://www.sec.gov/Archives/edgar/data/769397/000076939715000040/adsk-7312015x10q.htm"
  },
  {
    "date": "2015-04-30",
    "symbol": "ADSK",
    "reportedCurrency": "USD",
    "cik": "0000769397",
    "fillingDate": "2015-05-28",
    "acceptedDate": "2015-05-28 16:08:09",
    "calendarYear": "2016",
    "period": "Q1",
    "revenue": 646500000,
    "costOfRevenue": 91800000,
    "grossProfit": 554700000,
    "grossProfitRatio": 0.8580046404,
    "researchAndDevelopmentExpenses": 194500000,
    "generalAndAdministrativeExpenses": 75900000,
    "sellingAndMarketingExpenses": 253900000,
    "sellingGeneralAndAdministrativeExpenses": 329800000,
    "otherExpenses": 2900000,
    "operatingExpenses": 533200000,
    "costAndExpenses": 625000000,
    "interestIncome": 0,
    "interestExpense": 2000000,
    "depreciationAndAmortization": 37800000,
    "ebitda": 59300000,
    "ebitdaratio": 0.0917246713,
    "operatingIncome": 21500000,
    "operatingIncomeRatio": 0.0332559938,
    "totalOtherIncomeExpensesNet": 300000,
    "incomeBeforeTax": 21800000,
    "incomeBeforeTaxRatio": 0.0337200309,
    "incomeTaxExpense": 2700000,
    "netIncome": 19100000,
    "netIncomeRatio": 0.0295436968,
    "eps": 0.08,
    "epsdiluted": 0.08,
    "weightedAverageShsOut": 227200000,
    "weightedAverageShsOutDil": 231700000,
    "link": "https://www.sec.gov/Archives/edgar/data/769397/000076939715000024/0000769397-15-000024-index.htm",
    "finalLink": "https://www.sec.gov/Archives/edgar/data/769397/000076939715000024/adsk-4302015x10q.htm"
  },
  {
    "date": "2015-01-31",
    "symbol": "ADSK",
    "reportedCurrency": "USD",
    "cik": "0000769397",
    "fillingDate": "2015-03-18",
    "acceptedDate": "2015-03-18 16:04:42",
    "calendarYear": "2015",
    "period": "Q4",
    "revenue": 664600000,
    "costOfRevenue": 89500000,
    "grossProfit": 575100000,
    "grossProfitRatio": 0.8653325308,
    "researchAndDevelopmentExpenses": 191500000,
    "generalAndAdministrativeExpenses": 70400000,
    "sellingAndMarketingExpenses": 289900000,
    "sellingGeneralAndAdministrativeExpenses": 360300000,
    "otherExpenses": 100000,
    "operatingExpenses": 561100000,
    "costAndExpenses": 650600000,
    "interestIncome": 0,
    "interestExpense": 4700000,
    "depreciationAndAmortization": 36000000,
    "ebitda": 50000000,
    "ebitdaratio": 0.075233223,
    "operatingIncome": 14000000,
    "operatingIncomeRatio": 0.0210653024,
    "totalOtherIncomeExpensesNet": -21100000,
    "incomeBeforeTax": -7100000,
    "incomeBeforeTaxRatio": -0.0106831177,
    "incomeTaxExpense": -18600000,
    "netIncome": 11500000,
    "netIncomeRatio": 0.0173036413,
    "eps": 0.05,
    "epsdiluted": 0.05,
    "weightedAverageShsOut": 227200000,
    "weightedAverageShsOutDil": 232200000,
    "link": "https://www.sec.gov/Archives/edgar/data/769397/000076939715000012/0000769397-15-000012-index.htm",
    "finalLink": "https://www.sec.gov/Archives/edgar/data/769397/000076939715000012/adsk-0131201510xk.htm"
  },
  {
    "date": "2014-10-31",
    "symbol": "ADSK",
    "reportedCurrency": "USD",
    "cik": "0000769397",
    "fillingDate": "2014-12-05",
    "acceptedDate": "2014-12-05 16:01:17",
    "calendarYear": "2015",
    "period": "Q3",
    "revenue": 618000000,
    "costOfRevenue": 86000000,
    "grossProfit": 532000000,
    "grossProfitRatio": 0.8608414239,
    "researchAndDevelopmentExpenses": 183900000,
    "generalAndAdministrativeExpenses": 78900000,
    "sellingAndMarketingExpenses": 245100000,
    "sellingGeneralAndAdministrativeExpenses": 324000000,
    "otherExpenses": 100000,
    "operatingExpenses": 517400000,
    "costAndExpenses": 603400000,
    "interestIncome": 0,
    "interestExpense": 2800000,
    "depreciationAndAmortization": 36600000,
    "ebitda": 51200000,
    "ebitdaratio": 0.0828478964,
    "operatingIncome": 14600000,
    "operatingIncomeRatio": 0.0236245955,
    "totalOtherIncomeExpensesNet": -3000000,
    "incomeBeforeTax": 11600000,
    "incomeBeforeTaxRatio": 0.0187702265,
    "incomeTaxExpense": 900000,
    "netIncome": 10700000,
    "netIncomeRatio": 0.0173139159,
    "eps": 0.05,
    "epsdiluted": 0.05,
    "weightedAverageShsOut": 226900000,
    "weightedAverageShsOutDil": 231500000,
    "link": "https://www.sec.gov/Archives/edgar/data/769397/000076939714000060/0000769397-14-000060-index.htm",
    "finalLink": "https://www.sec.gov/Archives/edgar/data/769397/000076939714000060/adsk-10312014x10q.htm"
  },
  {
    "date": "2014-07-31",
    "symbol": "ADSK",
    "reportedCurrency": "USD",
    "cik": "0000769397",
    "fillingDate": "2014-09-02",
    "acceptedDate": "2014-09-02 16:01:55",
    "calendarYear": "2015",
    "period": "Q2",
    "revenue": 637100000,
    "costOfRevenue": 87900000,
    "grossProfit": 549200000,
    "grossProfitRatio": 0.8620310783,
    "researchAndDevelopmentExpenses": 179300000,
    "generalAndAdministrativeExpenses": 71500000,
    "sellingAndMarketingExpenses": 237600000,
    "sellingGeneralAndAdministrativeExpenses": 309100000,
    "otherExpenses": -100000,
    "operatingExpenses": 498500000,
    "costAndExpenses": 586400000,
    "interestIncome": 0,
    "interestExpense": 3300000,
    "depreciationAndAmortization": 37200000,
    "ebitda": 87900000,
    "ebitdaratio": 0.1379689217,
    "operatingIncome": 49900000,
    "operatingIncomeRatio": 0.0783236541,
    "totalOtherIncomeExpensesNet": -7000000,
    "incomeBeforeTax": 42900000,
    "incomeBeforeTaxRatio": 0.0673363679,
    "incomeTaxExpense": 11600000,
    "netIncome": 31300000,
    "netIncomeRatio": 0.0491288652,
    "eps": 0.14,
    "epsdiluted": 0.13,
    "weightedAverageShsOut": 227300000,
    "weightedAverageShsOutDil": 232400000,
    "link": "https://www.sec.gov/Archives/edgar/data/769397/000076939714000051/0000769397-14-000051-index.htm",
    "finalLink": "https://www.sec.gov/Archives/edgar/data/769397/000076939714000051/adsk-7312014x10q.htm"
  },
  {
    "date": "2014-04-30",
    "symbol": "ADSK",
    "reportedCurrency": "USD",
    "cik": "0000769397",
    "fillingDate": "2014-06-03",
    "acceptedDate": "2014-06-03 16:03:28",
    "calendarYear": "2015",
    "period": "Q1",
    "revenue": 592500000,
    "costOfRevenue": 78700000,
    "grossProfit": 513800000,
    "grossProfitRatio": 0.8671729958,
    "researchAndDevelopmentExpenses": 170500000,
    "generalAndAdministrativeExpenses": 73400000,
    "sellingAndMarketingExpenses": 225400000,
    "sellingGeneralAndAdministrativeExpenses": 298800000,
    "otherExpenses": 2600000,
    "operatingExpenses": 469300000,
    "costAndExpenses": 548000000,
    "interestIncome": 0,
    "interestExpense": 2400000,
    "depreciationAndAmortization": 36100000,
    "ebitda": 80600000,
    "ebitdaratio": 0.1360337553,
    "operatingIncome": 42200000,
    "operatingIncomeRatio": 0.0712236287,
    "totalOtherIncomeExpensesNet": -6600000,
    "incomeBeforeTax": 35600000,
    "incomeBeforeTaxRatio": 0.0600843882,
    "incomeTaxExpense": 7300000,
    "netIncome": 28300000,
    "netIncomeRatio": 0.0477637131,
    "eps": 0.12,
    "epsdiluted": 0.12,
    "weightedAverageShsOut": 227000000,
    "weightedAverageShsOutDil": 231600000,
    "link": "https://www.sec.gov/Archives/edgar/data/769397/000076939714000035/0000769397-14-000035-index.htm",
    "finalLink": "https://www.sec.gov/Archives/edgar/data/769397/000076939714000035/adsk-4302014x10q.htm"
  },
  {
    "date": "2014-01-31",
    "symbol": "ADSK",
    "reportedCurrency": "USD",
    "cik": "0000769397",
    "fillingDate": "2014-03-10",
    "acceptedDate": "2014-03-10 16:17:25",
    "calendarYear": "2014",
    "period": "Q4",
    "revenue": 586600000,
    "costOfRevenue": 71900000,
    "grossProfit": 514700000,
    "grossProfitRatio": 0.8774292533,
    "researchAndDevelopmentExpenses": 162400000,
    "generalAndAdministrativeExpenses": 62000000,
    "sellingAndMarketingExpenses": 232300000,
    "sellingGeneralAndAdministrativeExpenses": 294300000,
    "otherExpenses": -100000,
    "operatingExpenses": 456700000,
    "costAndExpenses": 528600000,
    "interestIncome": 0,
    "interestExpense": 3000000,
    "depreciationAndAmortization": 33200000,
    "ebitda": 91200000,
    "ebitdaratio": 0.1554722128,
    "operatingIncome": 51700000,
    "operatingIncomeRatio": 0.0881350153,
    "totalOtherIncomeExpensesNet": 4600000,
    "incomeBeforeTax": 56300000,
    "incomeBeforeTaxRatio": 0.0959768155,
    "incomeTaxExpense": 2400000,
    "netIncome": 53900000,
    "netIncomeRatio": 0.0918854415,
    "eps": 0.24,
    "epsdiluted": 0.23,
    "weightedAverageShsOut": 225500000,
    "weightedAverageShsOutDil": 231100000,
    "link": "https://www.sec.gov/Archives/edgar/data/769397/000076939714000018/0000769397-14-000018-index.htm",
    "finalLink": "https://www.sec.gov/Archives/edgar/data/769397/000076939714000018/adsk-0131201410xk.htm"
  },
  {
    "date": "2013-10-31",
    "symbol": "ADSK",
    "reportedCurrency": "USD",
    "cik": "0000769397",
    "fillingDate": "2013-12-06",
    "acceptedDate": "2013-12-06 16:46:43",
    "calendarYear": "2014",
    "period": "Q3",
    "revenue": 555200000,
    "costOfRevenue": 67100000,
    "grossProfit": 488100000,
    "grossProfitRatio": 0.8791426513,
    "researchAndDevelopmentExpenses": 149000000,
    "generalAndAdministrativeExpenses": 63200000,
    "sellingAndMarketingExpenses": 203400000,
    "sellingGeneralAndAdministrativeExpenses": 266600000,
    "otherExpenses": 2800000,
    "operatingExpenses": 415600000,
    "costAndExpenses": 482700000,
    "interestIncome": 0,
    "interestExpense": 1800000,
    "depreciationAndAmortization": 30600000,
    "ebitda": 110800000,
    "ebitdaratio": 0.1995677233,
    "operatingIncome": 68100000,
    "operatingIncomeRatio": 0.1226585014,
    "totalOtherIncomeExpensesNet": 1100000,
    "incomeBeforeTax": 69200000,
    "incomeBeforeTaxRatio": 0.1246397695,
    "incomeTaxExpense": 11600000,
    "netIncome": 57600000,
    "netIncomeRatio": 0.1037463977,
    "eps": 0.26,
    "epsdiluted": 0.25,
    "weightedAverageShsOut": 223100000,
    "weightedAverageShsOutDil": 227700000,
    "link": "https://www.sec.gov/Archives/edgar/data/769397/000076939713000091/0000769397-13-000091-index.htm",
    "finalLink": "https://www.sec.gov/Archives/edgar/data/769397/000076939713000091/adsk-10x31x2013x10q.htm"
  },
  {
    "date": "2013-07-31",
    "symbol": "ADSK",
    "reportedCurrency": "USD",
    "cik": "0000769397",
    "fillingDate": "2013-09-03",
    "acceptedDate": "2013-09-03 16:32:47",
    "calendarYear": "2014",
    "period": "Q2",
    "revenue": 561700000,
    "costOfRevenue": 67800000,
    "grossProfit": 493900000,
    "grossProfitRatio": 0.8792949973,
    "researchAndDevelopmentExpenses": 148900000,
    "generalAndAdministrativeExpenses": 61600000,
    "sellingAndMarketingExpenses": 198100000,
    "sellingGeneralAndAdministrativeExpenses": 259700000,
    "otherExpenses": 200000,
    "operatingExpenses": 408600000,
    "costAndExpenses": 476400000,
    "interestIncome": 0,
    "interestExpense": 1900000,
    "depreciationAndAmortization": 32000000,
    "ebitda": 115700000,
    "ebitdaratio": 0.2059818408,
    "operatingIncome": 83600000,
    "operatingIncomeRatio": 0.1488338971,
    "totalOtherIncomeExpensesNet": -1800000,
    "incomeBeforeTax": 81800000,
    "incomeBeforeTaxRatio": 0.1456293395,
    "incomeTaxExpense": 20100000,
    "netIncome": 61700000,
    "netIncomeRatio": 0.109845113,
    "eps": 0.28,
    "epsdiluted": 0.27,
    "weightedAverageShsOut": 223100000,
    "weightedAverageShsOutDil": 228300000,
    "link": "https://www.sec.gov/Archives/edgar/data/769397/000076939713000056/0000769397-13-000056-index.htm",
    "finalLink": "https://www.sec.gov/Archives/edgar/data/769397/000076939713000056/adsk-07x31x2013x10q.htm"
  },
  {
    "date": "2013-04-30",
    "symbol": "ADSK",
    "reportedCurrency": "USD",
    "cik": "0000769397",
    "fillingDate": "2013-06-05",
    "acceptedDate": "2013-06-05 16:46:39",
    "calendarYear": "2014",
    "period": "Q1",
    "revenue": 570400000,
    "costOfRevenue": 67500000,
    "grossProfit": 502900000,
    "grossProfitRatio": 0.8816619916,
    "researchAndDevelopmentExpenses": 150800000,
    "generalAndAdministrativeExpenses": 61500000,
    "sellingAndMarketingExpenses": 208800000,
    "sellingGeneralAndAdministrativeExpenses": 270300000,
    "otherExpenses": -200000,
    "operatingExpenses": 421100000,
    "costAndExpenses": 488600000,
    "interestIncome": 0,
    "interestExpense": 3100000,
    "depreciationAndAmortization": 33100000,
    "ebitda": 108800000,
    "ebitdaratio": 0.190743338,
    "operatingIncome": -81400000,
    "operatingIncomeRatio": -0.1427068724,
    "totalOtherIncomeExpensesNet": -9200000,
    "incomeBeforeTax": 72600000,
    "incomeBeforeTaxRatio": 0.1272791024,
    "incomeTaxExpense": 17000000,
    "netIncome": 55600000,
    "netIncomeRatio": 0.0974754558,
    "eps": 0.25,
    "epsdiluted": 0.24,
    "weightedAverageShsOut": 223800000,
    "weightedAverageShsOutDil": 229300000,
    "link": "https://www.sec.gov/Archives/edgar/data/769397/000076939713000036/0000769397-13-000036-index.htm",
    "finalLink": "https://www.sec.gov/Archives/edgar/data/769397/000076939713000036/adsk-04x30x2013x10q.htm"
  },
  {
    "date": "2013-01-31",
    "symbol": "ADSK",
    "reportedCurrency": "USD",
    "cik": "0000769397",
    "fillingDate": "2013-03-18",
    "acceptedDate": "2013-03-18 16:01:59",
    "calendarYear": "2013",
    "period": "Q4",
    "revenue": 606900000,
    "costOfRevenue": 62000000,
    "grossProfit": 544900000,
    "grossProfitRatio": 0.8978414895,
    "researchAndDevelopmentExpenses": 149400000,
    "generalAndAdministrativeExpenses": 67700000,
    "sellingAndMarketingExpenses": 236000000,
    "sellingGeneralAndAdministrativeExpenses": 303700000,
    "otherExpenses": 0,
    "operatingExpenses": 453100000,
    "costAndExpenses": 515100000,
    "interestIncome": 0,
    "interestExpense": 900000,
    "depreciationAndAmortization": 34700000,
    "ebitda": 126500000,
    "ebitdaratio": 0.2084363157,
    "operatingIncome": 84600000,
    "operatingIncomeRatio": 0.1393969352,
    "totalOtherIncomeExpensesNet": 1500000,
    "incomeBeforeTax": 86100000,
    "incomeBeforeTaxRatio": 0.1418685121,
    "incomeTaxExpense": 11600000,
    "netIncome": 74500000,
    "netIncomeRatio": 0.1227549843,
    "eps": 0.33,
    "epsdiluted": 0.32,
    "weightedAverageShsOut": 224100000,
    "weightedAverageShsOutDil": 229600000,
    "link": "https://www.sec.gov/Archives/edgar/data/769397/000076939713000007/0000769397-13-000007-index.htm",
    "finalLink": "https://www.sec.gov/Archives/edgar/data/769397/000076939713000007/adsk-0131201310xk.htm"
  },
  {
    "date": "2012-10-31",
    "symbol": "ADSK",
    "reportedCurrency": "USD",
    "cik": "0000769397",
    "fillingDate": "2012-12-04",
    "acceptedDate": "2012-12-04 16:04:41",
    "calendarYear": "2013",
    "period": "Q3",
    "revenue": 548000000,
    "costOfRevenue": 58000000,
    "grossProfit": 490000000,
    "grossProfitRatio": 0.8941605839,
    "researchAndDevelopmentExpenses": 153600000,
    "generalAndAdministrativeExpenses": 62300000,
    "sellingAndMarketingExpenses": 204600000,
    "sellingGeneralAndAdministrativeExpenses": 266900000,
    "otherExpenses": 0,
    "operatingExpenses": 420500000,
    "costAndExpenses": 478500000,
    "interestIncome": 0,
    "interestExpense": 0,
    "depreciationAndAmortization": 35000000,
    "ebitda": 106100000,
    "ebitdaratio": 0.1936131387,
    "operatingIncome": 34300000,
    "operatingIncomeRatio": 0.0625912409,
    "totalOtherIncomeExpensesNet": -100000,
    "incomeBeforeTax": 34200000,
    "incomeBeforeTaxRatio": 0.0624087591,
    "incomeTaxExpense": 4900000,
    "netIncome": 29300000,
    "netIncomeRatio": 0.0534671533,
    "eps": 0.13,
    "epsdiluted": 0.13,
    "weightedAverageShsOut": 225500000,
    "weightedAverageShsOutDil": 229900000,
    "link": "https://www.sec.gov/Archives/edgar/data/769397/000076939712000023/0000769397-12-000023-index.htm",
    "finalLink": "https://www.sec.gov/Archives/edgar/data/769397/000076939712000023/adsk-10x31x2012x10q.htm"
  },
  {
    "date": "2012-07-31",
    "symbol": "ADSK",
    "reportedCurrency": "USD",
    "cik": "0000769397",
    "fillingDate": "2012-09-05",
    "acceptedDate": "2012-09-05 16:32:25",
    "calendarYear": "2013",
    "period": "Q2",
    "revenue": 568700000,
    "costOfRevenue": 59800000,
    "grossProfit": 508900000,
    "grossProfitRatio": 0.8948478987,
    "researchAndDevelopmentExpenses": 144900000,
    "generalAndAdministrativeExpenses": 58700000,
    "sellingAndMarketingExpenses": 212400000,
    "sellingGeneralAndAdministrativeExpenses": 271100000,
    "otherExpenses": 0,
    "operatingExpenses": 416000000,
    "costAndExpenses": 475800000,
    "interestIncome": 800000,
    "interestExpense": 800000,
    "depreciationAndAmortization": 28900000,
    "ebitda": 92900000,
    "ebitdaratio": 0.1633550202,
    "operatingIncome": 92900000,
    "operatingIncomeRatio": 0.1633550202,
    "totalOtherIncomeExpensesNet": -800000,
    "incomeBeforeTax": 92100000,
    "incomeBeforeTaxRatio": 0.1619483031,
    "incomeTaxExpense": 27500000,
    "netIncome": 64600000,
    "netIncomeRatio": 0.1135924037,
    "eps": 0.28,
    "epsdiluted": 0.28,
    "weightedAverageShsOut": 227800000,
    "weightedAverageShsOutDil": 232100000,
    "link": "https://www.sec.gov/Archives/edgar/data/769397/000076939712000016/0000769397-12-000016-index.htm",
    "finalLink": "https://www.sec.gov/Archives/edgar/data/769397/000076939712000016/adsk-7x31x2012x10q.htm"
  },
  {
    "date": "2012-04-30",
    "symbol": "ADSK",
    "reportedCurrency": "USD",
    "cik": "0000769397",
    "fillingDate": "2012-06-01",
    "acceptedDate": "2012-06-01 16:37:32",
    "calendarYear": "2013",
    "period": "Q1",
    "revenue": 588600000,
    "costOfRevenue": 58800000,
    "grossProfit": 529800000,
    "grossProfitRatio": 0.9001019368,
    "researchAndDevelopmentExpenses": 152700000,
    "generalAndAdministrativeExpenses": 59900000,
    "sellingAndMarketingExpenses": 223200000,
    "sellingGeneralAndAdministrativeExpenses": 283100000,
    "otherExpenses": 0,
    "operatingExpenses": 435800000,
    "costAndExpenses": 494600000,
    "interestIncome": 0,
    "interestExpense": 1100000,
    "depreciationAndAmortization": 29200000,
    "ebitda": 94000000,
    "ebitdaratio": 0.1597009854,
    "operatingIncome": 94000000,
    "operatingIncomeRatio": 0.1597009854,
    "totalOtherIncomeExpensesNet": 3500000,
    "incomeBeforeTax": 97500000,
    "incomeBeforeTaxRatio": 0.1656472987,
    "incomeTaxExpense": 18600000,
    "netIncome": 78900000,
    "netIncomeRatio": 0.1340468909,
    "eps": 0.35,
    "epsdiluted": 0.34,
    "weightedAverageShsOut": 228100000,
    "weightedAverageShsOutDil": 234100000,
    "link": "https://www.sec.gov/Archives/edgar/data/769397/000076939712000009/0000769397-12-000009-index.htm",
    "finalLink": "https://www.sec.gov/Archives/edgar/data/769397/000076939712000009/adsk-4x30x2012x10q.htm"
  },
  {
    "date": "2012-01-31",
    "symbol": "ADSK",
    "reportedCurrency": "USD",
    "cik": "0000769397",
    "fillingDate": "2012-03-15",
    "acceptedDate": "2012-03-15 16:05:18",
    "calendarYear": "2012",
    "period": "Q4",
    "revenue": 592400000,
    "costOfRevenue": 57500000,
    "grossProfit": 534900000,
    "grossProfitRatio": 0.9029372046,
    "researchAndDevelopmentExpenses": 149500000,
    "generalAndAdministrativeExpenses": 60100000,
    "sellingAndMarketingExpenses": 233500000,
    "sellingGeneralAndAdministrativeExpenses": 293600000,
    "otherExpenses": 0,
    "operatingExpenses": 443100000,
    "costAndExpenses": 500600000,
    "interestIncome": 0,
    "interestExpense": 0,
    "depreciationAndAmortization": 30300000,
    "ebitda": 122100000,
    "ebitdaratio": 0.206110736,
    "operatingIncome": 91800000,
    "operatingIncomeRatio": 0.1549628629,
    "totalOtherIncomeExpensesNet": 1100000,
    "incomeBeforeTax": 92900000,
    "incomeBeforeTaxRatio": 0.1568197164,
    "incomeTaxExpense": 20900000,
    "netIncome": 72000000,
    "netIncomeRatio": 0.1215395003,
    "eps": 0.32,
    "epsdiluted": 0.31,
    "weightedAverageShsOut": 228100000,
    "weightedAverageShsOutDil": 234100000,
    "link": "https://www.sec.gov/Archives/edgar/data/769397/000076939712000005/0000769397-12-000005-index.htm",
    "finalLink": "https://www.sec.gov/Archives/edgar/data/769397/000076939712000005/adsk-0131201210xk.htm"
  },
  {
    "date": "2011-10-31",
    "symbol": "ADSK",
    "reportedCurrency": "USD",
    "cik": "0000769397",
    "fillingDate": "2011-12-06",
    "acceptedDate": "2011-12-06 16:44:15",
    "calendarYear": "2012",
    "period": "Q3",
    "revenue": 548600000,
    "costOfRevenue": 59600000,
    "grossProfit": 489000000,
    "grossProfitRatio": 0.891359825,
    "researchAndDevelopmentExpenses": 141200000,
    "generalAndAdministrativeExpenses": 51400000,
    "sellingAndMarketingExpenses": 206200000,
    "sellingGeneralAndAdministrativeExpenses": 257600000,
    "otherExpenses": 0,
    "operatingExpenses": 398800000,
    "costAndExpenses": 458400000,
    "interestIncome": 0,
    "interestExpense": 1100000,
    "depreciationAndAmortization": 31000000,
    "ebitda": 90200000,
    "ebitdaratio": 0.1644185199,
    "operatingIncome": 90200000,
    "operatingIncomeRatio": 0.1644185199,
    "totalOtherIncomeExpensesNet": 1100000,
    "incomeBeforeTax": 91300000,
    "incomeBeforeTaxRatio": 0.1664236238,
    "incomeTaxExpense": 18500000,
    "netIncome": 72800000,
    "netIncomeRatio": 0.1327014218,
    "eps": 0.32,
    "epsdiluted": 0.32,
    "weightedAverageShsOut": 227100000,
    "weightedAverageShsOutDil": 230700000,
    "link": "https://www.sec.gov/Archives/edgar/data/769397/000119312511332153/0001193125-11-332153-index.htm",
    "finalLink": "https://www.sec.gov/Archives/edgar/data/769397/000119312511332153/d234764d10q.htm"
  },
  {
    "date": "2011-07-31",
    "symbol": "ADSK",
    "reportedCurrency": "USD",
    "cik": "0000769397",
    "fillingDate": "2011-09-01",
    "acceptedDate": "2011-09-01 16:06:24",
    "calendarYear": "2012",
    "period": "Q2",
    "revenue": 546300000,
    "costOfRevenue": 57400000,
    "grossProfit": 488900000,
    "grossProfitRatio": 0.8949295259,
    "researchAndDevelopmentExpenses": 139200000,
    "generalAndAdministrativeExpenses": 55000000,
    "sellingAndMarketingExpenses": 201000000,
    "sellingGeneralAndAdministrativeExpenses": 256000000,
    "otherExpenses": 0,
    "operatingExpenses": 395200000,
    "costAndExpenses": 452600000,
    "interestIncome": 0,
    "interestExpense": 0,
    "depreciationAndAmortization": 29700000,
    "ebitda": 123400000,
    "ebitdaratio": 0.2258832144,
    "operatingIncome": 95000000,
    "operatingIncomeRatio": 0.1738971261,
    "totalOtherIncomeExpensesNet": -800000,
    "incomeBeforeTax": 94200000,
    "incomeBeforeTaxRatio": 0.1724327293,
    "incomeTaxExpense": 23000000,
    "netIncome": 71200000,
    "netIncomeRatio": 0.1303313198,
    "eps": 0.31,
    "epsdiluted": 0.3,
    "weightedAverageShsOut": 229400000,
    "weightedAverageShsOutDil": 236600000,
    "link": "https://www.sec.gov/Archives/edgar/data/769397/000119312511239152/0001193125-11-239152-index.htm",
    "finalLink": "https://www.sec.gov/Archives/edgar/data/769397/000119312511239152/d10q.htm"
  },
  {
    "date": "2011-04-30",
    "symbol": "ADSK",
    "reportedCurrency": "USD",
    "cik": "0000769397",
    "fillingDate": "2011-06-03",
    "acceptedDate": "2011-06-03 16:51:32",
    "calendarYear": "2012",
    "period": "Q1",
    "revenue": 528300000,
    "costOfRevenue": 54600000,
    "grossProfit": 473700000,
    "grossProfitRatio": 0.8966496309,
    "researchAndDevelopmentExpenses": 136600000,
    "generalAndAdministrativeExpenses": 56600000,
    "sellingAndMarketingExpenses": 201900000,
    "sellingGeneralAndAdministrativeExpenses": 258500000,
    "otherExpenses": 0,
    "operatingExpenses": 395100000,
    "costAndExpenses": 449700000,
    "interestIncome": 0,
    "interestExpense": 5900000,
    "depreciationAndAmortization": 24500000,
    "ebitda": 78600000,
    "ebitdaratio": 0.1487791028,
    "operatingIncome": 78600000,
    "operatingIncomeRatio": 0.1487791028,
    "totalOtherIncomeExpensesNet": 5900000,
    "incomeBeforeTax": 84500000,
    "incomeBeforeTaxRatio": 0.1599469998,
    "incomeTaxExpense": 15200000,
    "netIncome": 69300000,
    "netIncomeRatio": 0.1311754685,
    "eps": 0.3,
    "epsdiluted": 0.29,
    "weightedAverageShsOut": 228200000,
    "weightedAverageShsOutDil": 237100000,
    "link": "https://www.sec.gov/Archives/edgar/data/769397/000119312511158515/0001193125-11-158515-index.htm",
    "finalLink": "https://www.sec.gov/Archives/edgar/data/769397/000119312511158515/d10q.htm"
  },
  {
    "date": "2011-01-31",
    "symbol": "ADSK",
    "reportedCurrency": "USD",
    "cik": "0000769397",
    "fillingDate": "2011-03-18",
    "acceptedDate": "2011-03-18 16:07:11",
    "calendarYear": "2011",
    "period": "Q4",
    "revenue": 527700000,
    "costOfRevenue": 48400000,
    "grossProfit": 479300000,
    "grossProfitRatio": 0.9082812204,
    "researchAndDevelopmentExpenses": 126900000,
    "generalAndAdministrativeExpenses": 52100000,
    "sellingAndMarketingExpenses": 226900000,
    "sellingGeneralAndAdministrativeExpenses": 279000000,
    "otherExpenses": 0,
    "operatingExpenses": 405900000,
    "costAndExpenses": 454300000,
    "interestIncome": 0,
    "interestExpense": 800000,
    "depreciationAndAmortization": 25800000,
    "ebitda": 99200000,
    "ebitdaratio": 0.1879855979,
    "operatingIncome": 71600000,
    "operatingIncomeRatio": 0.1356831533,
    "totalOtherIncomeExpensesNet": 1400000,
    "incomeBeforeTax": 73000000,
    "incomeBeforeTaxRatio": 0.1383361759,
    "incomeTaxExpense": 11400000,
    "netIncome": 61600000,
    "netIncomeRatio": 0.1167329922,
    "eps": 0.27,
    "epsdiluted": 0.26,
    "weightedAverageShsOut": 228200000,
    "weightedAverageShsOutDil": 237100000,
    "link": "https://www.sec.gov/Archives/edgar/data/769397/000119312511071209/0001193125-11-071209-index.htm",
    "finalLink": "https://www.sec.gov/Archives/edgar/data/769397/000119312511071209/d10k.htm"
  },
  {
    "date": "2010-10-31",
    "symbol": "ADSK",
    "reportedCurrency": "USD",
    "cik": "0000769397",
    "fillingDate": "2010-12-07",
    "acceptedDate": "2010-12-07 17:06:31",
    "calendarYear": "2011",
    "period": "Q3",
    "revenue": 476700000,
    "costOfRevenue": 48500000,
    "grossProfit": 428200000,
    "grossProfitRatio": 0.898258863,
    "researchAndDevelopmentExpenses": 122800000,
    "generalAndAdministrativeExpenses": 51100000,
    "sellingAndMarketingExpenses": 185100000,
    "sellingGeneralAndAdministrativeExpenses": 236200000,
    "otherExpenses": 0,
    "operatingExpenses": 359000000,
    "costAndExpenses": 407500000,
    "interestIncome": 0,
    "interestExpense": 2500000,
    "depreciationAndAmortization": 26600000,
    "ebitda": 69200000,
    "ebitdaratio": 0.1451646738,
    "operatingIncome": 69200000,
    "operatingIncomeRatio": 0.1451646738,
    "totalOtherIncomeExpensesNet": 2500000,
    "incomeBeforeTax": 71700000,
    "incomeBeforeTaxRatio": 0.1504090623,
    "incomeTaxExpense": 18100000,
    "netIncome": 53600000,
    "netIncomeRatio": 0.1124396895,
    "eps": 0.24,
    "epsdiluted": 0.23,
    "weightedAverageShsOut": 226500000,
    "weightedAverageShsOutDil": 232400000,
    "link": "https://www.sec.gov/Archives/edgar/data/769397/000119312510275686/0001193125-10-275686-index.htm",
    "finalLink": "https://www.sec.gov/Archives/edgar/data/769397/000119312510275686/d10q.htm"
  },
  {
    "date": "2010-07-31",
    "symbol": "ADSK",
    "reportedCurrency": "USD",
    "cik": "0000769397",
    "fillingDate": "2010-09-01",
    "acceptedDate": "2010-09-01 07:01:29",
    "calendarYear": "2011",
    "period": "Q2",
    "revenue": 472800000,
    "costOfRevenue": 48400000,
    "grossProfit": 424400000,
    "grossProfitRatio": 0.8976311337,
    "researchAndDevelopmentExpenses": 119300000,
    "generalAndAdministrativeExpenses": 45900000,
    "sellingAndMarketingExpenses": 177500000,
    "sellingGeneralAndAdministrativeExpenses": 223400000,
    "otherExpenses": 0,
    "operatingExpenses": 342700000,
    "costAndExpenses": 391100000,
    "interestIncome": 0,
    "interestExpense": 100000,
    "depreciationAndAmortization": 26300000,
    "ebitda": 108000000,
    "ebitdaratio": 0.2284263959,
    "operatingIncome": 79800000,
    "operatingIncomeRatio": 0.1687817259,
    "totalOtherIncomeExpensesNet": 100000,
    "incomeBeforeTax": 79900000,
    "incomeBeforeTaxRatio": 0.1689932318,
    "incomeTaxExpense": 20000000,
    "netIncome": 59900000,
    "netIncomeRatio": 0.1266920474,
    "eps": 0.26,
    "epsdiluted": 0.25,
    "weightedAverageShsOut": 228000000,
    "weightedAverageShsOutDil": 233800000,
    "link": "https://www.sec.gov/Archives/edgar/data/769397/000119312510202279/0001193125-10-202279-index.htm",
    "finalLink": "https://www.sec.gov/Archives/edgar/data/769397/000119312510202279/d10q.htm"
  },
  {
    "date": "2010-04-30",
    "symbol": "ADSK",
    "reportedCurrency": "USD",
    "cik": "0000769397",
    "fillingDate": "2010-06-04",
    "acceptedDate": "2010-06-04 07:01:23",
    "calendarYear": "2011",
    "period": "Q1",
    "revenue": 474600000,
    "costOfRevenue": 51300000,
    "grossProfit": 423300000,
    "grossProfitRatio": 0.891908976,
    "researchAndDevelopmentExpenses": 127200000,
    "generalAndAdministrativeExpenses": 51700000,
    "sellingAndMarketingExpenses": 186500000,
    "sellingGeneralAndAdministrativeExpenses": 238200000,
    "otherExpenses": 0,
    "operatingExpenses": 365400000,
    "costAndExpenses": 416700000,
    "interestIncome": 0,
    "interestExpense": 0,
    "depreciationAndAmortization": 26700000,
    "ebitda": 84600000,
    "ebitdaratio": 0.1782553729,
    "operatingIncome": 50800000,
    "operatingIncomeRatio": 0.1070375053,
    "totalOtherIncomeExpensesNet": -3400000,
    "incomeBeforeTax": 47400000,
    "incomeBeforeTaxRatio": 0.0998735777,
    "incomeTaxExpense": 10500000,
    "netIncome": 36900000,
    "netIncomeRatio": 0.0777496839,
    "eps": 0.16,
    "epsdiluted": 0.16,
    "weightedAverageShsOut": 229000000,
    "weightedAverageShsOutDil": 234600000,
    "link": "https://www.sec.gov/Archives/edgar/data/769397/000119312510132539/0001193125-10-132539-index.htm",
    "finalLink": "https://www.sec.gov/Archives/edgar/data/769397/000119312510132539/d10q.htm"
  },
  {
    "date": "2010-01-31",
    "symbol": "ADSK",
    "reportedCurrency": "USD",
    "cik": "0000769397",
    "fillingDate": "2010-03-19",
    "acceptedDate": "2010-03-19 06:05:42",
    "calendarYear": "2010",
    "period": "Q4",
    "revenue": 456100000,
    "costOfRevenue": 44400000,
    "grossProfit": 411700000,
    "grossProfitRatio": 0.902652927,
    "researchAndDevelopmentExpenses": 116800000,
    "generalAndAdministrativeExpenses": 47100000,
    "sellingAndMarketingExpenses": 191300000,
    "sellingGeneralAndAdministrativeExpenses": 238400000,
    "otherExpenses": 0,
    "operatingExpenses": 355200000,
    "costAndExpenses": 399600000,
    "interestIncome": 0,
    "interestExpense": 13400000,
    "depreciationAndAmortization": 27100000,
    "ebitda": 83600000,
    "ebitdaratio": 0.1832931375,
    "operatingIncome": 56100000,
    "operatingIncomeRatio": 0.1229993422,
    "totalOtherIncomeExpensesNet": 2700000,
    "incomeBeforeTax": 58700000,
    "incomeBeforeTaxRatio": 0.1286998465,
    "incomeTaxExpense": 8600000,
    "netIncome": 50100000,
    "netIncomeRatio": 0.1098443324,
    "eps": 0.22,
    "epsdiluted": 0.21,
    "weightedAverageShsOut": 229000000,
    "weightedAverageShsOutDil": 234600000,
    "link": "https://www.sec.gov/Archives/edgar/data/769397/000119312510061070/0001193125-10-061070-index.htm",
    "finalLink": "https://www.sec.gov/Archives/edgar/data/769397/000119312510061070/d10k.htm"
  },
  {
    "date": "2009-10-31",
    "symbol": "ADSK",
    "reportedCurrency": "USD",
    "cik": "0000769397",
    "fillingDate": "2009-12-08",
    "acceptedDate": "2009-12-08 16:26:56",
    "calendarYear": "2010",
    "period": "Q3",
    "revenue": 416900000,
    "costOfRevenue": 45000000,
    "grossProfit": 371900000,
    "grossProfitRatio": 0.8920604462,
    "researchAndDevelopmentExpenses": 109300000,
    "generalAndAdministrativeExpenses": 51100000,
    "sellingAndMarketingExpenses": 180300000,
    "sellingGeneralAndAdministrativeExpenses": 231400000,
    "otherExpenses": 0,
    "operatingExpenses": 340700000,
    "costAndExpenses": 385700000,
    "interestIncome": 0,
    "interestExpense": 5700000,
    "depreciationAndAmortization": 28900000,
    "ebitda": 60100000,
    "ebitdaratio": 0.1441592708,
    "operatingIncome": 26300000,
    "operatingIncomeRatio": 0.0630846726,
    "totalOtherIncomeExpensesNet": 5700000,
    "incomeBeforeTax": 32000000,
    "incomeBeforeTaxRatio": 0.0767570161,
    "incomeTaxExpense": 2500000,
    "netIncome": 29500000,
    "netIncomeRatio": 0.0707603742,
    "eps": 0.13,
    "epsdiluted": 0.13,
    "weightedAverageShsOut": 229600000,
    "weightedAverageShsOutDil": 232900000,
    "link": "https://www.sec.gov/Archives/edgar/data/769397/000119312509249297/0001193125-09-249297-index.htm",
    "finalLink": "https://www.sec.gov/Archives/edgar/data/769397/000119312509249297/d10q.htm"
  },
  {
    "date": "2009-07-31",
    "symbol": "ADSK",
    "reportedCurrency": "USD",
    "cik": "0000769397",
    "fillingDate": "2009-08-28",
    "acceptedDate": "2009-08-28 08:01:24",
    "calendarYear": "2010",
    "period": "Q2",
    "revenue": 414900000,
    "costOfRevenue": 50100000,
    "grossProfit": 364800000,
    "grossProfitRatio": 0.8792480116,
    "researchAndDevelopmentExpenses": 109800000,
    "generalAndAdministrativeExpenses": 49500000,
    "sellingAndMarketingExpenses": 176400000,
    "sellingGeneralAndAdministrativeExpenses": 225900000,
    "otherExpenses": 0,
    "operatingExpenses": 335700000,
    "costAndExpenses": 385800000,
    "interestIncome": 0,
    "interestExpense": 0,
    "depreciationAndAmortization": 28500000,
    "ebitda": 57600000,
    "ebitdaratio": 0.1388286334,
    "operatingIncome": 2700000,
    "operatingIncomeRatio": 0.0065075922,
    "totalOtherIncomeExpensesNet": 10700000,
    "incomeBeforeTax": 13400000,
    "incomeBeforeTaxRatio": 0.032296939,
    "incomeTaxExpense": 2900000,
    "netIncome": 10500000,
    "netIncomeRatio": 0.025307303,
    "eps": 0.05,
    "epsdiluted": 0.05,
    "weightedAverageShsOut": 228900000,
    "weightedAverageShsOutDil": 232300000,
    "link": "https://www.sec.gov/Archives/edgar/data/769397/000119312509183342/0001193125-09-183342-index.htm",
    "finalLink": "https://www.sec.gov/Archives/edgar/data/769397/000119312509183342/d10q.htm"
  },
  {
    "date": "2009-04-30",
    "symbol": "ADSK",
    "reportedCurrency": "USD",
    "cik": "0000769397",
    "fillingDate": "2009-06-03",
    "acceptedDate": "2009-06-03 16:08:21",
    "calendarYear": "2010",
    "period": "Q1",
    "revenue": 425800000,
    "costOfRevenue": 52300000,
    "grossProfit": 373500000,
    "grossProfitRatio": 0.8771723814,
    "researchAndDevelopmentExpenses": 124100000,
    "generalAndAdministrativeExpenses": 45500000,
    "sellingAndMarketingExpenses": 185800000,
    "sellingGeneralAndAdministrativeExpenses": 231300000,
    "otherExpenses": 0,
    "operatingExpenses": 355400000,
    "costAndExpenses": 407700000,
    "interestIncome": 0,
    "interestExpense": 0,
    "depreciationAndAmortization": 27000000,
    "ebitda": 45100000,
    "ebitdaratio": 0.1059182715,
    "operatingIncome": -19400000,
    "operatingIncomeRatio": -0.0455612964,
    "totalOtherIncomeExpensesNet": 0,
    "incomeBeforeTax": -19400000,
    "incomeBeforeTaxRatio": -0.0455612964,
    "incomeTaxExpense": 12700000,
    "netIncome": -32100000,
    "netIncomeRatio": -0.0753875059,
    "eps": -0.14,
    "epsdiluted": -0.14,
    "weightedAverageShsOut": 227100000,
    "weightedAverageShsOutDil": 227100000,
    "link": "https://www.sec.gov/Archives/edgar/data/769397/000119312509124260/0001193125-09-124260-index.htm",
    "finalLink": "https://www.sec.gov/Archives/edgar/data/769397/000119312509124260/d10q.htm"
  },
  {
    "date": "2009-01-31",
    "symbol": "ADSK",
    "reportedCurrency": "USD",
    "cik": "0000769397",
    "fillingDate": "2009-03-20",
    "acceptedDate": "2009-03-20 17:12:00",
    "calendarYear": "2009",
    "period": "Q4",
    "revenue": 489800000,
    "costOfRevenue": 49100000,
    "grossProfit": 440700000,
    "grossProfitRatio": 0.899755002,
    "researchAndDevelopmentExpenses": 144000000,
    "generalAndAdministrativeExpenses": 261400000,
    "sellingAndMarketingExpenses": 0,
    "sellingGeneralAndAdministrativeExpenses": 261400000,
    "otherExpenses": 128900000,
    "operatingExpenses": 534300000,
    "costAndExpenses": 583400000,
    "interestIncome": 0,
    "interestExpense": 3400000,
    "depreciationAndAmortization": 27300000,
    "ebitda": -66300000,
    "ebitdaratio": -0.135361372,
    "operatingIncome": -133800000,
    "operatingIncomeRatio": -0.2731727236,
    "totalOtherIncomeExpensesNet": -1800000,
    "incomeBeforeTax": -129700000,
    "incomeBeforeTaxRatio": -0.26480196,
    "incomeTaxExpense": -30300000,
    "netIncome": -105400000,
    "netIncomeRatio": -0.2151898734,
    "eps": -0.47,
    "epsdiluted": -0.46,
    "weightedAverageShsOut": 226400000,
    "weightedAverageShsOutDil": 227100000,
    "link": "https://www.sec.gov/Archives/edgar/data/769397/000119312509059920/0001193125-09-059920-index.htm",
    "finalLink": "https://www.sec.gov/Archives/edgar/data/769397/000119312509059920/d10k.htm"
  },
  {
    "date": "2008-10-31",
    "symbol": "ADSK",
    "reportedCurrency": "USD",
    "cik": "0000769397",
    "fillingDate": "2008-12-04",
    "acceptedDate": "2008-12-04 09:01:13",
    "calendarYear": "2009",
    "period": "Q3",
    "revenue": 607100000,
    "costOfRevenue": 52700000,
    "grossProfit": 554400000,
    "grossProfitRatio": 0.9131938725,
    "researchAndDevelopmentExpenses": 135200000,
    "generalAndAdministrativeExpenses": 279600000,
    "sellingAndMarketingExpenses": 0,
    "sellingGeneralAndAdministrativeExpenses": 279600000,
    "otherExpenses": 0,
    "operatingExpenses": 414800000,
    "costAndExpenses": 467500000,
    "interestIncome": 0,
    "interestExpense": 0,
    "depreciationAndAmortization": 25400000,
    "ebitda": 139600000,
    "ebitdaratio": 0.2299456432,
    "operatingIncome": 139600000,
    "operatingIncomeRatio": 0.2299456432,
    "totalOtherIncomeExpensesNet": -3400000,
    "incomeBeforeTax": 136200000,
    "incomeBeforeTaxRatio": 0.2243452479,
    "incomeTaxExpense": 31700000,
    "netIncome": 104500000,
    "netIncomeRatio": 0.1721297974,
    "eps": 0.46,
    "epsdiluted": 0.45,
    "weightedAverageShsOut": 225300000,
    "weightedAverageShsOutDil": 230400000,
    "link": "https://www.sec.gov/Archives/edgar/data/769397/000119312508247608/0001193125-08-247608-index.htm",
    "finalLink": "https://www.sec.gov/Archives/edgar/data/769397/000119312508247608/d10q.htm"
  },
  {
    "date": "2008-07-31",
    "symbol": "ADSK",
    "reportedCurrency": "USD",
    "cik": "0000769397",
    "fillingDate": "2008-09-05",
    "acceptedDate": "2008-09-05 16:06:42",
    "calendarYear": "2009",
    "period": "Q2",
    "revenue": 619500000,
    "costOfRevenue": 59500000,
    "grossProfit": 560000000,
    "grossProfitRatio": 0.9039548023,
    "researchAndDevelopmentExpenses": 153200000,
    "generalAndAdministrativeExpenses": 288000000,
    "sellingAndMarketingExpenses": 0,
    "sellingGeneralAndAdministrativeExpenses": 288000000,
    "otherExpenses": 0,
    "operatingExpenses": 441200000,
    "costAndExpenses": 500700000,
    "interestIncome": 0,
    "interestExpense": 0,
    "depreciationAndAmortization": 22200000,
    "ebitda": 118800000,
    "ebitdaratio": 0.1917675545,
    "operatingIncome": 118800000,
    "operatingIncomeRatio": 0.1917675545,
    "totalOtherIncomeExpensesNet": 6300000,
    "incomeBeforeTax": 125100000,
    "incomeBeforeTaxRatio": 0.201937046,
    "incomeTaxExpense": 35300000,
    "netIncome": 89800000,
    "netIncomeRatio": 0.1449556094,
    "eps": 0.4,
    "epsdiluted": 0.39,
    "weightedAverageShsOut": 224200000,
    "weightedAverageShsOutDil": 231100000,
    "link": "https://www.sec.gov/Archives/edgar/data/769397/000119312508191064/0001193125-08-191064-index.htm",
    "finalLink": "https://www.sec.gov/Archives/edgar/data/769397/000119312508191064/d10q.htm"
  },
  {
    "date": "2008-04-30",
    "symbol": "ADSK",
    "reportedCurrency": "USD",
    "cik": "0000769397",
    "fillingDate": "2008-06-02",
    "acceptedDate": "2008-05-30 19:42:09",
    "calendarYear": "2009",
    "period": "Q1",
    "revenue": 598800000,
    "costOfRevenue": 57800000,
    "grossProfit": 541000000,
    "grossProfitRatio": 0.9034736139,
    "researchAndDevelopmentExpenses": 143700000,
    "generalAndAdministrativeExpenses": 277400000,
    "sellingAndMarketingExpenses": 0,
    "sellingGeneralAndAdministrativeExpenses": 277400000,
    "otherExpenses": 0,
    "operatingExpenses": 421100000,
    "costAndExpenses": 478900000,
    "interestIncome": 0,
    "interestExpense": 0,
    "depreciationAndAmortization": 16900000,
    "ebitda": 119900000,
    "ebitdaratio": 0.2002338009,
    "operatingIncome": 119900000,
    "operatingIncomeRatio": 0.2002338009,
    "totalOtherIncomeExpensesNet": 6900000,
    "incomeBeforeTax": 126800000,
    "incomeBeforeTaxRatio": 0.211756847,
    "incomeTaxExpense": 32200000,
    "netIncome": 94600000,
    "netIncomeRatio": 0.1579826319,
    "eps": 0.42,
    "epsdiluted": 0.41,
    "weightedAverageShsOut": 226200000,
    "weightedAverageShsOutDil": 232600000,
    "link": "https://www.sec.gov/Archives/edgar/data/769397/000119312508125979/0001193125-08-125979-index.htm",
    "finalLink": "https://www.sec.gov/Archives/edgar/data/769397/000119312508125979/d10q.htm"
  },
  {
    "date": "2008-01-31",
    "symbol": "ADSK",
    "reportedCurrency": "USD",
    "cik": "0000769397",
    "fillingDate": "2008-03-28",
    "acceptedDate": "2008-03-28 12:05:39",
    "calendarYear": "2008",
    "period": "Q4",
    "revenue": 599100000,
    "costOfRevenue": 50800000,
    "grossProfit": 548300000,
    "grossProfitRatio": 0.9152061425,
    "researchAndDevelopmentExpenses": 132400000,
    "generalAndAdministrativeExpenses": 291800000,
    "sellingAndMarketingExpenses": 0,
    "sellingGeneralAndAdministrativeExpenses": 291800000,
    "otherExpenses": 0,
    "operatingExpenses": 424200000,
    "costAndExpenses": 475000000,
    "interestIncome": 0,
    "interestExpense": 0,
    "depreciationAndAmortization": 17200000,
    "ebitda": 141300000,
    "ebitdaratio": 0.2358537807,
    "operatingIncome": 124100000,
    "operatingIncomeRatio": 0.2071440494,
    "totalOtherIncomeExpensesNet": 6800000,
    "incomeBeforeTax": 130900000,
    "incomeBeforeTaxRatio": 0.2184944083,
    "incomeTaxExpense": 34400000,
    "netIncome": 96500000,
    "netIncomeRatio": 0.1610749458,
    "eps": 0.43,
    "epsdiluted": 0.41,
    "weightedAverageShsOut": 226200000,
    "weightedAverageShsOutDil": 232600000,
    "link": "https://www.sec.gov/Archives/edgar/data/769397/000119312508068567/0001193125-08-068567-index.htm",
    "finalLink": "https://www.sec.gov/Archives/edgar/data/769397/000119312508068567/d10k.htm"
  },
  {
    "date": "2007-10-31",
    "symbol": "ADSK",
    "reportedCurrency": "USD",
    "cik": "0000769397",
    "fillingDate": "2007-12-04",
    "acceptedDate": "2007-12-04 17:00:42",
    "calendarYear": "2008",
    "period": "Q3",
    "revenue": 538400000,
    "costOfRevenue": 51600000,
    "grossProfit": 486800000,
    "grossProfitRatio": 0.9041604755,
    "researchAndDevelopmentExpenses": 123200000,
    "generalAndAdministrativeExpenses": 258000000,
    "sellingAndMarketingExpenses": 0,
    "sellingGeneralAndAdministrativeExpenses": 258000000,
    "otherExpenses": 1900000,
    "operatingExpenses": 381200000,
    "costAndExpenses": 432800000,
    "interestIncome": 0,
    "interestExpense": 0,
    "depreciationAndAmortization": 15500000,
    "ebitda": 105600000,
    "ebitdaratio": 0.1961367013,
    "operatingIncome": 105600000,
    "operatingIncomeRatio": 0.1961367013,
    "totalOtherIncomeExpensesNet": 4400000,
    "incomeBeforeTax": 110000000,
    "incomeBeforeTaxRatio": 0.2043090639,
    "incomeTaxExpense": 25200000,
    "netIncome": 84800000,
    "netIncomeRatio": 0.1575037147,
    "eps": 0.37,
    "epsdiluted": 0.35,
    "weightedAverageShsOut": 229400000,
    "weightedAverageShsOutDil": 239900000,
    "link": "https://www.sec.gov/Archives/edgar/data/769397/000119312507258829/0001193125-07-258829-index.htm",
    "finalLink": "https://www.sec.gov/Archives/edgar/data/769397/000119312507258829/d10q.htm"
  },
  {
    "date": "2007-07-31",
    "symbol": "ADSK",
    "reportedCurrency": "USD",
    "cik": "0000769397",
    "fillingDate": "2007-08-31",
    "acceptedDate": "2007-08-31 17:00:49",
    "calendarYear": "2008",
    "period": "Q2",
    "revenue": 525900000,
    "costOfRevenue": 51900000,
    "grossProfit": 474000000,
    "grossProfitRatio": 0.9013120365,
    "researchAndDevelopmentExpenses": 114900000,
    "generalAndAdministrativeExpenses": 244600000,
    "sellingAndMarketingExpenses": 0,
    "sellingGeneralAndAdministrativeExpenses": 244600000,
    "otherExpenses": 2300000,
    "operatingExpenses": 359500000,
    "costAndExpenses": 411400000,
    "interestIncome": 0,
    "interestExpense": 0,
    "depreciationAndAmortization": 14400000,
    "ebitda": 114500000,
    "ebitdaratio": 0.2177220004,
    "operatingIncome": 114500000,
    "operatingIncomeRatio": 0.2177220004,
    "totalOtherIncomeExpensesNet": 3400000,
    "incomeBeforeTax": 117900000,
    "incomeBeforeTaxRatio": 0.2241871078,
    "incomeTaxExpense": 26300000,
    "netIncome": 91600000,
    "netIncomeRatio": 0.1741776003,
    "eps": 0.4,
    "epsdiluted": 0.38,
    "weightedAverageShsOut": 230300000,
    "weightedAverageShsOutDil": 243000000,
    "link": "https://www.sec.gov/Archives/edgar/data/769397/000119312507194166/0001193125-07-194166-index.htm",
    "finalLink": "https://www.sec.gov/Archives/edgar/data/769397/000119312507194166/d10q.htm"
  },
  {
    "date": "2007-04-30",
    "symbol": "ADSK",
    "reportedCurrency": "USD",
    "cik": "0000769397",
    "fillingDate": "2007-06-08",
    "acceptedDate": "2007-06-08 17:14:54",
    "calendarYear": "2008",
    "period": "Q1",
    "revenue": 508600000,
    "costOfRevenue": 52700000,
    "grossProfit": 455900000,
    "grossProfitRatio": 0.8963822257,
    "researchAndDevelopmentExpenses": 114700000,
    "generalAndAdministrativeExpenses": 239800000,
    "sellingAndMarketingExpenses": 0,
    "sellingGeneralAndAdministrativeExpenses": 239800000,
    "otherExpenses": 2200000,
    "operatingExpenses": 354500000,
    "costAndExpenses": 407200000,
    "interestIncome": 0,
    "interestExpense": 0,
    "depreciationAndAmortization": 14200000,
    "ebitda": 101400000,
    "ebitdaratio": 0.1993708219,
    "operatingIncome": 101400000,
    "operatingIncomeRatio": 0.1993708219,
    "totalOtherIncomeExpensesNet": 9800000,
    "incomeBeforeTax": 111200000,
    "incomeBeforeTaxRatio": 0.2186394023,
    "incomeTaxExpense": 27900000,
    "netIncome": 83300000,
    "netIncomeRatio": 0.1637829335,
    "eps": 0.36,
    "epsdiluted": 0.34,
    "weightedAverageShsOut": 231200000,
    "weightedAverageShsOutDil": 243800000,
    "link": "https://www.sec.gov/Archives/edgar/data/769397/000119312507132663/0001193125-07-132663-index.htm",
    "finalLink": "https://www.sec.gov/Archives/edgar/data/769397/000119312507132663/d10q.htm"
  },
  {
    "date": "2007-01-31",
    "symbol": "ADSK",
    "reportedCurrency": "USD",
    "cik": "0000769397",
    "fillingDate": "2007-06-04",
    "acceptedDate": "2007-06-04 17:08:17",
    "calendarYear": "2007",
    "period": "Q4",
    "revenue": 497400000,
    "costOfRevenue": 54600000,
    "grossProfit": 442800000,
    "grossProfitRatio": 0.8902291918,
    "researchAndDevelopmentExpenses": 100000000,
    "generalAndAdministrativeExpenses": 223100000,
    "sellingAndMarketingExpenses": 0,
    "sellingGeneralAndAdministrativeExpenses": 223100000,
    "otherExpenses": 0,
    "operatingExpenses": 323100000,
    "costAndExpenses": 377700000,
    "interestIncome": 0,
    "interestExpense": 0,
    "depreciationAndAmortization": 14300000,
    "ebitda": 134000000,
    "ebitdaratio": 0.2694008846,
    "operatingIncome": 119700000,
    "operatingIncomeRatio": 0.2406513872,
    "totalOtherIncomeExpensesNet": 4500000,
    "incomeBeforeTax": 124200000,
    "incomeBeforeTaxRatio": 0.2496984318,
    "incomeTaxExpense": 27800000,
    "netIncome": 96400000,
    "netIncomeRatio": 0.1938078006,
    "eps": 0.42,
    "epsdiluted": 0.4,
    "weightedAverageShsOut": 231200000,
    "weightedAverageShsOutDil": 243800000,
    "link": "https://www.sec.gov/Archives/edgar/data/769397/000119312507128970/0001193125-07-128970-index.htm",
    "finalLink": "https://www.sec.gov/Archives/edgar/data/769397/000119312507128970/d10k.htm"
  },
  {
    "date": "2006-10-31",
    "symbol": "ADSK",
    "reportedCurrency": "USD",
    "cik": "0000769397",
    "fillingDate": "2007-06-04",
    "acceptedDate": "2007-06-04 17:05:00",
    "calendarYear": "2007",
    "period": "Q3",
    "revenue": 456800000,
    "costOfRevenue": 56300000,
    "grossProfit": 400500000,
    "grossProfitRatio": 0.8767513135,
    "researchAndDevelopmentExpenses": 108900000,
    "generalAndAdministrativeExpenses": 223000000,
    "sellingAndMarketingExpenses": 0,
    "sellingGeneralAndAdministrativeExpenses": 223000000,
    "otherExpenses": 1800000,
    "operatingExpenses": 331900000,
    "costAndExpenses": 388200000,
    "interestIncome": 0,
    "interestExpense": 0,
    "depreciationAndAmortization": 13200000,
    "ebitda": 68600000,
    "ebitdaratio": 0.1501751313,
    "operatingIncome": 68600000,
    "operatingIncomeRatio": 0.1501751313,
    "totalOtherIncomeExpensesNet": 6000000,
    "incomeBeforeTax": 74600000,
    "incomeBeforeTaxRatio": 0.1633099825,
    "incomeTaxExpense": 16600000,
    "netIncome": 58000000,
    "netIncomeRatio": 0.1269702277,
    "eps": 0.25,
    "epsdiluted": 0.24,
    "weightedAverageShsOut": 230900000,
    "weightedAverageShsOutDil": 242000000,
    "link": "https://www.sec.gov/Archives/edgar/data/769397/000119312507128965/0001193125-07-128965-index.htm",
    "finalLink": "https://www.sec.gov/Archives/edgar/data/769397/000119312507128965/d10q.htm"
  },
  {
    "date": "2006-07-31",
    "symbol": "ADSK",
    "reportedCurrency": "USD",
    "cik": "0000769397",
    "fillingDate": "2007-06-04",
    "acceptedDate": "2007-06-04 17:01:50",
    "calendarYear": "2007",
    "period": "Q2",
    "revenue": 449600000,
    "costOfRevenue": 55800000,
    "grossProfit": 393800000,
    "grossProfitRatio": 0.8758896797,
    "researchAndDevelopmentExpenses": 98000000,
    "generalAndAdministrativeExpenses": 193700000,
    "sellingAndMarketingExpenses": 0,
    "sellingGeneralAndAdministrativeExpenses": 193700000,
    "otherExpenses": 2200000,
    "operatingExpenses": 291700000,
    "costAndExpenses": 347500000,
    "interestIncome": 0,
    "interestExpense": 0,
    "depreciationAndAmortization": 13500000,
    "ebitda": 102100000,
    "ebitdaratio": 0.2270907473,
    "operatingIncome": 102100000,
    "operatingIncomeRatio": 0.2270907473,
    "totalOtherIncomeExpensesNet": 2800000,
    "incomeBeforeTax": 104900000,
    "incomeBeforeTaxRatio": 0.2333185053,
    "incomeTaxExpense": 18100000,
    "netIncome": 86800000,
    "netIncomeRatio": 0.1930604982,
    "eps": 0.38,
    "epsdiluted": 0.36,
    "weightedAverageShsOut": 230500000,
    "weightedAverageShsOutDil": 243100000,
    "link": "https://www.sec.gov/Archives/edgar/data/769397/000119312507128961/0001193125-07-128961-index.htm",
    "finalLink": "https://www.sec.gov/Archives/edgar/data/769397/000119312507128961/d10q.htm"
  },
  {
    "date": "2006-04-30",
    "symbol": "ADSK",
    "reportedCurrency": "USD",
    "cik": "0000769397",
    "fillingDate": "2006-06-06",
    "acceptedDate": "2006-06-05 20:07:46",
    "calendarYear": "2007",
    "period": "Q1",
    "revenue": 436000000,
    "costOfRevenue": 49900000,
    "grossProfit": 386100000,
    "grossProfitRatio": 0.8855504587,
    "researchAndDevelopmentExpenses": 99400000,
    "generalAndAdministrativeExpenses": 227400000,
    "sellingAndMarketingExpenses": 0,
    "sellingGeneralAndAdministrativeExpenses": 227400000,
    "otherExpenses": 2400000,
    "operatingExpenses": 326800000,
    "costAndExpenses": 376700000,
    "interestIncome": 0,
    "interestExpense": 0,
    "depreciationAndAmortization": 12500000,
    "ebitda": 59300000,
    "ebitdaratio": 0.1360091743,
    "operatingIncome": 59300000,
    "operatingIncomeRatio": 0.1360091743,
    "totalOtherIncomeExpensesNet": 3500000,
    "incomeBeforeTax": 62800000,
    "incomeBeforeTaxRatio": 0.1440366972,
    "incomeTaxExpense": 14300000,
    "netIncome": 48500000,
    "netIncomeRatio": 0.1112385321,
    "eps": 0.21,
    "epsdiluted": 0.2,
    "weightedAverageShsOut": 230300000,
    "weightedAverageShsOutDil": 244700000,
    "link": "https://www.sec.gov/Archives/edgar/data/769397/000119312506124545/0001193125-06-124545-index.htm",
    "finalLink": "https://www.sec.gov/Archives/edgar/data/769397/000119312506124545/d10q.htm"
  },
  {
    "date": "2006-01-31",
    "symbol": "ADSK",
    "reportedCurrency": "USD",
    "cik": "0000769397",
    "fillingDate": "2006-03-30",
    "acceptedDate": "2006-03-30 17:16:14",
    "calendarYear": "2006",
    "period": "Q4",
    "revenue": 416835000,
    "costOfRevenue": 40523000,
    "grossProfit": 376312000,
    "grossProfitRatio": 0.9027840752,
    "researchAndDevelopmentExpenses": 88719000,
    "generalAndAdministrativeExpenses": 190346000,
    "sellingAndMarketingExpenses": 0,
    "sellingGeneralAndAdministrativeExpenses": 190346000,
    "otherExpenses": 0,
    "operatingExpenses": 279065000,
    "costAndExpenses": 319588000,
    "interestIncome": 0,
    "interestExpense": 0,
    "depreciationAndAmortization": 9888000,
    "ebitda": 107135000,
    "ebitdaratio": 0.2570201639,
    "operatingIncome": 97247000,
    "operatingIncomeRatio": 0.2332985474,
    "totalOtherIncomeExpensesNet": 4189000,
    "incomeBeforeTax": 101436000,
    "incomeBeforeTaxRatio": 0.2433480874,
    "incomeTaxExpense": 18449000,
    "netIncome": 82987000,
    "netIncomeRatio": 0.1990883683,
    "eps": 0.36,
    "epsdiluted": 0.34,
    "weightedAverageShsOut": 230300000,
    "weightedAverageShsOutDil": 244700000,
    "link": "https://www.sec.gov/Archives/edgar/data/769397/000119312506068809/0001193125-06-068809-index.htm",
    "finalLink": "https://www.sec.gov/Archives/edgar/data/769397/000119312506068809/d10k.htm"
  },
  {
    "date": "2005-10-31",
    "symbol": "ADSK",
    "reportedCurrency": "USD",
    "cik": "0000769397",
    "fillingDate": "2005-12-07",
    "acceptedDate": "2005-12-06 17:57:34",
    "calendarYear": "2006",
    "period": "Q3",
    "revenue": 378262000,
    "costOfRevenue": 42398000,
    "grossProfit": 335864000,
    "grossProfitRatio": 0.8879136683,
    "researchAndDevelopmentExpenses": 74034000,
    "generalAndAdministrativeExpenses": 168793000,
    "sellingAndMarketingExpenses": 0,
    "sellingGeneralAndAdministrativeExpenses": 168793000,
    "otherExpenses": 1636000,
    "operatingExpenses": 242827000,
    "costAndExpenses": 285225000,
    "interestIncome": 0,
    "interestExpense": 0,
    "depreciationAndAmortization": 9524000,
    "ebitda": 104700000,
    "ebitdaratio": 0.2767922763,
    "operatingIncome": 93037000,
    "operatingIncomeRatio": 0.24595915,
    "totalOtherIncomeExpensesNet": 3167000,
    "incomeBeforeTax": 96204000,
    "incomeBeforeTaxRatio": 0.2543316537,
    "incomeTaxExpense": 1667000,
    "netIncome": 94537000,
    "netIncomeRatio": 0.2499246554,
    "eps": 0.42,
    "epsdiluted": 0.38,
    "weightedAverageShsOut": 229600000,
    "weightedAverageShsOutDil": 249500000,
    "link": "https://www.sec.gov/Archives/edgar/data/769397/000119312505237622/0001193125-05-237622-index.htm",
    "finalLink": "https://www.sec.gov/Archives/edgar/data/769397/000119312505237622/d10q.htm"
  },
  {
    "date": "2005-07-31",
    "symbol": "ADSK",
    "reportedCurrency": "USD",
    "cik": "0000769397",
    "fillingDate": "2005-09-02",
    "acceptedDate": "2005-09-02 16:02:48",
    "calendarYear": "2006",
    "period": "Q2",
    "revenue": 372984000,
    "costOfRevenue": 44472000,
    "grossProfit": 328512000,
    "grossProfitRatio": 0.8807670034,
    "researchAndDevelopmentExpenses": 72995000,
    "generalAndAdministrativeExpenses": 166623000,
    "sellingAndMarketingExpenses": 0,
    "sellingGeneralAndAdministrativeExpenses": 166623000,
    "otherExpenses": 0,
    "operatingExpenses": 239618000,
    "costAndExpenses": 284090000,
    "interestIncome": 0,
    "interestExpense": 0,
    "depreciationAndAmortization": 11703000,
    "ebitda": 103115000,
    "ebitdaratio": 0.27645958,
    "operatingIncome": 88894000,
    "operatingIncomeRatio": 0.2383319392,
    "totalOtherIncomeExpensesNet": 2832000,
    "incomeBeforeTax": 91726000,
    "incomeBeforeTaxRatio": 0.2459247582,
    "incomeTaxExpense": 16428000,
    "netIncome": 75298000,
    "netIncomeRatio": 0.2018799734,
    "eps": 0.34,
    "epsdiluted": 0.31,
    "weightedAverageShsOut": 228700000,
    "weightedAverageShsOutDil": 250300000,
    "link": "https://www.sec.gov/Archives/edgar/data/769397/000119312505179876/0001193125-05-179876-index.htm",
    "finalLink": "https://www.sec.gov/Archives/edgar/data/769397/000119312505179876/d10q.htm"
  },
  {
    "date": "2005-04-30",
    "symbol": "ADSK",
    "reportedCurrency": "USD",
    "cik": "0000769397",
    "fillingDate": "2005-06-07",
    "acceptedDate": "2005-06-07 14:56:32",
    "calendarYear": "2006",
    "period": "Q1",
    "revenue": 355119000,
    "costOfRevenue": 43507000,
    "grossProfit": 311612000,
    "grossProfitRatio": 0.8774861384,
    "researchAndDevelopmentExpenses": 65852000,
    "generalAndAdministrativeExpenses": 155138000,
    "sellingAndMarketingExpenses": 0,
    "sellingGeneralAndAdministrativeExpenses": 155138000,
    "otherExpenses": 0,
    "operatingExpenses": 220990000,
    "costAndExpenses": 264497000,
    "interestIncome": 0,
    "interestExpense": 0,
    "depreciationAndAmortization": 12585000,
    "ebitda": 103207000,
    "ebitdaratio": 0.2906265224,
    "operatingIncome": 90622000,
    "operatingIncomeRatio": 0.2551876976,
    "totalOtherIncomeExpensesNet": 3012000,
    "incomeBeforeTax": 93634000,
    "incomeBeforeTaxRatio": 0.2636693615,
    "incomeTaxExpense": 17556000,
    "netIncome": 76078000,
    "netIncomeRatio": 0.2142324122,
    "eps": 0.33,
    "epsdiluted": 0.31,
    "weightedAverageShsOut": 227715000,
    "weightedAverageShsOutDil": 249272000,
    "link": "https://www.sec.gov/Archives/edgar/data/769397/000119312505121478/0001193125-05-121478-index.htm",
    "finalLink": "https://www.sec.gov/Archives/edgar/data/769397/000119312505121478/d10q.htm"
  },
  {
    "date": "2005-01-31",
    "symbol": "ADSK",
    "reportedCurrency": "USD",
    "cik": "0000769397",
    "fillingDate": "2005-03-31",
    "acceptedDate": "2005-03-31 17:15:18",
    "calendarYear": "2005",
    "period": "Q4",
    "revenue": 356155000,
    "costOfRevenue": 43961000,
    "grossProfit": 312194000,
    "grossProfitRatio": 0.8765677865,
    "researchAndDevelopmentExpenses": 63239000,
    "generalAndAdministrativeExpenses": 158994000,
    "sellingAndMarketingExpenses": 0,
    "sellingGeneralAndAdministrativeExpenses": 158994000,
    "otherExpenses": 0,
    "operatingExpenses": 222233000,
    "costAndExpenses": 266194000,
    "interestIncome": 0,
    "interestExpense": 0,
    "depreciationAndAmortization": 13368000,
    "ebitda": 103329000,
    "ebitdaratio": 0.2901236821,
    "operatingIncome": 78150000,
    "operatingIncomeRatio": 0.2194269349,
    "totalOtherIncomeExpensesNet": 4059000,
    "incomeBeforeTax": 82209000,
    "incomeBeforeTaxRatio": 0.2308236582,
    "incomeTaxExpense": 16441000,
    "netIncome": 65768000,
    "netIncomeRatio": 0.1846611728,
    "eps": 0.29,
    "epsdiluted": 0.26,
    "weightedAverageShsOut": 227715000,
    "weightedAverageShsOutDil": 249272000,
    "link": "https://www.sec.gov/Archives/edgar/data/769397/000119312505067261/0001193125-05-067261-index.htm",
    "finalLink": "https://www.sec.gov/Archives/edgar/data/769397/000119312505067261/d10k.htm"
  },
  {
    "date": "2004-10-31",
    "symbol": "ADSK",
    "reportedCurrency": "USD",
    "cik": "0000769397",
    "fillingDate": "2004-12-09",
    "acceptedDate": "2004-12-09 16:01:53",
    "calendarYear": "2005",
    "period": "Q3",
    "revenue": 300158000,
    "costOfRevenue": 43394000,
    "grossProfit": 256764000,
    "grossProfitRatio": 0.8554294738,
    "researchAndDevelopmentExpenses": 59942000,
    "generalAndAdministrativeExpenses": 140042000,
    "sellingAndMarketingExpenses": 0,
    "sellingGeneralAndAdministrativeExpenses": 140042000,
    "otherExpenses": 0,
    "operatingExpenses": 199984000,
    "costAndExpenses": 243378000,
    "interestIncome": 0,
    "interestExpense": 0,
    "depreciationAndAmortization": 13209000,
    "ebitda": 69989000,
    "ebitdaratio": 0.2331738618,
    "operatingIncome": 53858000,
    "operatingIncomeRatio": 0.1794321657,
    "totalOtherIncomeExpensesNet": 2801000,
    "incomeBeforeTax": 56659000,
    "incomeBeforeTaxRatio": 0.1887639177,
    "incomeTaxExpense": -17411000,
    "netIncome": 74070000,
    "netIncomeRatio": 0.2467700344,
    "eps": 0.33,
    "epsdiluted": 0.31,
    "weightedAverageShsOut": 226021072,
    "weightedAverageShsOutDil": 242116334,
    "link": "https://www.sec.gov/Archives/edgar/data/769397/000119312504210314/0001193125-04-210314-index.htm",
    "finalLink": "https://www.sec.gov/Archives/edgar/data/769397/000119312504210314/d10q.htm"
  },
  {
    "date": "2004-07-31",
    "symbol": "ADSK",
    "reportedCurrency": "USD",
    "cik": "0000769397",
    "fillingDate": "2004-09-09",
    "acceptedDate": "2004-09-09 15:29:44",
    "calendarYear": "2005",
    "period": "Q2",
    "revenue": 279578000,
    "costOfRevenue": 40216000,
    "grossProfit": 239362000,
    "grossProfitRatio": 0.8561546331,
    "researchAndDevelopmentExpenses": 58342000,
    "generalAndAdministrativeExpenses": 127959000,
    "sellingAndMarketingExpenses": 0,
    "sellingGeneralAndAdministrativeExpenses": 127959000,
    "otherExpenses": 0,
    "operatingExpenses": 186301000,
    "costAndExpenses": 226517000,
    "interestIncome": 0,
    "interestExpense": 0,
    "depreciationAndAmortization": 12870000,
    "ebitda": 65931000,
    "ebitdaratio": 0.2358232765,
    "operatingIncome": 49344000,
    "operatingIncomeRatio": 0.176494574,
    "totalOtherIncomeExpensesNet": 2179000,
    "incomeBeforeTax": 51523000,
    "incomeBeforeTaxRatio": 0.1842884633,
    "incomeTaxExpense": 12358000,
    "netIncome": 39165000,
    "netIncomeRatio": 0.1400861298,
    "eps": 0.17,
    "epsdiluted": 0.16,
    "weightedAverageShsOut": 226021072,
    "weightedAverageShsOutDil": 242116334,
    "link": "https://www.sec.gov/Archives/edgar/data/769397/000119312504154247/0001193125-04-154247-index.htm",
    "finalLink": "https://www.sec.gov/Archives/edgar/data/769397/000119312504154247/d10q.htm"
  },
  {
    "date": "2004-04-30",
    "symbol": "ADSK",
    "reportedCurrency": "USD",
    "cik": "0000769397",
    "fillingDate": "2004-06-09",
    "acceptedDate": "2004-06-09 16:36:11",
    "calendarYear": "2005",
    "period": "Q1",
    "revenue": 297876000,
    "costOfRevenue": 41872000,
    "grossProfit": 256004000,
    "grossProfitRatio": 0.8594314413,
    "researchAndDevelopmentExpenses": 57881000,
    "generalAndAdministrativeExpenses": 136352000,
    "sellingAndMarketingExpenses": 0,
    "sellingGeneralAndAdministrativeExpenses": 136352000,
    "otherExpenses": 0,
    "operatingExpenses": 194233000,
    "costAndExpenses": 236105000,
    "interestIncome": 0,
    "interestExpense": 0,
    "depreciationAndAmortization": 12502000,
    "ebitda": 74273000,
    "ebitdaratio": 0.2493420081,
    "operatingIncome": 53521000,
    "operatingIncomeRatio": 0.1796754354,
    "totalOtherIncomeExpensesNet": 2416000,
    "incomeBeforeTax": 55937000,
    "incomeBeforeTaxRatio": 0.1877861929,
    "incomeTaxExpense": 13432000,
    "netIncome": 42505000,
    "netIncomeRatio": 0.1426936041,
    "eps": 0.19,
    "epsdiluted": 0.18,
    "weightedAverageShsOut": 224104000,
    "weightedAverageShsOutDil": 238566000,
    "link": "https://www.sec.gov/Archives/edgar/data/769397/000119312504100924/0001193125-04-100924-index.htm",
    "finalLink": "https://www.sec.gov/Archives/edgar/data/769397/000119312504100924/d10q.htm"
  },
  {
    "date": "2004-01-31",
    "symbol": "ADSK",
    "reportedCurrency": "USD",
    "cik": "0000769397",
    "fillingDate": "2004-04-08",
    "acceptedDate": "2004-04-08 17:09:54",
    "calendarYear": "2004",
    "period": "Q4",
    "revenue": 295310000,
    "costOfRevenue": 40917000,
    "grossProfit": 254393000,
    "grossProfitRatio": 0.8614439064,
    "researchAndDevelopmentExpenses": 67641000,
    "generalAndAdministrativeExpenses": 125299000,
    "sellingAndMarketingExpenses": 0,
    "sellingGeneralAndAdministrativeExpenses": 125299000,
    "otherExpenses": 522000,
    "operatingExpenses": 193462000,
    "costAndExpenses": 234379000,
    "interestIncome": 0,
    "interestExpense": 0,
    "depreciationAndAmortization": 14326000,
    "ebitda": 75257000,
    "ebitdaratio": 0.2548406759,
    "operatingIncome": 57748000,
    "operatingIncomeRatio": 0.1955504385,
    "totalOtherIncomeExpensesNet": 8812000,
    "incomeBeforeTax": 66560000,
    "incomeBeforeTaxRatio": 0.2253902679,
    "incomeTaxExpense": 8961000,
    "netIncome": 57599000,
    "netIncomeRatio": 0.195045884,
    "eps": 0.26,
    "epsdiluted": 0.24,
    "weightedAverageShsOut": 224104000,
    "weightedAverageShsOutDil": 238566000,
    "link": "https://www.sec.gov/Archives/edgar/data/769397/000119312504059372/0001193125-04-059372-index.htm",
    "finalLink": "https://www.sec.gov/Archives/edgar/data/769397/000119312504059372/d10k.htm"
  },
  {
    "date": "2003-10-31",
    "symbol": "ADSK",
    "reportedCurrency": "USD",
    "cik": "0000769397",
    "fillingDate": "2003-12-12",
    "acceptedDate": "2003-12-12 13:53:17",
    "calendarYear": "2004",
    "period": "Q3",
    "revenue": 233862000,
    "costOfRevenue": 35364000,
    "grossProfit": 198498000,
    "grossProfitRatio": 0.8487826154,
    "researchAndDevelopmentExpenses": 48562000,
    "generalAndAdministrativeExpenses": 121996000,
    "sellingAndMarketingExpenses": 0,
    "sellingGeneralAndAdministrativeExpenses": 121996000,
    "otherExpenses": 0,
    "operatingExpenses": 170558000,
    "costAndExpenses": 205922000,
    "interestIncome": 0,
    "interestExpense": 0,
    "depreciationAndAmortization": 11837000,
    "ebitda": 27940000,
    "ebitdaratio": 0.1194721673,
    "operatingIncome": 27940000,
    "operatingIncomeRatio": 0.1194721673,
    "totalOtherIncomeExpensesNet": 1805000,
    "incomeBeforeTax": 29745000,
    "incomeBeforeTaxRatio": 0.1271903943,
    "incomeTaxExpense": 7139000,
    "netIncome": 22606000,
    "netIncomeRatio": 0.0966638445,
    "eps": 0.1,
    "epsdiluted": 0.0987,
    "weightedAverageShsOut": 222977000,
    "weightedAverageShsOutDil": 229112000,
    "link": "https://www.sec.gov/Archives/edgar/data/769397/000119312503093490/0001193125-03-093490-index.htm",
    "finalLink": "https://www.sec.gov/Archives/edgar/data/769397/000119312503093490/d10q.htm"
  },
  {
    "date": "2003-07-31",
    "symbol": "ADSK",
    "reportedCurrency": "USD",
    "cik": "0000769397",
    "fillingDate": "2003-09-15",
    "acceptedDate": "2003-09-15 14:41:39",
    "calendarYear": "2004",
    "period": "Q2",
    "revenue": 211705000,
    "costOfRevenue": 34896000,
    "grossProfit": 176809000,
    "grossProfitRatio": 0.8351668595,
    "researchAndDevelopmentExpenses": 45754000,
    "generalAndAdministrativeExpenses": 117114000,
    "sellingAndMarketingExpenses": 0,
    "sellingGeneralAndAdministrativeExpenses": 117114000,
    "otherExpenses": 0,
    "operatingExpenses": 162868000,
    "costAndExpenses": 197764000,
    "interestIncome": 0,
    "interestExpense": 0,
    "depreciationAndAmortization": 11822000,
    "ebitda": 13941000,
    "ebitdaratio": 0.0658510663,
    "operatingIncome": 13941000,
    "operatingIncomeRatio": 0.0658510663,
    "totalOtherIncomeExpensesNet": 3070000,
    "incomeBeforeTax": 17011000,
    "incomeBeforeTaxRatio": 0.0803523771,
    "incomeTaxExpense": -15591000,
    "netIncome": 32602000,
    "netIncomeRatio": 0.1539973076,
    "eps": 0.14,
    "epsdiluted": 0.14,
    "weightedAverageShsOut": 222960000,
    "weightedAverageShsOutDil": 226920000,
    "link": "https://www.sec.gov/Archives/edgar/data/769397/000119312503049499/0001193125-03-049499-index.htm",
    "finalLink": "https://www.sec.gov/Archives/edgar/data/769397/000119312503049499/d10q.htm"
  },
  {
    "date": "2003-04-30",
    "symbol": "ADSK",
    "reportedCurrency": "USD",
    "cik": "0000769397",
    "fillingDate": "2003-06-13",
    "acceptedDate": "2003-06-13 15:29:47",
    "calendarYear": "2004",
    "period": "Q1",
    "revenue": 210766000,
    "costOfRevenue": 36951000,
    "grossProfit": 173815000,
    "grossProfitRatio": 0.8246823491,
    "researchAndDevelopmentExpenses": 47392000,
    "generalAndAdministrativeExpenses": 119816000,
    "sellingAndMarketingExpenses": 0,
    "sellingGeneralAndAdministrativeExpenses": 119816000,
    "otherExpenses": 0,
    "operatingExpenses": 167208000,
    "costAndExpenses": 204159000,
    "interestIncome": 0,
    "interestExpense": 0,
    "depreciationAndAmortization": 12307000,
    "ebitda": 6607000,
    "ebitdaratio": 0.0313475608,
    "operatingIncome": 6607000,
    "operatingIncomeRatio": 0.0313475608,
    "totalOtherIncomeExpensesNet": 3272000,
    "incomeBeforeTax": 9879000,
    "incomeBeforeTaxRatio": 0.0468718864,
    "incomeTaxExpense": 2371000,
    "netIncome": 7508000,
    "netIncomeRatio": 0.0356224438,
    "eps": 0.035,
    "epsdiluted": 0.035,
    "weightedAverageShsOut": 223550000,
    "weightedAverageShsOutDil": 226892000,
    "link": "https://www.sec.gov/Archives/edgar/data/769397/000119312503009874/0001193125-03-009874-index.htm",
    "finalLink": "https://www.sec.gov/Archives/edgar/data/769397/000119312503009874/d10q.htm"
  },
  {
    "date": "2003-01-31",
    "symbol": "ADSK",
    "reportedCurrency": "USD",
    "cik": "0000769397",
    "fillingDate": "2003-04-28",
    "acceptedDate": "2003-04-25 17:32:06",
    "calendarYear": "2003",
    "period": "Q4",
    "revenue": 195516000,
    "costOfRevenue": 33425000,
    "grossProfit": 162091000,
    "grossProfitRatio": 0.8290421244,
    "researchAndDevelopmentExpenses": 39957000,
    "generalAndAdministrativeExpenses": 113558000,
    "sellingAndMarketingExpenses": 0,
    "sellingGeneralAndAdministrativeExpenses": 113558000,
    "otherExpenses": 26000,
    "operatingExpenses": 153541000,
    "costAndExpenses": 186966000,
    "interestIncome": 0,
    "interestExpense": 0,
    "depreciationAndAmortization": 12146000,
    "ebitda": 20696000,
    "ebitdaratio": 0.1058532294,
    "operatingIncome": 1226000,
    "operatingIncomeRatio": 0.0062705866,
    "totalOtherIncomeExpensesNet": 2321000,
    "incomeBeforeTax": 3547000,
    "incomeBeforeTaxRatio": 0.0181417378,
    "incomeTaxExpense": -2866000,
    "netIncome": 6413000,
    "netIncomeRatio": 0.0328003846,
    "eps": 0.029,
    "epsdiluted": 0.028,
    "weightedAverageShsOut": 223550000,
    "weightedAverageShsOutDil": 226892000,
    "link": "https://www.sec.gov/Archives/edgar/data/769397/000119312503002078/0001193125-03-002078-index.htm",
    "finalLink": "https://www.sec.gov/Archives/edgar/data/769397/000119312503002078/d10k.htm"
  },
  {
    "date": "2002-10-31",
    "symbol": "ADSK",
    "reportedCurrency": "USD",
    "cik": "0000769397",
    "fillingDate": "2002-12-11",
    "acceptedDate": "2002-12-11 16:26:35",
    "calendarYear": "2003",
    "period": "Q3",
    "revenue": 188701000,
    "costOfRevenue": 31835000,
    "grossProfit": 156866000,
    "grossProfitRatio": 0.8312939518,
    "researchAndDevelopmentExpenses": 41179000,
    "generalAndAdministrativeExpenses": 28091000,
    "sellingAndMarketingExpenses": 82129000,
    "sellingGeneralAndAdministrativeExpenses": 110220000,
    "otherExpenses": 26000,
    "operatingExpenses": 151425000,
    "costAndExpenses": 183260000,
    "interestIncome": 0,
    "interestExpense": 0,
    "depreciationAndAmortization": 11979000,
    "ebitda": 17420000,
    "ebitdaratio": 0.092315356,
    "operatingIncome": -7845000,
    "operatingIncomeRatio": -0.0415737066,
    "totalOtherIncomeExpensesNet": 2489000,
    "incomeBeforeTax": -5356000,
    "incomeBeforeTaxRatio": -0.0283835274,
    "incomeTaxExpense": -1446000,
    "netIncome": -3910000,
    "netIncomeRatio": -0.0207206109,
    "eps": -0.0173,
    "epsdiluted": -0.0171,
    "weightedAverageShsOut": 226383000,
    "weightedAverageShsOutDil": 229050000,
    "link": "https://www.sec.gov/Archives/edgar/data/769397/000102140802015089/0001021408-02-015089-index.htm",
    "finalLink": "https://www.sec.gov/Archives/edgar/data/769397/000102140802015089/d10q.htm"
  },
  {
    "date": "2002-07-31",
    "symbol": "ADSK",
    "reportedCurrency": "USD",
    "cik": "0000769397",
    "fillingDate": "2002-09-16",
    "acceptedDate": "2002-09-16 13:27:13",
    "calendarYear": "2003",
    "period": "Q2",
    "revenue": 211401000,
    "costOfRevenue": 34210000,
    "grossProfit": 177191000,
    "grossProfitRatio": 0.8381748431,
    "researchAndDevelopmentExpenses": 46642000,
    "generalAndAdministrativeExpenses": 116377000,
    "sellingAndMarketingExpenses": 0,
    "sellingGeneralAndAdministrativeExpenses": 116377000,
    "otherExpenses": 44000,
    "operatingExpenses": 163063000,
    "costAndExpenses": 197273000,
    "interestIncome": 0,
    "interestExpense": 0,
    "depreciationAndAmortization": 12082000,
    "ebitda": 26210000,
    "ebitdaratio": 0.1239823842,
    "operatingIncome": 10393000,
    "operatingIncomeRatio": 0.0491624921,
    "totalOtherIncomeExpensesNet": 5716000,
    "incomeBeforeTax": 16109000,
    "incomeBeforeTaxRatio": 0.0762011533,
    "incomeTaxExpense": 4349000,
    "netIncome": 11760000,
    "netIncomeRatio": 0.0556288759,
    "eps": 0.05,
    "epsdiluted": 0.05,
    "weightedAverageShsOut": 226696000,
    "weightedAverageShsOutDil": 228550000,
    "link": "https://www.sec.gov/Archives/edgar/data/769397/000089843002003452/0000898430-02-003452-index.htm",
    "finalLink": "https://www.sec.gov/Archives/edgar/data/769397/000089843002003452/d10q.htm"
  },
  {
    "date": "2002-04-30",
    "symbol": "ADSK",
    "reportedCurrency": "USD",
    "cik": "0000769397",
    "fillingDate": "2002-05-28",
    "acceptedDate": "2002-05-28 17:19:25",
    "calendarYear": "2003",
    "period": "Q1",
    "revenue": 229327000,
    "costOfRevenue": 40692000,
    "grossProfit": 188635000,
    "grossProfitRatio": 0.8225590532,
    "researchAndDevelopmentExpenses": 45207000,
    "generalAndAdministrativeExpenses": 120495000,
    "sellingAndMarketingExpenses": 0,
    "sellingGeneralAndAdministrativeExpenses": 120495000,
    "otherExpenses": 203000,
    "operatingExpenses": 165905000,
    "costAndExpenses": 206597000,
    "interestIncome": 0,
    "interestExpense": 0,
    "depreciationAndAmortization": 12637000,
    "ebitda": 35367000,
    "ebitdaratio": 0.1542208288,
    "operatingIncome": 21188000,
    "operatingIncomeRatio": 0.0923920864,
    "totalOtherIncomeExpensesNet": 2978000,
    "incomeBeforeTax": 24166000,
    "incomeBeforeTaxRatio": 0.1053779101,
    "incomeTaxExpense": 6525000,
    "netIncome": 17641000,
    "netIncomeRatio": 0.0769250895,
    "eps": 0.08,
    "epsdiluted": 0.075,
    "weightedAverageShsOut": 226516000,
    "weightedAverageShsOutDil": 236804000,
    "link": "https://www.sec.gov/Archives/edgar/data/769397/000102140802007714/0001021408-02-007714-index.htm",
    "finalLink": "https://www.sec.gov/Archives/edgar/data/769397/000102140802007714/d10q.htm"
  },
  {
    "date": "2002-01-31",
    "symbol": "ADSK",
    "reportedCurrency": "USD",
    "cik": "0000769397",
    "fillingDate": "2002-04-30",
    "acceptedDate": "2002-04-30 15:46:02",
    "calendarYear": "2002",
    "period": "Q4",
    "revenue": 254034000,
    "costOfRevenue": 41486000,
    "grossProfit": 212548000,
    "grossProfitRatio": 0.8366911516,
    "researchAndDevelopmentExpenses": 39195000,
    "generalAndAdministrativeExpenses": 122210000,
    "sellingAndMarketingExpenses": 0,
    "sellingGeneralAndAdministrativeExpenses": 122210000,
    "otherExpenses": 5224000,
    "operatingExpenses": 166629000,
    "costAndExpenses": 208115000,
    "interestIncome": 0,
    "interestExpense": 17600000,
    "depreciationAndAmortization": 15679000,
    "ebitda": 61598000,
    "ebitdaratio": 0.2424793532,
    "operatingIncome": 29353000,
    "operatingIncomeRatio": 0.1155475251,
    "totalOtherIncomeExpensesNet": 1745000,
    "incomeBeforeTax": 31098000,
    "incomeBeforeTaxRatio": 0.1224166844,
    "incomeTaxExpense": 9329000,
    "netIncome": 21769000,
    "netIncomeRatio": 0.0856932537,
    "eps": 0.096,
    "epsdiluted": 0.092,
    "weightedAverageShsOut": 226516000,
    "weightedAverageShsOutDil": 236804000,
    "link": "https://www.sec.gov/Archives/edgar/data/769397/000089843002001691/0000898430-02-001691-index.htm",
    "finalLink": "https://www.sec.gov/Archives/edgar/data/769397/000089843002001691/d10k.htm"
  },
  {
    "date": "2001-10-31",
    "symbol": "ADSK",
    "reportedCurrency": "USD",
    "cik": "0000769397",
    "fillingDate": "2001-11-30",
    "acceptedDate": "2001-11-30 00:00:00",
    "calendarYear": "2002",
    "period": "Q3",
    "revenue": 216357000,
    "costOfRevenue": 37799000,
    "grossProfit": 178558000,
    "grossProfitRatio": 0.8252933808,
    "researchAndDevelopmentExpenses": 39637000,
    "generalAndAdministrativeExpenses": 113601000,
    "sellingAndMarketingExpenses": 0,
    "sellingGeneralAndAdministrativeExpenses": 113601000,
    "otherExpenses": 5198000,
    "operatingExpenses": 158436000,
    "costAndExpenses": 196235000,
    "interestIncome": 0,
    "interestExpense": 0,
    "depreciationAndAmortization": 15543000,
    "ebitda": 35665000,
    "ebitdaratio": 0.1648432914,
    "operatingIncome": 12832000,
    "operatingIncomeRatio": 0.0593093822,
    "totalOtherIncomeExpensesNet": 13786000,
    "incomeBeforeTax": 26618000,
    "incomeBeforeTaxRatio": 0.1230281433,
    "incomeTaxExpense": 5147000,
    "netIncome": 21471000,
    "netIncomeRatio": 0.0992387582,
    "eps": 0.0975,
    "epsdiluted": 0.095,
    "weightedAverageShsOut": 217480000,
    "weightedAverageShsOutDil": 224040000,
    "link": "https://www.sec.gov/Archives/edgar/data/769397/000101287001503000/0001012870-01-503000-index.htm",
    "finalLink": "https://www.sec.gov/Archives/edgar/data/769397/000101287001503000/d10q.txt"
  },
  {
    "date": "2001-07-31",
    "symbol": "ADSK",
    "reportedCurrency": "USD",
    "cik": "0000769397",
    "fillingDate": "2001-08-23",
    "acceptedDate": "2001-08-23 00:00:00",
    "calendarYear": "2002",
    "period": "Q2",
    "revenue": 231360000,
    "costOfRevenue": 35193000,
    "grossProfit": 196167000,
    "grossProfitRatio": 0.8478864108,
    "researchAndDevelopmentExpenses": 43583000,
    "generalAndAdministrativeExpenses": 118248000,
    "sellingAndMarketingExpenses": 0,
    "sellingGeneralAndAdministrativeExpenses": 118248000,
    "otherExpenses": 5174000,
    "operatingExpenses": 167005000,
    "costAndExpenses": 202198000,
    "interestIncome": 0,
    "interestExpense": 0,
    "depreciationAndAmortization": 15820000,
    "ebitda": 44982000,
    "ebitdaratio": 0.1944242739,
    "operatingIncome": 19388000,
    "operatingIncomeRatio": 0.0838001383,
    "totalOtherIncomeExpensesNet": 8002000,
    "incomeBeforeTax": 27390000,
    "incomeBeforeTaxRatio": 0.1183869295,
    "incomeTaxExpense": 8217000,
    "netIncome": 19173000,
    "netIncomeRatio": 0.0828708506,
    "eps": 0.0875,
    "epsdiluted": 0.085,
    "weightedAverageShsOut": 216048000,
    "weightedAverageShsOutDil": 222840000,
    "link": "https://www.sec.gov/Archives/edgar/data/769397/000101287001501716/0001012870-01-501716-index.htm",
    "finalLink": "https://www.sec.gov/Archives/edgar/data/769397/000101287001501716/d10q.txt"
  },
  {
    "date": "2001-04-30",
    "symbol": "ADSK",
    "reportedCurrency": "USD",
    "cik": "0000769397",
    "fillingDate": "2001-05-22",
    "acceptedDate": "2001-05-22 00:00:00",
    "calendarYear": "2002",
    "period": "Q1",
    "revenue": 245740000,
    "costOfRevenue": 36725000,
    "grossProfit": 209015000,
    "grossProfitRatio": 0.8505534305,
    "researchAndDevelopmentExpenses": 46159000,
    "generalAndAdministrativeExpenses": 120948000,
    "sellingAndMarketingExpenses": 0,
    "sellingGeneralAndAdministrativeExpenses": 120948000,
    "otherExpenses": 5307000,
    "operatingExpenses": 172414000,
    "costAndExpenses": 209139000,
    "interestIncome": 0,
    "interestExpense": 0,
    "depreciationAndAmortization": 15865000,
    "ebitda": 52466000,
    "ebitdaratio": 0.2135020754,
    "operatingIncome": 36601000,
    "operatingIncomeRatio": 0.1489419712,
    "totalOtherIncomeExpensesNet": 4986000,
    "incomeBeforeTax": 41587000,
    "incomeBeforeTaxRatio": 0.1692317083,
    "incomeTaxExpense": 12476000,
    "netIncome": 27900000,
    "netIncomeRatio": 0.1135346301,
    "eps": 0.13,
    "epsdiluted": 0.13,
    "weightedAverageShsOut": 216132000,
    "weightedAverageShsOutDil": 222748000,
    "link": "https://www.sec.gov/Archives/edgar/data/769397/000101287001500968/0001012870-01-500968-index.htm",
    "finalLink": "https://www.sec.gov/Archives/edgar/data/769397/000101287001500968/d10q.txt"
  },
  {
    "date": "2001-01-31",
    "symbol": "ADSK",
    "reportedCurrency": "USD",
    "cik": "0000769397",
    "fillingDate": "2001-04-27",
    "acceptedDate": "2001-04-27 00:00:00",
    "calendarYear": "2001",
    "period": "Q4",
    "revenue": 264896000,
    "costOfRevenue": 26854000,
    "grossProfit": 238042000,
    "grossProfitRatio": 0.8986243658,
    "researchAndDevelopmentExpenses": 45302000,
    "generalAndAdministrativeExpenses": 137883000,
    "sellingAndMarketingExpenses": 0,
    "sellingGeneralAndAdministrativeExpenses": 137883000,
    "otherExpenses": 16346000,
    "operatingExpenses": 199531000,
    "costAndExpenses": 226385000,
    "interestIncome": 0,
    "interestExpense": 0,
    "depreciationAndAmortization": 16346000,
    "ebitda": 54857000,
    "ebitdaratio": 0.2070888198,
    "operatingIncome": 38511000,
    "operatingIncomeRatio": 0.1453815837,
    "totalOtherIncomeExpensesNet": 4568000,
    "incomeBeforeTax": 43079000,
    "incomeBeforeTaxRatio": 0.1626260872,
    "incomeTaxExpense": 14716000,
    "netIncome": 28363000,
    "netIncomeRatio": 0.1070722095,
    "eps": 0.13,
    "epsdiluted": 0.13,
    "weightedAverageShsOut": 216132000,
    "weightedAverageShsOutDil": 222748000,
    "link": "https://www.sec.gov/Archives/edgar/data/769397/000101287001500493/0001012870-01-500493-index.htm",
    "finalLink": "https://www.sec.gov/Archives/edgar/data/769397/000101287001500493/d10k.txt"
  },
  {
    "date": "2000-10-31",
    "symbol": "ADSK",
    "reportedCurrency": "USD",
    "cik": "0000769397",
    "fillingDate": "2000-12-14",
    "acceptedDate": "2000-12-14 00:00:00",
    "calendarYear": "2001",
    "period": "Q3",
    "revenue": 221849000,
    "costOfRevenue": 27544000,
    "grossProfit": 194305000,
    "grossProfitRatio": 0.8758434791,
    "researchAndDevelopmentExpenses": 42658000,
    "generalAndAdministrativeExpenses": 106365000,
    "sellingAndMarketingExpenses": 0,
    "sellingGeneralAndAdministrativeExpenses": 106365000,
    "otherExpenses": 16196000,
    "operatingExpenses": 165219000,
    "costAndExpenses": 192763000,
    "interestIncome": 0,
    "interestExpense": 0,
    "depreciationAndAmortization": 16196000,
    "ebitda": 45282000,
    "ebitdaratio": 0.2041118058,
    "operatingIncome": 29086000,
    "operatingIncomeRatio": 0.1311071945,
    "totalOtherIncomeExpensesNet": 910000,
    "incomeBeforeTax": 29996000,
    "incomeBeforeTaxRatio": 0.1352090837,
    "incomeTaxExpense": 11485000,
    "netIncome": 18511000,
    "netIncomeRatio": 0.0834396369,
    "eps": 0.0825,
    "epsdiluted": 0.08,
    "weightedAverageShsOut": 226724000,
    "weightedAverageShsOutDil": 228292000,
    "link": "https://www.sec.gov/Archives/edgar/data/769397/000092962400001659/0000929624-00-001659-index.htm",
    "finalLink": "https://www.sec.gov/Archives/edgar/data/769397/000092962400001659/0000929624-00-001659-0001.txt"
  },
  {
    "date": "2000-07-31",
    "symbol": "ADSK",
    "reportedCurrency": "USD",
    "cik": "0000769397",
    "fillingDate": "2000-08-30",
    "acceptedDate": "2000-08-30 00:00:00",
    "calendarYear": "2001",
    "period": "Q2",
    "revenue": 226250000,
    "costOfRevenue": 28555000,
    "grossProfit": 197695000,
    "grossProfitRatio": 0.8737900552,
    "researchAndDevelopmentExpenses": 42272000,
    "generalAndAdministrativeExpenses": 104127000,
    "sellingAndMarketingExpenses": 0,
    "sellingGeneralAndAdministrativeExpenses": 104127000,
    "otherExpenses": 17296000,
    "operatingExpenses": 163695000,
    "costAndExpenses": 192250000,
    "interestIncome": 0,
    "interestExpense": 0,
    "depreciationAndAmortization": 17296000,
    "ebitda": 51296000,
    "ebitdaratio": 0.2267226519,
    "operatingIncome": 34000000,
    "operatingIncomeRatio": 0.1502762431,
    "totalOtherIncomeExpensesNet": -1013000,
    "incomeBeforeTax": 32987000,
    "incomeBeforeTaxRatio": 0.145798895,
    "incomeTaxExpense": 12234000,
    "netIncome": 20753000,
    "netIncomeRatio": 0.0917259669,
    "eps": 0.09,
    "epsdiluted": 0.0875,
    "weightedAverageShsOut": 231008000,
    "weightedAverageShsOutDil": 236292000,
    "link": "https://www.sec.gov/Archives/edgar/data/769397/000092962400001257/0000929624-00-001257-index.htm",
    "finalLink": "https://www.sec.gov/Archives/edgar/data/769397/000092962400001257/0000929624-00-001257-0001.txt"
  },
  {
    "date": "2000-04-30",
    "symbol": "ADSK",
    "reportedCurrency": "USD",
    "cik": "0000769397",
    "fillingDate": "2000-05-30",
    "acceptedDate": "2000-05-30 00:00:00",
    "calendarYear": "2001",
    "period": "Q1",
    "revenue": 223329000,
    "costOfRevenue": 24930000,
    "grossProfit": 198399000,
    "grossProfitRatio": 0.8883709684,
    "researchAndDevelopmentExpenses": 40255000,
    "generalAndAdministrativeExpenses": 101955000,
    "sellingAndMarketingExpenses": 0,
    "sellingGeneralAndAdministrativeExpenses": 101955000,
    "otherExpenses": 19006000,
    "operatingExpenses": 161216000,
    "costAndExpenses": 186146000,
    "interestIncome": 0,
    "interestExpense": 0,
    "depreciationAndAmortization": 19006000,
    "ebitda": 56989000,
    "ebitdaratio": 0.2551795781,
    "operatingIncome": 37183000,
    "operatingIncomeRatio": 0.1664942753,
    "totalOtherIncomeExpensesNet": 1528000,
    "incomeBeforeTax": 38711000,
    "incomeBeforeTaxRatio": 0.1733361991,
    "incomeTaxExpense": 13105000,
    "netIncome": 25606000,
    "netIncomeRatio": 0.114655956,
    "eps": 0.11,
    "epsdiluted": 0.11,
    "weightedAverageShsOut": 233514000,
    "weightedAverageShsOutDil": 243312000,
    "link": "https://www.sec.gov/Archives/edgar/data/769397/000092962400000780/0000929624-00-000780-index.htm",
    "finalLink": "https://www.sec.gov/Archives/edgar/data/769397/000092962400000780/0000929624-00-000780-0001.txt"
  },
  {
    "date": "2000-01-31",
    "symbol": "ADSK",
    "reportedCurrency": "USD",
    "cik": "0000769397",
    "fillingDate": "2000-04-14",
    "acceptedDate": "2000-04-14 00:00:00",
    "calendarYear": "2000",
    "period": "Q4",
    "revenue": 220182000,
    "costOfRevenue": 25848000,
    "grossProfit": 194334000,
    "grossProfitRatio": 0.8826062076,
    "researchAndDevelopmentExpenses": 39585000,
    "generalAndAdministrativeExpenses": 107390000,
    "sellingAndMarketingExpenses": 0,
    "sellingGeneralAndAdministrativeExpenses": 107390000,
    "otherExpenses": 18548000,
    "operatingExpenses": 165523000,
    "costAndExpenses": 191371000,
    "interestIncome": 0,
    "interestExpense": 0,
    "depreciationAndAmortization": 18548000,
    "ebitda": 47359000,
    "ebitdaratio": 0.2150902435,
    "operatingIncome": 28811000,
    "operatingIncomeRatio": 0.1308508416,
    "totalOtherIncomeExpensesNet": 8209000,
    "incomeBeforeTax": 37020000,
    "incomeBeforeTaxRatio": 0.1681336349,
    "incomeTaxExpense": 11812000,
    "netIncome": 25208000,
    "netIncomeRatio": 0.1144871061,
    "eps": 0.11,
    "epsdiluted": 0.1,
    "weightedAverageShsOut": 236020000,
    "weightedAverageShsOutDil": 250332000,
    "link": "https://www.sec.gov/Archives/edgar/data/769397/000092962400000548/0000929624-00-000548-index.html",
    "finalLink": "https://www.sec.gov/Archives/edgar/data/769397/000092962400000548/"
  },
  {
    "date": "1999-10-31",
    "symbol": "ADSK",
    "reportedCurrency": "USD",
    "cik": "0000769397",
    "fillingDate": "1999-12-10",
    "acceptedDate": "1999-12-10 00:00:00",
    "calendarYear": "2000",
    "period": "Q3",
    "revenue": 202100000,
    "costOfRevenue": 24900000,
    "grossProfit": 177200000,
    "grossProfitRatio": 0.8767936665,
    "researchAndDevelopmentExpenses": 41200000,
    "generalAndAdministrativeExpenses": 107600000,
    "sellingAndMarketingExpenses": 0,
    "sellingGeneralAndAdministrativeExpenses": 107600000,
    "otherExpenses": 18100000,
    "operatingExpenses": 166900000,
    "costAndExpenses": 191800000,
    "interestIncome": 0,
    "interestExpense": 0,
    "depreciationAndAmortization": 18100000,
    "ebitda": 28372000,
    "ebitdaratio": 0.1403859476,
    "operatingIncome": 10300000,
    "operatingIncomeRatio": 0.0509648689,
    "totalOtherIncomeExpensesNet": 0,
    "incomeBeforeTax": 2100000,
    "incomeBeforeTaxRatio": 0.0103908956,
    "incomeTaxExpense": 700000,
    "netIncome": 1400000,
    "netIncomeRatio": 0.0069272637,
    "eps": 0.0013,
    "epsdiluted": 0.0013,
    "weightedAverageShsOut": 246400000,
    "weightedAverageShsOutDil": 246400000,
    "link": "https://www.sec.gov/Archives/edgar/data/769397/000092962499002084/0000929624-99-002084-index.html",
    "finalLink": "https://www.sec.gov/Archives/edgar/data/769397/000092962499002084/"
  },
  {
    "date": "1999-07-31",
    "symbol": "ADSK",
    "reportedCurrency": "USD",
    "cik": "0000769397",
    "fillingDate": "1999-09-14",
    "acceptedDate": "1999-09-14 00:00:00",
    "calendarYear": "2000",
    "period": "Q2",
    "revenue": 202900000,
    "costOfRevenue": 21100000,
    "grossProfit": 181800000,
    "grossProfitRatio": 0.8960078857,
    "researchAndDevelopmentExpenses": 44700000,
    "generalAndAdministrativeExpenses": 116100000,
    "sellingAndMarketingExpenses": 0,
    "sellingGeneralAndAdministrativeExpenses": 116100000,
    "otherExpenses": 26300000,
    "operatingExpenses": 187100000,
    "costAndExpenses": 208200000,
    "interestIncome": 0,
    "interestExpense": 0,
    "depreciationAndAmortization": 26300000,
    "ebitda": 21000000,
    "ebitdaratio": 0.1034992607,
    "operatingIncome": -5300000,
    "operatingIncomeRatio": -0.026121242,
    "totalOtherIncomeExpensesNet": 5900000,
    "incomeBeforeTax": 600000,
    "incomeBeforeTaxRatio": 0.0029571217,
    "incomeTaxExpense": 200000,
    "netIncome": 400000,
    "netIncomeRatio": 0.0019714145,
    "eps": 0.0006,
    "epsdiluted": 0.0006,
    "weightedAverageShsOut": 244004000,
    "weightedAverageShsOutDil": 244004000,
    "link": "https://www.sec.gov/Archives/edgar/data/769397/000092962499001701/0000929624-99-001701-index.html",
    "finalLink": "https://www.sec.gov/Archives/edgar/data/769397/000092962499001701/"
  },
  {
    "date": "1999-04-30",
    "symbol": "ADSK",
    "reportedCurrency": "USD",
    "cik": "0000769397",
    "fillingDate": "1999-06-14",
    "acceptedDate": "1999-06-14 00:00:00",
    "calendarYear": "2000",
    "period": "Q1",
    "revenue": 194900000,
    "costOfRevenue": 22800000,
    "grossProfit": 172100000,
    "grossProfitRatio": 0.8830169318,
    "researchAndDevelopmentExpenses": 38600000,
    "generalAndAdministrativeExpenses": 115200000,
    "sellingAndMarketingExpenses": 0,
    "sellingGeneralAndAdministrativeExpenses": 115200000,
    "otherExpenses": 16800000,
    "operatingExpenses": 170600000,
    "costAndExpenses": 193400000,
    "interestIncome": 0,
    "interestExpense": 0,
    "depreciationAndAmortization": 16800000,
    "ebitda": 18339000,
    "ebitdaratio": 0.0940944074,
    "operatingIncome": 1500000,
    "operatingIncomeRatio": 0.0076962545,
    "totalOtherIncomeExpensesNet": -17239000,
    "incomeBeforeTax": -15700000,
    "incomeBeforeTaxRatio": -0.0805541303,
    "incomeTaxExpense": 1400000,
    "netIncome": -17100000,
    "netIncomeRatio": -0.0877373012,
    "eps": -0.0713,
    "epsdiluted": -0.0713,
    "weightedAverageShsOut": 239933035,
    "weightedAverageShsOutDil": 239933035,
    "link": "https://www.sec.gov/Archives/edgar/data/769397/000092962499001102/0000929624-99-001102-index.html",
    "finalLink": "https://www.sec.gov/Archives/edgar/data/769397/000092962499001102/"
  },
  {
    "date": "1999-01-31",
    "symbol": "ADSK",
    "reportedCurrency": "USD",
    "cik": "0000769397",
    "fillingDate": "1999-04-29",
    "acceptedDate": "1999-04-29 00:00:00",
    "calendarYear": "1999",
    "period": "Q4",
    "revenue": 189200000,
    "costOfRevenue": -9700000,
    "grossProfit": 198900000,
    "grossProfitRatio": 1.0512684989,
    "researchAndDevelopmentExpenses": 35000000,
    "generalAndAdministrativeExpenses": 105300000,
    "sellingAndMarketingExpenses": 0,
    "sellingGeneralAndAdministrativeExpenses": 105300000,
    "otherExpenses": 30000000,
    "operatingExpenses": 170300000,
    "costAndExpenses": 160600000,
    "interestIncome": 0,
    "interestExpense": 0,
    "depreciationAndAmortization": 30000000,
    "ebitda": 58600000,
    "ebitdaratio": 0.3097251586,
    "operatingIncome": 28600000,
    "operatingIncomeRatio": 0.1511627907,
    "totalOtherIncomeExpensesNet": 18100000,
    "incomeBeforeTax": 46700000,
    "incomeBeforeTaxRatio": 0.2468287526,
    "incomeTaxExpense": 13600000,
    "netIncome": 33100000,
    "netIncomeRatio": 0.1749471459,
    "eps": 0.14,
    "epsdiluted": 0.14,
    "weightedAverageShsOut": 235862069,
    "weightedAverageShsOutDil": 235862069,
    "link": "https://www.sec.gov/Archives/edgar/data/769397/000092962499000773/0000929624-99-000773-index.html",
    "finalLink": "https://www.sec.gov/Archives/edgar/data/769397/"
  },
  {
    "date": "1998-10-31",
    "symbol": "ADSK",
    "reportedCurrency": "USD",
    "cik": "0000769397",
    "fillingDate": "1998-12-15",
    "acceptedDate": "1998-12-15 00:00:00",
    "calendarYear": "1999",
    "period": "Q3",
    "revenue": 177200000,
    "costOfRevenue": 9100000,
    "grossProfit": 168100000,
    "grossProfitRatio": 0.9486455982,
    "researchAndDevelopmentExpenses": 37300000,
    "generalAndAdministrativeExpenses": 92700000,
    "sellingAndMarketingExpenses": 0,
    "sellingGeneralAndAdministrativeExpenses": 92700000,
    "otherExpenses": 9000000,
    "operatingExpenses": 139000000,
    "costAndExpenses": 148100000,
    "interestIncome": 0,
    "interestExpense": 0,
    "depreciationAndAmortization": 9000000,
    "ebitda": 41000000,
    "ebitdaratio": 0.2313769752,
    "operatingIncome": 29100000,
    "operatingIncomeRatio": 0.164221219,
    "totalOtherIncomeExpensesNet": 2500000,
    "incomeBeforeTax": 31400000,
    "incomeBeforeTaxRatio": 0.1772009029,
    "incomeTaxExpense": 10700000,
    "netIncome": 20700000,
    "netIncomeRatio": 0.1168171558,
    "eps": 0.0194,
    "epsdiluted": 0.0194,
    "weightedAverageShsOut": 187588000,
    "weightedAverageShsOutDil": 187588000,
    "link": "https://www.sec.gov/Archives/edgar/data/769397/000092962498002010/0000929624-98-002010-index.html",
    "finalLink": "https://www.sec.gov/Archives/edgar/data/769397/"
  },
  {
    "date": "1998-07-31",
    "symbol": "ADSK",
    "reportedCurrency": "USD",
    "cik": "0000769397",
    "fillingDate": "1998-09-14",
    "acceptedDate": "1998-09-14 00:00:00",
    "calendarYear": "1999",
    "period": "Q2",
    "revenue": 186600000,
    "costOfRevenue": 6400000,
    "grossProfit": 180200000,
    "grossProfitRatio": 0.9657020364,
    "researchAndDevelopmentExpenses": 35100000,
    "generalAndAdministrativeExpenses": 93700000,
    "sellingAndMarketingExpenses": 0,
    "sellingGeneralAndAdministrativeExpenses": 93700000,
    "otherExpenses": 11900000,
    "operatingExpenses": 140700000,
    "costAndExpenses": 147100000,
    "interestIncome": 0,
    "interestExpense": 0,
    "depreciationAndAmortization": 11900000,
    "ebitda": 61300000,
    "ebitdaratio": 0.3285101822,
    "operatingIncome": 39500000,
    "operatingIncomeRatio": 0.2116827438,
    "totalOtherIncomeExpensesNet": -12900000,
    "incomeBeforeTax": 26400000,
    "incomeBeforeTaxRatio": 0.1414790997,
    "incomeTaxExpense": 17300000,
    "netIncome": 9100000,
    "netIncomeRatio": 0.0487674169,
    "eps": 0.0306,
    "epsdiluted": 0.0288,
    "weightedAverageShsOut": 185528000,
    "weightedAverageShsOutDil": 185528000,
    "link": "https://www.sec.gov/Archives/edgar/data/769397/000101287098002399/0001012870-98-002399-index.html",
    "finalLink": "https://www.sec.gov/Archives/edgar/data/769397/"
  },
  {
    "date": "1998-04-30",
    "symbol": "ADSK",
    "reportedCurrency": "USD",
    "cik": "0000769397",
    "fillingDate": "1998-06-10",
    "acceptedDate": "1998-06-10 00:00:00",
    "calendarYear": "1999",
    "period": "Q1",
    "revenue": 187200000,
    "costOfRevenue": 7400000,
    "grossProfit": 179800000,
    "grossProfitRatio": 0.9604700855,
    "researchAndDevelopmentExpenses": 35400000,
    "generalAndAdministrativeExpenses": 92500000,
    "sellingAndMarketingExpenses": 0,
    "sellingGeneralAndAdministrativeExpenses": 92500000,
    "otherExpenses": 12300000,
    "operatingExpenses": 140200000,
    "costAndExpenses": 147600000,
    "interestIncome": 0,
    "interestExpense": 0,
    "depreciationAndAmortization": 12300000,
    "ebitda": 60800000,
    "ebitdaratio": 0.3247863248,
    "operatingIncome": 39600000,
    "operatingIncomeRatio": 0.2115384615,
    "totalOtherIncomeExpensesNet": 2400000,
    "incomeBeforeTax": 41800000,
    "incomeBeforeTaxRatio": 0.2232905983,
    "incomeTaxExpense": 14200000,
    "netIncome": 27600000,
    "netIncomeRatio": 0.1474358974,
    "eps": 0.0319,
    "epsdiluted": 0.03,
    "weightedAverageShsOut": 188076000,
    "weightedAverageShsOutDil": 188076000,
    "link": "https://www.sec.gov/Archives/edgar/data/769397/000092962498001120/0000929624-98-001120-index.html",
    "finalLink": "https://www.sec.gov/Archives/edgar/data/769397/"
  },
  {
    "date": "1998-01-31",
    "symbol": "ADSK",
    "reportedCurrency": "USD",
    "cik": "0000769397",
    "fillingDate": "1998-04-28",
    "acceptedDate": "1998-04-28 00:00:00",
    "calendarYear": "1998",
    "period": "Q4",
    "revenue": 181800000,
    "costOfRevenue": 6200000,
    "grossProfit": 175600000,
    "grossProfitRatio": 0.9658965897,
    "researchAndDevelopmentExpenses": 31300000,
    "generalAndAdministrativeExpenses": 88300000,
    "sellingAndMarketingExpenses": 0,
    "sellingGeneralAndAdministrativeExpenses": 88300000,
    "otherExpenses": 12400000,
    "operatingExpenses": 132000000,
    "costAndExpenses": 138200000,
    "interestIncome": 0,
    "interestExpense": 0,
    "depreciationAndAmortization": 12400000,
    "ebitda": 56000000,
    "ebitdaratio": 0.3080308031,
    "operatingIncome": 43600000,
    "operatingIncomeRatio": 0.2398239824,
    "totalOtherIncomeExpensesNet": 2300000,
    "incomeBeforeTax": 45900000,
    "incomeBeforeTaxRatio": 0.2524752475,
    "incomeTaxExpense": 16500000,
    "netIncome": 29400000,
    "netIncomeRatio": 0.1617161716,
    "eps": 0.16,
    "epsdiluted": 0.15,
    "weightedAverageShsOut": 184000000,
    "weightedAverageShsOutDil": 200727273,
    "link": "https://www.sec.gov/Archives/edgar/data/769397/000092962498000825/0000929624-98-000825-index.html",
    "finalLink": "https://www.sec.gov/Archives/edgar/data/769397/"
  },
  {
    "date": "1997-10-31",
    "symbol": "ADSK",
    "reportedCurrency": "USD",
    "cik": "0000769397",
    "fillingDate": "1997-12-15",
    "acceptedDate": "1997-12-15 00:00:00",
    "calendarYear": "1998",
    "period": "Q3",
    "revenue": 162200000,
    "costOfRevenue": 6100000,
    "grossProfit": 156100000,
    "grossProfitRatio": 0.9623921085,
    "researchAndDevelopmentExpenses": 33100000,
    "generalAndAdministrativeExpenses": 81500000,
    "sellingAndMarketingExpenses": 0,
    "sellingGeneralAndAdministrativeExpenses": 81500000,
    "otherExpenses": 11400000,
    "operatingExpenses": 126000000,
    "costAndExpenses": 132100000,
    "interestIncome": 0,
    "interestExpense": 0,
    "depreciationAndAmortization": 11400000,
    "ebitda": 41500000,
    "ebitdaratio": 0.2558569667,
    "operatingIncome": 30100000,
    "operatingIncomeRatio": 0.1855733662,
    "totalOtherIncomeExpensesNet": 2700000,
    "incomeBeforeTax": 32800000,
    "incomeBeforeTaxRatio": 0.2022194821,
    "incomeTaxExpense": 11800000,
    "netIncome": 21000000,
    "netIncomeRatio": 0.1294697904,
    "eps": 0.0275,
    "epsdiluted": 0.0256,
    "weightedAverageShsOut": 186548000,
    "weightedAverageShsOutDil": 186548000,
    "link": "https://www.sec.gov/Archives/edgar/data/769397/000092962497001545/0000929624-97-001545-index.html",
    "finalLink": "https://www.sec.gov/Archives/edgar/data/769397/"
  },
  {
    "date": "1997-07-31",
    "symbol": "ADSK",
    "reportedCurrency": "USD",
    "cik": "0000769397",
    "fillingDate": "1997-09-15",
    "acceptedDate": "1997-09-15 00:00:00",
    "calendarYear": "1998",
    "period": "Q2",
    "revenue": 154100000,
    "costOfRevenue": 6700000,
    "grossProfit": 147400000,
    "grossProfitRatio": 0.9565217391,
    "researchAndDevelopmentExpenses": 30400000,
    "generalAndAdministrativeExpenses": 79500000,
    "sellingAndMarketingExpenses": 0,
    "sellingGeneralAndAdministrativeExpenses": 79500000,
    "otherExpenses": 12000000,
    "operatingExpenses": 121900000,
    "costAndExpenses": 128600000,
    "interestIncome": 0,
    "interestExpense": 0,
    "depreciationAndAmortization": 12000000,
    "ebitda": 37500000,
    "ebitdaratio": 0.243348475,
    "operatingIncome": 25500000,
    "operatingIncomeRatio": 0.165476963,
    "totalOtherIncomeExpensesNet": 2300000,
    "incomeBeforeTax": 27800000,
    "incomeBeforeTaxRatio": 0.1804023361,
    "incomeTaxExpense": 10000000,
    "netIncome": 17800000,
    "netIncomeRatio": 0.1155094095,
    "eps": 0.0213,
    "epsdiluted": 0.0213,
    "weightedAverageShsOut": 193412000,
    "weightedAverageShsOutDil": 193412000,
    "link": "https://www.sec.gov/Archives/edgar/data/769397/000101287097001789/0001012870-97-001789-index.html",
    "finalLink": "https://www.sec.gov/Archives/edgar/data/769397/"
  },
  {
    "date": "1997-04-30",
    "symbol": "ADSK",
    "reportedCurrency": "USD",
    "cik": "0000769397",
    "fillingDate": "1997-06-16",
    "acceptedDate": "1997-06-16 00:00:00",
    "calendarYear": "1998",
    "period": "Q1",
    "revenue": 119000000,
    "costOfRevenue": 7900000,
    "grossProfit": 111100000,
    "grossProfitRatio": 0.9336134454,
    "researchAndDevelopmentExpenses": 27600000,
    "generalAndAdministrativeExpenses": 71000000,
    "sellingAndMarketingExpenses": 0,
    "sellingGeneralAndAdministrativeExpenses": 71000000,
    "otherExpenses": 8100000,
    "operatingExpenses": 106700000,
    "costAndExpenses": 114600000,
    "interestIncome": 0,
    "interestExpense": 0,
    "depreciationAndAmortization": 8100000,
    "ebitda": 12500000,
    "ebitdaratio": 0.1050420168,
    "operatingIncome": 4400000,
    "operatingIncomeRatio": 0.0369747899,
    "totalOtherIncomeExpensesNet": -55800000,
    "incomeBeforeTax": -51400000,
    "incomeBeforeTaxRatio": -0.4319327731,
    "incomeTaxExpense": 1300000,
    "netIncome": -52700000,
    "netIncomeRatio": -0.4428571429,
    "eps": -0.28,
    "epsdiluted": -0.28,
    "weightedAverageShsOut": 191628000,
    "weightedAverageShsOutDil": 191628000,
    "link": "https://www.sec.gov/Archives/edgar/data/769397/000092962497000737/0000929624-97-000737-index.html",
    "finalLink": "https://www.sec.gov/Archives/edgar/data/769397/"
  },
  {
    "date": "1997-01-31",
    "symbol": "ADSK",
    "reportedCurrency": "USD",
    "cik": "0000769397",
    "fillingDate": "1997-05-01",
    "acceptedDate": "1997-05-01 00:00:00",
    "calendarYear": "1997",
    "period": "Q4",
    "revenue": 115000000,
    "costOfRevenue": 5400000,
    "grossProfit": 109600000,
    "grossProfitRatio": 0.9530434783,
    "researchAndDevelopmentExpenses": 24200000,
    "generalAndAdministrativeExpenses": 68600000,
    "sellingAndMarketingExpenses": 0,
    "sellingGeneralAndAdministrativeExpenses": 68600000,
    "otherExpenses": 9800000,
    "operatingExpenses": 102600000,
    "costAndExpenses": 108000000,
    "interestIncome": 0,
    "interestExpense": 0,
    "depreciationAndAmortization": 9800000,
    "ebitda": 16800000,
    "ebitdaratio": 0.1460869565,
    "operatingIncome": 7000000,
    "operatingIncomeRatio": 0.0608695652,
    "totalOtherIncomeExpensesNet": 2300000,
    "incomeBeforeTax": 9300000,
    "incomeBeforeTaxRatio": 0.0808695652,
    "incomeTaxExpense": 3300000,
    "netIncome": 6000000,
    "netIncomeRatio": 0.052173913,
    "eps": 0.033,
    "epsdiluted": 0.033,
    "weightedAverageShsOut": 183304348,
    "weightedAverageShsOutDil": 183304348,
    "link": "https://www.sec.gov/Archives/edgar/data/769397/000092962497000492/0000929624-97-000492-index.html",
    "finalLink": "https://www.sec.gov/Archives/edgar/data/769397/"
  },
  {
    "date": "1996-10-31",
    "symbol": "ADSK",
    "reportedCurrency": "USD",
    "cik": "0000769397",
    "fillingDate": "1996-12-16",
    "acceptedDate": "1996-12-16 00:00:00",
    "calendarYear": "1997",
    "period": "Q3",
    "revenue": 116600000,
    "costOfRevenue": 6200000,
    "grossProfit": 110400000,
    "grossProfitRatio": 0.9468267581,
    "researchAndDevelopmentExpenses": 23700000,
    "generalAndAdministrativeExpenses": 68700000,
    "sellingAndMarketingExpenses": 0,
    "sellingGeneralAndAdministrativeExpenses": 68700000,
    "otherExpenses": 9000000,
    "operatingExpenses": 101400000,
    "costAndExpenses": 107600000,
    "interestIncome": 0,
    "interestExpense": 0,
    "depreciationAndAmortization": 9000000,
    "ebitda": 18000000,
    "ebitdaratio": 0.154373928,
    "operatingIncome": 9000000,
    "operatingIncomeRatio": 0.077186964,
    "totalOtherIncomeExpensesNet": 100000,
    "incomeBeforeTax": 9100000,
    "incomeBeforeTaxRatio": 0.0780445969,
    "incomeTaxExpense": 3200000,
    "netIncome": 5900000,
    "netIncomeRatio": 0.0506003431,
    "eps": 0.0081,
    "epsdiluted": 0.0081,
    "weightedAverageShsOut": 192400000,
    "weightedAverageShsOutDil": 192400000,
    "link": "https://www.sec.gov/Archives/edgar/data/769397/000092962496000309/0000929624-96-000309-index.html",
    "finalLink": "https://www.sec.gov/Archives/edgar/data/769397/"
  },
  {
    "date": "1996-07-31",
    "symbol": "ADSK",
    "reportedCurrency": "USD",
    "cik": "0000769397",
    "fillingDate": "1996-09-16",
    "acceptedDate": "1996-09-16 00:00:00",
    "calendarYear": "1997",
    "period": "Q2",
    "revenue": 128700000,
    "costOfRevenue": 8100000,
    "grossProfit": 120600000,
    "grossProfitRatio": 0.9370629371,
    "researchAndDevelopmentExpenses": 22900000,
    "generalAndAdministrativeExpenses": 68900000,
    "sellingAndMarketingExpenses": 0,
    "sellingGeneralAndAdministrativeExpenses": 68900000,
    "otherExpenses": 8500000,
    "operatingExpenses": 100300000,
    "costAndExpenses": 108400000,
    "interestIncome": 0,
    "interestExpense": 0,
    "depreciationAndAmortization": 8500000,
    "ebitda": 25600000,
    "ebitdaratio": 0.1989121989,
    "operatingIncome": 20300000,
    "operatingIncomeRatio": 0.1577311577,
    "totalOtherIncomeExpensesNet": -1800000,
    "incomeBeforeTax": 18500000,
    "incomeBeforeTaxRatio": 0.1437451437,
    "incomeTaxExpense": 7900000,
    "netIncome": 10600000,
    "netIncomeRatio": 0.0823620824,
    "eps": 0.0138,
    "epsdiluted": 0.0138,
    "weightedAverageShsOut": 192400000,
    "weightedAverageShsOutDil": 192400000,
    "link": "https://www.sec.gov/Archives/edgar/data/769397/000092962496000188/0000929624-96-000188-index.html",
    "finalLink": "https://www.sec.gov/Archives/edgar/data/769397/"
  },
  {
    "date": "1996-04-30",
    "symbol": "ADSK",
    "reportedCurrency": "USD",
    "cik": "0000769397",
    "fillingDate": "1996-06-14",
    "acceptedDate": "1996-06-14 00:00:00",
    "calendarYear": "1997",
    "period": "Q1",
    "revenue": 136300000,
    "costOfRevenue": 9800000,
    "grossProfit": 126500000,
    "grossProfitRatio": 0.9280997799,
    "researchAndDevelopmentExpenses": 22900000,
    "generalAndAdministrativeExpenses": 68000000,
    "sellingAndMarketingExpenses": 0,
    "sellingGeneralAndAdministrativeExpenses": 68000000,
    "otherExpenses": 7500000,
    "operatingExpenses": 98400000,
    "costAndExpenses": 108200000,
    "interestIncome": 0,
    "interestExpense": 0,
    "depreciationAndAmortization": 7500000,
    "ebitda": 35600000,
    "ebitdaratio": 0.2611885547,
    "operatingIncome": 28100000,
    "operatingIncomeRatio": 0.206162876,
    "totalOtherIncomeExpensesNet": 1500000,
    "incomeBeforeTax": 29600000,
    "incomeBeforeTaxRatio": 0.2171680117,
    "incomeTaxExpense": 10500000,
    "netIncome": 19100000,
    "netIncomeRatio": 0.1401320616,
    "eps": 0.0244,
    "epsdiluted": 0.0244,
    "weightedAverageShsOut": 184328000,
    "weightedAverageShsOutDil": 184328000,
    "link": "https://www.sec.gov/Archives/edgar/data/769397/000092962496000084/0000929624-96-000084-index.html",
    "finalLink": "https://www.sec.gov/Archives/edgar/data/769397/"
  },
  {
    "date": "1996-01-31",
    "symbol": "ADSK",
    "reportedCurrency": "USD",
    "cik": "0000769397",
    "fillingDate": "1996-04-30",
    "acceptedDate": "1996-04-30 00:00:00",
    "calendarYear": "1996",
    "period": "Q4",
    "revenue": 126300000,
    "costOfRevenue": 11000000,
    "grossProfit": 115300000,
    "grossProfitRatio": 0.9129057799,
    "researchAndDevelopmentExpenses": 20500000,
    "generalAndAdministrativeExpenses": 66200000,
    "sellingAndMarketingExpenses": 0,
    "sellingGeneralAndAdministrativeExpenses": 66200000,
    "otherExpenses": 5000000,
    "operatingExpenses": 91700000,
    "costAndExpenses": 102700000,
    "interestIncome": 0,
    "interestExpense": 0,
    "depreciationAndAmortization": 5000000,
    "ebitda": 28600000,
    "ebitdaratio": 0.2264449723,
    "operatingIncome": 23600000,
    "operatingIncomeRatio": 0.1868566904,
    "totalOtherIncomeExpensesNet": 2100000,
    "incomeBeforeTax": 25700000,
    "incomeBeforeTaxRatio": 0.2034837688,
    "incomeTaxExpense": 9400000,
    "netIncome": 16300000,
    "netIncomeRatio": 0.1290577989,
    "eps": 0.087,
    "epsdiluted": 0.083,
    "weightedAverageShsOut": 186341463,
    "weightedAverageShsOutDil": 195897436,
    "link": "https://www.sec.gov/Archives/edgar/data/769397/000094420996000032/0000944209-96-000032-index.html",
    "finalLink": "https://www.sec.gov/Archives/edgar/data/769397/"
  },
  {
    "date": "1995-10-31",
    "symbol": "ADSK",
    "reportedCurrency": "USD",
    "cik": "0000769397",
    "fillingDate": "1995-12-15",
    "acceptedDate": "1995-12-15 00:00:00",
    "calendarYear": "1996",
    "period": "Q3",
    "revenue": 128500000,
    "costOfRevenue": 9500000,
    "grossProfit": 119000000,
    "grossProfitRatio": 0.9260700389,
    "researchAndDevelopmentExpenses": 19600000,
    "generalAndAdministrativeExpenses": 64700000,
    "sellingAndMarketingExpenses": 0,
    "sellingGeneralAndAdministrativeExpenses": 64700000,
    "otherExpenses": 6600000,
    "operatingExpenses": 90900000,
    "costAndExpenses": 100400000,
    "interestIncome": 0,
    "interestExpense": 0,
    "depreciationAndAmortization": 6600000,
    "ebitda": 34700000,
    "ebitdaratio": 0.2700389105,
    "operatingIncome": 28100000,
    "operatingIncomeRatio": 0.2186770428,
    "totalOtherIncomeExpensesNet": 2100000,
    "incomeBeforeTax": 30200000,
    "incomeBeforeTaxRatio": 0.2350194553,
    "incomeTaxExpense": 11000000,
    "netIncome": 19200000,
    "netIncomeRatio": 0.1494163424,
    "eps": 0.0238,
    "epsdiluted": 0.0238,
    "weightedAverageShsOut": 185404000,
    "weightedAverageShsOutDil": 185404000,
    "link": "https://www.sec.gov/Archives/edgar/data/769397/000095010995005298/0000950109-95-005298-index.html",
    "finalLink": "https://www.sec.gov/Archives/edgar/data/769397/"
  }
]