[
  {
    "date": "2025-01-31",
    "symbol": "ADSK",
    "reportedCurrency": "USD",
    "cik": "0000769397",
    "fillingDate": "2025-03-06",
    "acceptedDate": "2025-03-06 16:24:13",
    "calendarYear": "2025",
    "period": "FY",
    "revenue": 6131000000,
    "costOfRevenue": 578000000,
    "grossProfit": 5553000000,
    "grossProfitRatio": 0.9057250041,
    "researchAndDevelopmentExpenses": 1485000000,
    "generalAndAdministrativeExpenses": 650000000,
    "sellingAndMarketingExpenses": 2000000000,
    "sellingGeneralAndAdministrativeExpenses": 2650000000,
    "otherExpenses": 64000000,
    "operatingExpenses": 4199000000,
    "costAndExpenses": 4777000000,
    "interestIncome": 28000000,
    "interestExpense": 0,
    "depreciationAndAmortization": 180000000,
    "ebitda": 1549000000,
    "ebitdaratio": 0.2526504649,
    "operatingIncome": 1354000000,
    "operatingIncomeRatio": 0.2208448866,
    "totalOtherIncomeExpensesNet": 30000000,
    "incomeBeforeTax": 1384000000,
    "incomeBeforeTaxRatio": 0.2257380525,
    "incomeTaxExpense": 272000000,
    "netIncome": 1112000000,
    "netIncomeRatio": 0.1813733486,
    "eps": 5.17,
    "epsdiluted": 5.12,
    "weightedAverageShsOut": 215000000,
    "weightedAverageShsOutDil": 217000000,
    "link": "https://www.sec.gov/Archives/edgar/data/769397/000076939725000019/0000769397-25-000019-index.htm",
    "finalLink": "https://www.sec.gov/Archives/edgar/data/769397/000076939725000019/adsk-20250131.htm"
  },
  {
    "date": "2024-01-31",
    "symbol": "ADSK",
    "reportedCurrency": "USD",
    "cik": "0000769397",
    "fillingDate": "2024-06-10",
    "acceptedDate": "2024-06-10 16:16:30",
    "calendarYear": "2024",
    "period": "FY",
    "revenue": 5440000000,
    "costOfRevenue": 553000000,
    "grossProfit": 4887000000,
    "grossProfitRatio": 0.8983455882,
    "researchAndDevelopmentExpenses": 1372000000,
    "generalAndAdministrativeExpenses": 0,
    "sellingAndMarketingExpenses": 0,
    "sellingGeneralAndAdministrativeExpenses": 2402000000,
    "otherExpenses": 0,
    "operatingExpenses": 3774000000,
    "costAndExpenses": 4327000000,
    "interestIncome": 26000000,
    "interestExpense": 0,
    "depreciationAndAmortization": 137000000,
    "ebitda": 1273000000,
    "ebitdaratio": 0.2340073529,
    "operatingIncome": 1113000000,
    "operatingIncomeRatio": 0.2045955882,
    "totalOtherIncomeExpensesNet": 23000000,
    "incomeBeforeTax": 1136000000,
    "incomeBeforeTaxRatio": 0.2088235294,
    "incomeTaxExpense": 230000000,
    "netIncome": 906000000,
    "netIncomeRatio": 0.1665441176,
    "eps": 4.19,
    "epsdiluted": 4.19,
    "weightedAverageShsOut": 216000000,
    "weightedAverageShsOutDil": 216000000,
    "link": "https://www.sec.gov/Archives/edgar/data/769397/000076939724000090/0000769397-24-000090-index.htm",
    "finalLink": "https://www.sec.gov/Archives/edgar/data/769397/000076939724000090/adsk-20240131.htm"
  },
  {
    "date": "2023-01-31",
    "symbol": "ADSK",
    "reportedCurrency": "USD",
    "cik": "0000769397",
    "fillingDate": "2023-03-14",
    "acceptedDate": "2023-03-14 16:23:47",
    "calendarYear": "2023",
    "period": "FY",
    "revenue": 4945000000,
    "costOfRevenue": 517000000,
    "grossProfit": 4428000000,
    "grossProfitRatio": 0.8954499494,
    "researchAndDevelopmentExpenses": 1214000000,
    "generalAndAdministrativeExpenses": 0,
    "sellingAndMarketingExpenses": 0,
    "sellingGeneralAndAdministrativeExpenses": 2222000000,
    "otherExpenses": 0,
    "operatingExpenses": 3436000000,
    "costAndExpenses": 3953000000,
    "interestIncome": 0,
    "interestExpense": 71000000,
    "depreciationAndAmortization": 148000000,
    "ebitda": 1165000000,
    "ebitdaratio": 0.2355915066,
    "operatingIncome": 992000000,
    "operatingIncomeRatio": 0.2006066734,
    "totalOtherIncomeExpensesNet": -46000000,
    "incomeBeforeTax": 946000000,
    "incomeBeforeTaxRatio": 0.1913043478,
    "incomeTaxExpense": 123000000,
    "netIncome": 823000000,
    "netIncomeRatio": 0.1664307381,
    "eps": 3.81,
    "epsdiluted": 3.78,
    "weightedAverageShsOut": 216000000,
    "weightedAverageShsOutDil": 218000000,
    "link": "https://www.sec.gov/Archives/edgar/data/769397/000076939723000036/0000769397-23-000036-index.htm",
    "finalLink": "https://www.sec.gov/Archives/edgar/data/769397/000076939723000036/adsk-20230131.htm"
  },
  {
    "date": "2022-01-31",
    "symbol": "ADSK",
    "reportedCurrency": "USD",
    "cik": "0000769397",
    "fillingDate": "2022-03-14",
    "acceptedDate": "2022-03-14 16:03:37",
    "calendarYear": "2022",
    "period": "FY",
    "revenue": 4398300000,
    "costOfRevenue": 458000000,
    "grossProfit": 3940300000,
    "grossProfitRatio": 0.8958688584,
    "researchAndDevelopmentExpenses": 1113600000,
    "generalAndAdministrativeExpenses": 0,
    "sellingAndMarketingExpenses": 0,
    "sellingGeneralAndAdministrativeExpenses": 2165900000,
    "otherExpenses": 0,
    "operatingExpenses": 3279500000,
    "costAndExpenses": 3737500000,
    "interestIncome": 0,
    "interestExpense": 76200000,
    "depreciationAndAmortization": 148100000,
    "ebitda": 789000000,
    "ebitdaratio": 0.1793874906,
    "operatingIncome": 660800000,
    "operatingIncomeRatio": 0.1502398654,
    "totalOtherIncomeExpensesNet": -96100000,
    "incomeBeforeTax": 564700000,
    "incomeBeforeTaxRatio": 0.1283905145,
    "incomeTaxExpense": 67700000,
    "netIncome": 497000000,
    "netIncomeRatio": 0.1129982039,
    "eps": 2.26,
    "epsdiluted": 2.24,
    "weightedAverageShsOut": 219700000,
    "weightedAverageShsOutDil": 222000000,
    "link": "https://www.sec.gov/Archives/edgar/data/769397/000076939722000019/0000769397-22-000019-index.htm",
    "finalLink": "https://www.sec.gov/Archives/edgar/data/769397/000076939722000019/adsk-20220131.htm"
  },
  {
    "date": "2021-01-31",
    "symbol": "ADSK",
    "reportedCurrency": "USD",
    "cik": "0000769397",
    "fillingDate": "2021-03-19",
    "acceptedDate": "2021-03-19 16:02:20",
    "calendarYear": "2021",
    "period": "FY",
    "revenue": 3790700000,
    "costOfRevenue": 374500000,
    "grossProfit": 3416200000,
    "grossProfitRatio": 0.9012055821,
    "researchAndDevelopmentExpenses": 933000000,
    "generalAndAdministrativeExpenses": 0,
    "sellingAndMarketingExpenses": 0,
    "sellingGeneralAndAdministrativeExpenses": 1843900000,
    "otherExpenses": 0,
    "operatingExpenses": 2776900000,
    "costAndExpenses": 3151400000,
    "interestIncome": 0,
    "interestExpense": 50300000,
    "depreciationAndAmortization": 123800000,
    "ebitda": 720800000,
    "ebitdaratio": 0.1901495766,
    "operatingIncome": 639300000,
    "operatingIncomeRatio": 0.1686495898,
    "totalOtherIncomeExpensesNet": -92600000,
    "incomeBeforeTax": 546700000,
    "incomeBeforeTaxRatio": 0.1442213839,
    "incomeTaxExpense": -661500000,
    "netIncome": 1208000000,
    "netIncomeRatio": 0.3186746511,
    "eps": 5.51,
    "epsdiluted": 5.44,
    "weightedAverageShsOut": 219400000,
    "weightedAverageShsOutDil": 222100000,
    "link": "https://www.sec.gov/Archives/edgar/data/769397/000076939721000014/0000769397-21-000014-index.htm",
    "finalLink": "https://www.sec.gov/Archives/edgar/data/769397/000076939721000014/adsk-20210131.htm"
  },
  {
    "date": "2020-01-31",
    "symbol": "ADSK",
    "reportedCurrency": "USD",
    "cik": "0000769397",
    "fillingDate": "2020-03-19",
    "acceptedDate": "2020-03-19 16:08:49",
    "calendarYear": "2020",
    "period": "FY",
    "revenue": 3256700000,
    "costOfRevenue": 362400000,
    "grossProfit": 2894300000,
    "grossProfitRatio": 0.8887217122,
    "researchAndDevelopmentExpenses": 847800000,
    "generalAndAdministrativeExpenses": 0,
    "sellingAndMarketingExpenses": 0,
    "sellingGeneralAndAdministrativeExpenses": 1689300000,
    "otherExpenses": 0,
    "operatingExpenses": 2537100000,
    "costAndExpenses": 2899500000,
    "interestIncome": 0,
    "interestExpense": 60000000,
    "depreciationAndAmortization": 127300000,
    "ebitda": 482100000,
    "ebitdaratio": 0.1480332852,
    "operatingIncome": 357200000,
    "operatingIncomeRatio": 0.1096815795,
    "totalOtherIncomeExpensesNet": -62400000,
    "incomeBeforeTax": 294800000,
    "incomeBeforeTaxRatio": 0.0905210796,
    "incomeTaxExpense": 80300000,
    "netIncome": 214500000,
    "netIncomeRatio": 0.0658642184,
    "eps": 0.98,
    "epsdiluted": 0.96,
    "weightedAverageShsOut": 219700000,
    "weightedAverageShsOutDil": 222500000,
    "link": "https://www.sec.gov/Archives/edgar/data/769397/000076939720000013/0000769397-20-000013-index.htm",
    "finalLink": "https://www.sec.gov/Archives/edgar/data/769397/000076939720000013/adsk-0131202010xk.htm"
  },
  {
    "date": "2019-01-31",
    "symbol": "ADSK",
    "reportedCurrency": "USD",
    "cik": "0000769397",
    "fillingDate": "2019-03-25",
    "acceptedDate": "2019-03-25 16:05:52",
    "calendarYear": "2019",
    "period": "FY",
    "revenue": 2578300000,
    "costOfRevenue": 303900000,
    "grossProfit": 2274400000,
    "grossProfitRatio": 0.8821316371,
    "researchAndDevelopmentExpenses": 725000000,
    "generalAndAdministrativeExpenses": 0,
    "sellingAndMarketingExpenses": 0,
    "sellingGeneralAndAdministrativeExpenses": 1520400000,
    "otherExpenses": 0,
    "operatingExpenses": 2245400000,
    "costAndExpenses": 2549300000,
    "interestIncome": 0,
    "interestExpense": 52300000,
    "depreciationAndAmortization": 95200000,
    "ebitda": 104800000,
    "ebitdaratio": 0.0406469379,
    "operatingIncome": 29000000,
    "operatingIncomeRatio": 0.0112477214,
    "totalOtherIncomeExpensesNet": -71700000,
    "incomeBeforeTax": -42700000,
    "incomeBeforeTaxRatio": -0.0165613001,
    "incomeTaxExpense": 38100000,
    "netIncome": -80800000,
    "netIncomeRatio": -0.0313384788,
    "eps": -0.37,
    "epsdiluted": -0.37,
    "weightedAverageShsOut": 218378378,
    "weightedAverageShsOutDil": 218900000,
    "link": "https://www.sec.gov/Archives/edgar/data/769397/000076939719000016/0000769397-19-000016-index.htm",
    "finalLink": "https://www.sec.gov/Archives/edgar/data/769397/000076939719000016/adsk-0131201910xk.htm"
  },
  {
    "date": "2018-01-31",
    "symbol": "ADSK",
    "reportedCurrency": "USD",
    "cik": "0000769397",
    "fillingDate": "2018-03-22",
    "acceptedDate": "2018-03-22 17:04:04",
    "calendarYear": "2018",
    "period": "FY",
    "revenue": 2048600000,
    "costOfRevenue": 323600000,
    "grossProfit": 1725000000,
    "grossProfitRatio": 0.8420384653,
    "researchAndDevelopmentExpenses": 755500000,
    "generalAndAdministrativeExpenses": 0,
    "sellingAndMarketingExpenses": 0,
    "sellingGeneralAndAdministrativeExpenses": 1394400000,
    "otherExpenses": 0,
    "operatingExpenses": 2149900000,
    "costAndExpenses": 2473500000,
    "interestIncome": 0,
    "interestExpense": 34500000,
    "depreciationAndAmortization": 108400000,
    "ebitda": -414400000,
    "ebitdaratio": -0.202284487,
    "operatingIncome": -424900000,
    "operatingIncomeRatio": -0.2074099385,
    "totalOtherIncomeExpensesNet": -132400000,
    "incomeBeforeTax": -557300000,
    "incomeBeforeTaxRatio": -0.2720394416,
    "incomeTaxExpense": 9600000,
    "netIncome": -566900000,
    "netIncomeRatio": -0.2767255687,
    "eps": -2.58,
    "epsdiluted": -2.58,
    "weightedAverageShsOut": 219500000,
    "weightedAverageShsOutDil": 219500000,
    "link": "https://www.sec.gov/Archives/edgar/data/769397/000076939718000011/0000769397-18-000011-index.htm",
    "finalLink": "https://www.sec.gov/Archives/edgar/data/769397/000076939718000011/adsk-0131201810xk.htm"
  },
  {
    "date": "2017-01-31",
    "symbol": "ADSK",
    "reportedCurrency": "USD",
    "cik": "0000769397",
    "fillingDate": "2017-03-21",
    "acceptedDate": "2017-03-21 16:03:19",
    "calendarYear": "2017",
    "period": "FY",
    "revenue": 2021800000,
    "costOfRevenue": 373700000,
    "grossProfit": 1648100000,
    "grossProfitRatio": 0.8151647047,
    "researchAndDevelopmentExpenses": 766100000,
    "generalAndAdministrativeExpenses": 0,
    "sellingAndMarketingExpenses": 0,
    "sellingGeneralAndAdministrativeExpenses": 1308500000,
    "otherExpenses": 0,
    "operatingExpenses": 2074600000,
    "costAndExpenses": 2448300000,
    "interestIncome": 0,
    "interestExpense": 29700000,
    "depreciationAndAmortization": 145300000,
    "ebitda": -348800000,
    "ebitdaratio": -0.172519537,
    "operatingIncome": -426500000,
    "operatingIncomeRatio": -0.210950638,
    "totalOtherIncomeExpensesNet": -97299999,
    "incomeBeforeTax": -523800000,
    "incomeBeforeTaxRatio": -0.2590760708,
    "incomeTaxExpense": 55400000,
    "netIncome": -579200000,
    "netIncomeRatio": -0.2864773964,
    "eps": -2.6,
    "epsdiluted": -2.6,
    "weightedAverageShsOut": 222700000,
    "weightedAverageShsOutDil": 222700000,
    "link": "https://www.sec.gov/Archives/edgar/data/769397/000076939717000014/0000769397-17-000014-index.htm",
    "finalLink": "https://www.sec.gov/Archives/edgar/data/769397/000076939717000014/adsk-0131201710xk.htm"
  },
  {
    "date": "2016-01-31",
    "symbol": "ADSK",
    "reportedCurrency": "USD",
    "cik": "0000769397",
    "fillingDate": "2016-03-23",
    "acceptedDate": "2016-03-23 16:02:56",
    "calendarYear": "2016",
    "period": "FY",
    "revenue": 2464300000,
    "costOfRevenue": 403900000,
    "grossProfit": 2060400000,
    "grossProfitRatio": 0.8360995009,
    "researchAndDevelopmentExpenses": 790000000,
    "generalAndAdministrativeExpenses": 0,
    "sellingAndMarketingExpenses": 0,
    "sellingGeneralAndAdministrativeExpenses": 1298400000,
    "otherExpenses": 0,
    "operatingExpenses": 2088400000,
    "costAndExpenses": 2492300000,
    "interestIncome": 0,
    "interestExpense": 33900000,
    "depreciationAndAmortization": 145800000,
    "ebitda": 159400000,
    "ebitdaratio": 0.064683683,
    "operatingIncome": -28000000,
    "operatingIncomeRatio": -0.011362253,
    "totalOtherIncomeExpensesNet": 7700000,
    "incomeBeforeTax": -20300000,
    "incomeBeforeTaxRatio": -0.0082376334,
    "incomeTaxExpense": 305700000,
    "netIncome": -326000000,
    "netIncomeRatio": -0.1322890882,
    "eps": -1.44,
    "epsdiluted": -1.44,
    "weightedAverageShsOut": 226000000,
    "weightedAverageShsOutDil": 226000000,
    "link": "https://www.sec.gov/Archives/edgar/data/769397/000076939716000067/0000769397-16-000067-index.htm",
    "finalLink": "https://www.sec.gov/Archives/edgar/data/769397/000076939716000067/adsk-0131201610xk.htm"
  },
  {
    "date": "2015-01-31",
    "symbol": "ADSK",
    "reportedCurrency": "USD",
    "cik": "0000769397",
    "fillingDate": "2015-03-18",
    "acceptedDate": "2015-03-18 16:04:42",
    "calendarYear": "2015",
    "period": "FY",
    "revenue": 2501700000,
    "costOfRevenue": 381900000,
    "grossProfit": 2119800000,
    "grossProfitRatio": 0.8473438062,
    "researchAndDevelopmentExpenses": 725200000,
    "generalAndAdministrativeExpenses": 0,
    "sellingAndMarketingExpenses": 0,
    "sellingGeneralAndAdministrativeExpenses": 1277800000,
    "otherExpenses": 0,
    "operatingExpenses": 2003000000,
    "costAndExpenses": 2384900000,
    "interestIncome": 0,
    "interestExpense": 13200000,
    "depreciationAndAmortization": 145900000,
    "ebitda": 242100000,
    "ebitdaratio": 0.0967741935,
    "operatingIncome": 116800000,
    "operatingIncomeRatio": 0.046688252,
    "totalOtherIncomeExpensesNet": -33800000,
    "incomeBeforeTax": 83000000,
    "incomeBeforeTaxRatio": 0.0331774393,
    "incomeTaxExpense": 1200000,
    "netIncome": 81800000,
    "netIncomeRatio": 0.0326977655,
    "eps": 0.36,
    "epsdiluted": 0.35,
    "weightedAverageShsOut": 227100000,
    "weightedAverageShsOutDil": 232400000,
    "link": "https://www.sec.gov/Archives/edgar/data/769397/000076939715000012/0000769397-15-000012-index.htm",
    "finalLink": "https://www.sec.gov/Archives/edgar/data/769397/000076939715000012/adsk-0131201510xk.htm"
  },
  {
    "date": "2014-01-31",
    "symbol": "ADSK",
    "reportedCurrency": "USD",
    "cik": "0000769397",
    "fillingDate": "2014-03-10",
    "acceptedDate": "2014-03-10 16:17:25",
    "calendarYear": "2014",
    "period": "FY",
    "revenue": 2260800000,
    "costOfRevenue": 274300000,
    "grossProfit": 1986500000,
    "grossProfitRatio": 0.8786712668,
    "researchAndDevelopmentExpenses": 611100000,
    "generalAndAdministrativeExpenses": 0,
    "sellingAndMarketingExpenses": 0,
    "sellingGeneralAndAdministrativeExpenses": 1089300000,
    "otherExpenses": 0,
    "operatingExpenses": 1700400000,
    "costAndExpenses": 1974700000,
    "interestIncome": 0,
    "interestExpense": 9800000,
    "depreciationAndAmortization": 128900000,
    "ebitda": 418600000,
    "ebitdaratio": 0.1851556971,
    "operatingIncome": 286100000,
    "operatingIncomeRatio": 0.1265481246,
    "totalOtherIncomeExpensesNet": -6200000,
    "incomeBeforeTax": 279900000,
    "incomeBeforeTaxRatio": 0.1238057325,
    "incomeTaxExpense": 51100000,
    "netIncome": 228800000,
    "netIncomeRatio": 0.1012031139,
    "eps": 1.02,
    "epsdiluted": 1,
    "weightedAverageShsOut": 224000000,
    "weightedAverageShsOutDil": 229600000,
    "link": "https://www.sec.gov/Archives/edgar/data/769397/000076939714000018/0000769397-14-000018-index.htm",
    "finalLink": "https://www.sec.gov/Archives/edgar/data/769397/000076939714000018/adsk-0131201410xk.htm"
  },
  {
    "date": "2013-01-31",
    "symbol": "ADSK",
    "reportedCurrency": "USD",
    "cik": "0000769397",
    "fillingDate": "2013-03-18",
    "acceptedDate": "2013-03-18 16:01:59",
    "calendarYear": "2013",
    "period": "FY",
    "revenue": 2296200000,
    "costOfRevenue": 238500000,
    "grossProfit": 2057699999,
    "grossProfitRatio": 0.8961327406,
    "researchAndDevelopmentExpenses": 600000000,
    "generalAndAdministrativeExpenses": 0,
    "sellingAndMarketingExpenses": 0,
    "sellingGeneralAndAdministrativeExpenses": 1119300000,
    "otherExpenses": 0,
    "operatingExpenses": 1719300000,
    "costAndExpenses": 1957800000,
    "interestIncome": 4900000,
    "interestExpense": 0,
    "depreciationAndAmortization": 127800000,
    "ebitda": 437800000,
    "ebitdaratio": 0.1906628342,
    "operatingIncome": 338400000,
    "operatingIncomeRatio": 0.1473739221,
    "totalOtherIncomeExpensesNet": -28400000,
    "incomeBeforeTax": 310000000,
    "incomeBeforeTaxRatio": 0.1350056615,
    "incomeTaxExpense": 62600000,
    "netIncome": 247400000,
    "netIncomeRatio": 0.1077432279,
    "eps": 1.09,
    "epsdiluted": 1.07,
    "weightedAverageShsOut": 226400000,
    "weightedAverageShsOutDil": 231700000,
    "link": "https://www.sec.gov/Archives/edgar/data/769397/000076939713000007/0000769397-13-000007-index.htm",
    "finalLink": "https://www.sec.gov/Archives/edgar/data/769397/000076939713000007/adsk-0131201310xk.htm"
  },
  {
    "date": "2012-01-31",
    "symbol": "ADSK",
    "reportedCurrency": "USD",
    "cik": "0000769397",
    "fillingDate": "2012-03-15",
    "acceptedDate": "2012-03-15 16:05:18",
    "calendarYear": "2012",
    "period": "FY",
    "revenue": 2217500000,
    "costOfRevenue": 229100000,
    "grossProfit": 1988400000,
    "grossProfitRatio": 0.8966854566,
    "researchAndDevelopmentExpenses": 566500000,
    "generalAndAdministrativeExpenses": 0,
    "sellingAndMarketingExpenses": 0,
    "sellingGeneralAndAdministrativeExpenses": 1070300000,
    "otherExpenses": 0,
    "operatingExpenses": 1636800000,
    "costAndExpenses": 1865900000,
    "interestIncome": 5700000,
    "interestExpense": 0,
    "depreciationAndAmortization": 115500000,
    "ebitda": 478400000,
    "ebitdaratio": 0.2157384442,
    "operatingIncome": 351600000,
    "operatingIncomeRatio": 0.1585569335,
    "totalOtherIncomeExpensesNet": 11300000,
    "incomeBeforeTax": 362900000,
    "incomeBeforeTaxRatio": 0.1636527621,
    "incomeTaxExpense": 77600000,
    "netIncome": 285300000,
    "netIncomeRatio": 0.1286583991,
    "eps": 1.25,
    "epsdiluted": 1.22,
    "weightedAverageShsOut": 227700000,
    "weightedAverageShsOutDil": 233300000,
    "link": "https://www.sec.gov/Archives/edgar/data/769397/000076939712000005/0000769397-12-000005-index.htm",
    "finalLink": "https://www.sec.gov/Archives/edgar/data/769397/000076939712000005/adsk-0131201210xk.htm"
  },
  {
    "date": "2011-01-31",
    "symbol": "ADSK",
    "reportedCurrency": "USD",
    "cik": "0000769397",
    "fillingDate": "2011-03-18",
    "acceptedDate": "2011-03-18 16:07:11",
    "calendarYear": "2011",
    "period": "FY",
    "revenue": 1938800000,
    "costOfRevenue": 196600000,
    "grossProfit": 1742200000,
    "grossProfitRatio": 0.8985970704,
    "researchAndDevelopmentExpenses": 496200000,
    "generalAndAdministrativeExpenses": 0,
    "sellingAndMarketingExpenses": 0,
    "sellingGeneralAndAdministrativeExpenses": 978900000,
    "otherExpenses": 0,
    "operatingExpenses": 1475100000,
    "costAndExpenses": 1671700000,
    "interestIncome": 10900000,
    "interestExpense": 0,
    "depreciationAndAmortization": 105400000,
    "ebitda": 377400000,
    "ebitdaratio": 0.1946564885,
    "operatingIncome": 267100000,
    "operatingIncomeRatio": 0.1377656282,
    "totalOtherIncomeExpensesNet": 4899999,
    "incomeBeforeTax": 272000000,
    "incomeBeforeTaxRatio": 0.1402929647,
    "incomeTaxExpense": 60000000,
    "netIncome": 212000000,
    "netIncomeRatio": 0.1093459872,
    "eps": 0.93,
    "epsdiluted": 0.9,
    "weightedAverageShsOut": 227600000,
    "weightedAverageShsOutDil": 234200000,
    "link": "https://www.sec.gov/Archives/edgar/data/769397/000119312511071209/0001193125-11-071209-index.htm",
    "finalLink": "https://www.sec.gov/Archives/edgar/data/769397/000119312511071209/d10k.htm"
  },
  {
    "date": "2010-01-31",
    "symbol": "ADSK",
    "reportedCurrency": "USD",
    "cik": "0000769397",
    "fillingDate": "2010-03-19",
    "acceptedDate": "2010-03-19 06:05:42",
    "calendarYear": "2010",
    "period": "FY",
    "revenue": 1724600000,
    "costOfRevenue": 191800000,
    "grossProfit": 1532800000,
    "grossProfitRatio": 0.8887858054,
    "researchAndDevelopmentExpenses": 457500000,
    "generalAndAdministrativeExpenses": 0,
    "sellingAndMarketingExpenses": 0,
    "sellingGeneralAndAdministrativeExpenses": 934200000,
    "otherExpenses": 0,
    "operatingExpenses": 1391700000,
    "costAndExpenses": 1583500000,
    "interestIncome": 10000000,
    "interestExpense": 0,
    "depreciationAndAmortization": 111500000,
    "ebitda": 196200000,
    "ebitdaratio": 0.1137655108,
    "operatingIncome": 141100000,
    "operatingIncomeRatio": 0.0818160733,
    "totalOtherIncomeExpensesNet": -56400000,
    "incomeBeforeTax": 84700000,
    "incomeBeforeTaxRatio": 0.0491128378,
    "incomeTaxExpense": 26700000,
    "netIncome": 58000000,
    "netIncomeRatio": 0.0336309869,
    "eps": 0.25,
    "epsdiluted": 0.25,
    "weightedAverageShsOut": 228700000,
    "weightedAverageShsOutDil": 232100000,
    "link": "https://www.sec.gov/Archives/edgar/data/769397/000119312510061070/0001193125-10-061070-index.htm",
    "finalLink": "https://www.sec.gov/Archives/edgar/data/769397/000119312510061070/d10k.htm"
  },
  {
    "date": "2009-01-31",
    "symbol": "ADSK",
    "reportedCurrency": "USD",
    "cik": "0000769397",
    "fillingDate": "2009-03-20",
    "acceptedDate": "2009-03-20 17:12:00",
    "calendarYear": "2009",
    "period": "FY",
    "revenue": 2315200000,
    "costOfRevenue": 219100000,
    "grossProfit": 2096100000,
    "grossProfitRatio": 0.9053645473,
    "researchAndDevelopmentExpenses": 576100000,
    "generalAndAdministrativeExpenses": 0,
    "sellingAndMarketingExpenses": 0,
    "sellingGeneralAndAdministrativeExpenses": 1106400000,
    "otherExpenses": 0,
    "operatingExpenses": 1682500000,
    "costAndExpenses": 1901600000,
    "interestIncome": 13600000,
    "interestExpense": 0,
    "depreciationAndAmortization": 91800000,
    "ebitda": 344300000,
    "ebitdaratio": 0.1487128542,
    "operatingIncome": 413600000,
    "operatingIncomeRatio": 0.1786454734,
    "totalOtherIncomeExpensesNet": -161100000,
    "incomeBeforeTax": 252500000,
    "incomeBeforeTaxRatio": 0.1090618521,
    "incomeTaxExpense": 68900000,
    "netIncome": 183600000,
    "netIncomeRatio": 0.0793020041,
    "eps": 0.81,
    "epsdiluted": 0.8,
    "weightedAverageShsOut": 225500000,
    "weightedAverageShsOutDil": 230100000,
    "link": "https://www.sec.gov/Archives/edgar/data/769397/000119312509059920/0001193125-09-059920-index.htm",
    "finalLink": "https://www.sec.gov/Archives/edgar/data/769397/000119312509059920/d10k.htm"
  },
  {
    "date": "2008-01-31",
    "symbol": "ADSK",
    "reportedCurrency": "USD",
    "cik": "0000769397",
    "fillingDate": "2008-03-28",
    "acceptedDate": "2008-03-28 12:05:39",
    "calendarYear": "2008",
    "period": "FY",
    "revenue": 2171700000,
    "costOfRevenue": 206900000,
    "grossProfit": 1964800000,
    "grossProfitRatio": 0.9047290141,
    "researchAndDevelopmentExpenses": 485300000,
    "generalAndAdministrativeExpenses": 0,
    "sellingAndMarketingExpenses": 0,
    "sellingGeneralAndAdministrativeExpenses": 1034099999,
    "otherExpenses": 0,
    "operatingExpenses": 1519400000,
    "costAndExpenses": 1726300000,
    "interestIncome": 33400000,
    "interestExpense": 0,
    "depreciationAndAmortization": 61300000,
    "ebitda": 531300000,
    "ebitdaratio": 0.2446470507,
    "operatingIncome": 445400000,
    "operatingIncomeRatio": 0.2050927845,
    "totalOtherIncomeExpensesNet": 24600000,
    "incomeBeforeTax": 470000000,
    "incomeBeforeTaxRatio": 0.2164203159,
    "incomeTaxExpense": 113800000,
    "netIncome": 356200000,
    "netIncomeRatio": 0.1640189713,
    "eps": 1.55,
    "epsdiluted": 1.47,
    "weightedAverageShsOut": 230300000,
    "weightedAverageShsOutDil": 242000000,
    "link": "https://www.sec.gov/Archives/edgar/data/769397/000119312508068567/0001193125-08-068567-index.htm",
    "finalLink": "https://www.sec.gov/Archives/edgar/data/769397/000119312508068567/d10k.htm"
  },
  {
    "date": "2007-01-31",
    "symbol": "ADSK",
    "reportedCurrency": "USD",
    "cik": "0000769397",
    "fillingDate": "2007-06-04",
    "acceptedDate": "2007-06-04 17:08:17",
    "calendarYear": "2007",
    "period": "FY",
    "revenue": 1839600000,
    "costOfRevenue": 216600000,
    "grossProfit": 1623000000,
    "grossProfitRatio": 0.8822570124,
    "researchAndDevelopmentExpenses": 406300000,
    "generalAndAdministrativeExpenses": 0,
    "sellingAndMarketingExpenses": 0,
    "sellingGeneralAndAdministrativeExpenses": 862200000,
    "otherExpenses": 0,
    "operatingExpenses": 1268500000,
    "costAndExpenses": 1485100000,
    "interestIncome": 20700000,
    "interestExpense": 0,
    "depreciationAndAmortization": 53500000,
    "ebitda": 420000000,
    "ebitdaratio": 0.2283105023,
    "operatingIncome": 354500000,
    "operatingIncomeRatio": 0.1927049359,
    "totalOtherIncomeExpensesNet": 12000000,
    "incomeBeforeTax": 366500000,
    "incomeBeforeTaxRatio": 0.1992280931,
    "incomeTaxExpense": 76800000,
    "netIncome": 289700000,
    "netIncomeRatio": 0.1574798869,
    "eps": 1.26,
    "epsdiluted": 1.19,
    "weightedAverageShsOut": 230700000,
    "weightedAverageShsOutDil": 243200000,
    "link": "https://www.sec.gov/Archives/edgar/data/769397/000119312507128970/0001193125-07-128970-index.htm",
    "finalLink": "https://www.sec.gov/Archives/edgar/data/769397/000119312507128970/d10k.htm"
  },
  {
    "date": "2006-01-31",
    "symbol": "ADSK",
    "reportedCurrency": "USD",
    "cik": "0000769397",
    "fillingDate": "2006-03-30",
    "acceptedDate": "2006-03-30 17:16:14",
    "calendarYear": "2006",
    "period": "FY",
    "revenue": 1537200000,
    "costOfRevenue": 171100000,
    "grossProfit": 1366100000,
    "grossProfitRatio": 0.8886937289,
    "researchAndDevelopmentExpenses": 294100000,
    "generalAndAdministrativeExpenses": 0,
    "sellingAndMarketingExpenses": 0,
    "sellingGeneralAndAdministrativeExpenses": 681500000,
    "otherExpenses": 0,
    "operatingExpenses": 975600000,
    "costAndExpenses": 1146700000,
    "interestIncome": 10800000,
    "interestExpense": 0,
    "depreciationAndAmortization": 43700000,
    "ebitda": 435400000,
    "ebitdaratio": 0.2832422587,
    "operatingIncome": 390500000,
    "operatingIncomeRatio": 0.2540333073,
    "totalOtherIncomeExpensesNet": 1200000,
    "incomeBeforeTax": 383000000,
    "incomeBeforeTaxRatio": 0.2491543065,
    "incomeTaxExpense": 54100000,
    "netIncome": 328900000,
    "netIncomeRatio": 0.2139604476,
    "eps": 1.46,
    "epsdiluted": 1.35,
    "weightedAverageShsOut": 229000000,
    "weightedAverageShsOutDil": 247500000,
    "link": "https://www.sec.gov/Archives/edgar/data/769397/000119312506068809/0001193125-06-068809-index.htm",
    "finalLink": "https://www.sec.gov/Archives/edgar/data/769397/000119312506068809/d10k.htm"
  },
  {
    "date": "2005-01-31",
    "symbol": "ADSK",
    "reportedCurrency": "USD",
    "cik": "0000769397",
    "fillingDate": "2005-03-31",
    "acceptedDate": "2005-03-31 17:15:18",
    "calendarYear": "2005",
    "period": "FY",
    "revenue": 1234267000,
    "costOfRevenue": 169443000,
    "grossProfit": 1064824000,
    "grossProfitRatio": 0.8627177102,
    "researchAndDevelopmentExpenses": 239404000,
    "generalAndAdministrativeExpenses": 0,
    "sellingAndMarketingExpenses": 0,
    "sellingGeneralAndAdministrativeExpenses": 563347000,
    "otherExpenses": 0,
    "operatingExpenses": 802751000,
    "costAndExpenses": 972194000,
    "interestIncome": 7232000,
    "interestExpense": 0,
    "depreciationAndAmortization": 51949000,
    "ebitda": 298277000,
    "ebitdaratio": 0.2416632706,
    "operatingIncome": 262072999,
    "operatingIncomeRatio": 0.2123308806,
    "totalOtherIncomeExpensesNet": -15744999,
    "incomeBeforeTax": 246328000,
    "incomeBeforeTaxRatio": 0.1995743222,
    "incomeTaxExpense": 24820000,
    "netIncome": 221508000,
    "netIncomeRatio": 0.1794652211,
    "eps": 0.97,
    "epsdiluted": 0.9,
    "weightedAverageShsOut": 227938144,
    "weightedAverageShsOutDil": 245666667,
    "link": "https://www.sec.gov/Archives/edgar/data/769397/000119312505067261/0001193125-05-067261-index.htm",
    "finalLink": "https://www.sec.gov/Archives/edgar/data/769397/000119312505067261/d10k.htm"
  },
  {
    "date": "2004-01-31",
    "symbol": "ADSK",
    "reportedCurrency": "USD",
    "cik": "0000769397",
    "fillingDate": "2004-04-08",
    "acceptedDate": "2004-04-08 17:09:54",
    "calendarYear": "2004",
    "period": "FY",
    "revenue": 951643000,
    "costOfRevenue": 148128000,
    "grossProfit": 803515000,
    "grossProfitRatio": 0.8443449907,
    "researchAndDevelopmentExpenses": 209349000,
    "generalAndAdministrativeExpenses": 484224000,
    "sellingAndMarketingExpenses": 0,
    "sellingGeneralAndAdministrativeExpenses": 484224000,
    "otherExpenses": 522000,
    "operatingExpenses": 694095000,
    "costAndExpenses": 842223000,
    "interestIncome": 0,
    "interestExpense": 0,
    "depreciationAndAmortization": 50292000,
    "ebitda": 159712000,
    "ebitdaratio": 0.1678276412,
    "operatingIncome": 106237000,
    "operatingIncomeRatio": 0.1116353507,
    "totalOtherIncomeExpensesNet": 16959000,
    "incomeBeforeTax": 123196000,
    "incomeBeforeTaxRatio": 0.1294561091,
    "incomeTaxExpense": 2880000,
    "netIncome": 120316000,
    "netIncomeRatio": 0.1264297641,
    "eps": 0.54,
    "epsdiluted": 0.52,
    "weightedAverageShsOut": 222994000,
    "weightedAverageShsOutDil": 231304000,
    "link": "https://www.sec.gov/Archives/edgar/data/769397/000119312504059372/0001193125-04-059372-index.htm",
    "finalLink": "https://www.sec.gov/Archives/edgar/data/769397/000119312504059372/d10k.htm"
  },
  {
    "date": "2003-01-31",
    "symbol": "ADSK",
    "reportedCurrency": "USD",
    "cik": "0000769397",
    "fillingDate": "2003-04-28",
    "acceptedDate": "2003-04-25 17:32:06",
    "calendarYear": "2003",
    "period": "FY",
    "revenue": 824945000,
    "costOfRevenue": 140162000,
    "grossProfit": 684783000,
    "grossProfitRatio": 0.8300953397,
    "researchAndDevelopmentExpenses": 172985000,
    "generalAndAdministrativeExpenses": 460650000,
    "sellingAndMarketingExpenses": 0,
    "sellingGeneralAndAdministrativeExpenses": 460650000,
    "otherExpenses": 299000,
    "operatingExpenses": 633934000,
    "costAndExpenses": 774096000,
    "interestIncome": 0,
    "interestExpense": 0,
    "depreciationAndAmortization": 48844000,
    "ebitda": 99693000,
    "ebitdaratio": 0.1208480565,
    "operatingIncome": 24962000,
    "operatingIncomeRatio": 0.030258987,
    "totalOtherIncomeExpensesNet": 13504000,
    "incomeBeforeTax": 38466000,
    "incomeBeforeTaxRatio": 0.0466285631,
    "incomeTaxExpense": 6562000,
    "netIncome": 31904000,
    "netIncomeRatio": 0.0386740934,
    "eps": 0.14,
    "epsdiluted": 0.14,
    "weightedAverageShsOut": 226070000,
    "weightedAverageShsOutDil": 229550000,
    "link": "https://www.sec.gov/Archives/edgar/data/769397/000119312503002078/0001193125-03-002078-index.htm",
    "finalLink": "https://www.sec.gov/Archives/edgar/data/769397/000119312503002078/d10k.htm"
  },
  {
    "date": "2002-01-31",
    "symbol": "ADSK",
    "reportedCurrency": "USD",
    "cik": "0000769397",
    "fillingDate": "2002-04-30",
    "acceptedDate": "2002-04-30 15:46:02",
    "calendarYear": "2002",
    "period": "FY",
    "revenue": 947491000,
    "costOfRevenue": 151203000,
    "grossProfit": 796288000,
    "grossProfitRatio": 0.8404174815,
    "researchAndDevelopmentExpenses": 168574000,
    "generalAndAdministrativeExpenses": 475007000,
    "sellingAndMarketingExpenses": 0,
    "sellingGeneralAndAdministrativeExpenses": 475007000,
    "otherExpenses": 20903000,
    "operatingExpenses": 664484000,
    "costAndExpenses": 815687000,
    "interestIncome": 0,
    "interestExpense": 0,
    "depreciationAndAmortization": 62907000,
    "ebitda": 194711000,
    "ebitdaratio": 0.2055016881,
    "operatingIncome": 98174000,
    "operatingIncomeRatio": 0.1036147045,
    "totalOtherIncomeExpensesNet": 28519000,
    "incomeBeforeTax": 126693000,
    "incomeBeforeTaxRatio": 0.1337141989,
    "incomeTaxExpense": 35169000,
    "netIncome": 90313000,
    "netIncomeRatio": 0.0953180558,
    "eps": 0.4,
    "epsdiluted": 0.38,
    "weightedAverageShsOut": 226516000,
    "weightedAverageShsOutDil": 236804000,
    "link": "https://www.sec.gov/Archives/edgar/data/769397/000089843002001691/0000898430-02-001691-index.htm",
    "finalLink": "https://www.sec.gov/Archives/edgar/data/769397/000089843002001691/d10k.htm"
  },
  {
    "date": "2001-01-31",
    "symbol": "ADSK",
    "reportedCurrency": "USD",
    "cik": "0000769397",
    "fillingDate": "2001-04-27",
    "acceptedDate": "2001-04-27 00:00:00",
    "calendarYear": "2001",
    "period": "FY",
    "revenue": 936324000,
    "costOfRevenue": 107883000,
    "grossProfit": 828441000,
    "grossProfitRatio": 0.8847802684,
    "researchAndDevelopmentExpenses": 170487000,
    "generalAndAdministrativeExpenses": 450330000,
    "sellingAndMarketingExpenses": 0,
    "sellingGeneralAndAdministrativeExpenses": 450330000,
    "otherExpenses": 68844000,
    "operatingExpenses": 689661000,
    "costAndExpenses": 797544000,
    "interestIncome": 0,
    "interestExpense": 0,
    "depreciationAndAmortization": 68844000,
    "ebitda": 207624000,
    "ebitdaratio": 0.2217437554,
    "operatingIncome": 138780000,
    "operatingIncomeRatio": 0.1482179246,
    "totalOtherIncomeExpensesNet": 5993000,
    "incomeBeforeTax": 144773000,
    "incomeBeforeTaxRatio": 0.1546184868,
    "incomeTaxExpense": 51540000,
    "netIncome": 93233000,
    "netIncomeRatio": 0.0995734383,
    "eps": 0.41,
    "epsdiluted": 0.4,
    "weightedAverageShsOut": 228752000,
    "weightedAverageShsOutDil": 234056000,
    "link": "https://www.sec.gov/Archives/edgar/data/769397/000101287001500493/0001012870-01-500493-index.htm",
    "finalLink": "https://www.sec.gov/Archives/edgar/data/769397/000101287001500493/d10k.txt"
  },
  {
    "date": "2000-01-31",
    "symbol": "ADSK",
    "reportedCurrency": "USD",
    "cik": "0000769397",
    "fillingDate": "2000-04-14",
    "acceptedDate": "2000-04-14 00:00:00",
    "calendarYear": "2000",
    "period": "FY",
    "revenue": 820182000,
    "costOfRevenue": 94748000,
    "grossProfit": 725434000,
    "grossProfitRatio": 0.8844792985,
    "researchAndDevelopmentExpenses": 163985000,
    "generalAndAdministrativeExpenses": 446190000,
    "sellingAndMarketingExpenses": 0,
    "sellingGeneralAndAdministrativeExpenses": 446190000,
    "otherExpenses": 79748000,
    "operatingExpenses": 689923000,
    "costAndExpenses": 784671000,
    "interestIncome": 0,
    "interestExpense": 0,
    "depreciationAndAmortization": 79748000,
    "ebitda": 115259000,
    "ebitdaratio": 0.1405285656,
    "operatingIncome": 35511000,
    "operatingIncomeRatio": 0.0432964879,
    "totalOtherIncomeExpensesNet": -11591000,
    "incomeBeforeTax": 23920000,
    "incomeBeforeTaxRatio": 0.0291642587,
    "incomeTaxExpense": 14112000,
    "netIncome": 9808000,
    "netIncomeRatio": 0.0119583214,
    "eps": 0.04,
    "epsdiluted": 0.04,
    "weightedAverageShsOut": 241312000,
    "weightedAverageShsOutDil": 245624000,
    "link": "https://www.sec.gov/Archives/edgar/data/769397/000092962400000548/0000929624-00-000548-index.html",
    "finalLink": "https://www.sec.gov/Archives/edgar/data/769397/000092962400000548/"
  },
  {
    "date": "1999-01-31",
    "symbol": "ADSK",
    "reportedCurrency": "USD",
    "cik": "0000769397",
    "fillingDate": "1999-04-29",
    "acceptedDate": "1999-04-29 00:00:00",
    "calendarYear": "1999",
    "period": "FY",
    "revenue": 740200000,
    "costOfRevenue": 13200000,
    "grossProfit": 727000000,
    "grossProfitRatio": 0.9821669819,
    "researchAndDevelopmentExpenses": 142800000,
    "generalAndAdministrativeExpenses": 384200000,
    "sellingAndMarketingExpenses": 0,
    "sellingGeneralAndAdministrativeExpenses": 384200000,
    "otherExpenses": 63200000,
    "operatingExpenses": 590200000,
    "costAndExpenses": 603400000,
    "interestIncome": 0,
    "interestExpense": 0,
    "depreciationAndAmortization": 63200000,
    "ebitda": 223958000,
    "ebitdaratio": 0.3025641718,
    "operatingIncome": 136800000,
    "operatingIncomeRatio": 0.1848149149,
    "totalOtherIncomeExpensesNet": 16045000,
    "incomeBeforeTax": 146500000,
    "incomeBeforeTaxRatio": 0.1979194812,
    "incomeTaxExpense": 55900000,
    "netIncome": 90600000,
    "netIncomeRatio": 0.1223993515,
    "eps": 0.43,
    "epsdiluted": 0.41,
    "weightedAverageShsOut": 225576000,
    "weightedAverageShsOutDil": 236564000,
    "link": "https://www.sec.gov/Archives/edgar/data/769397/000092962499000773/0000929624-99-000773-index.html",
    "finalLink": "https://www.sec.gov/Archives/edgar/data/769397/"
  },
  {
    "date": "1998-01-31",
    "symbol": "ADSK",
    "reportedCurrency": "USD",
    "cik": "0000769397",
    "fillingDate": "1998-04-28",
    "acceptedDate": "1998-04-28 00:00:00",
    "calendarYear": "1998",
    "period": "FY",
    "revenue": 617100000,
    "costOfRevenue": 27000000,
    "grossProfit": 590100000,
    "grossProfitRatio": 0.9562469616,
    "researchAndDevelopmentExpenses": 122400000,
    "generalAndAdministrativeExpenses": 320400000,
    "sellingAndMarketingExpenses": 0,
    "sellingGeneralAndAdministrativeExpenses": 320400000,
    "otherExpenses": 43900000,
    "operatingExpenses": 486700000,
    "costAndExpenses": 513700000,
    "interestIncome": 0,
    "interestExpense": 0,
    "depreciationAndAmortization": 43900000,
    "ebitda": 187730000,
    "ebitdaratio": 0.3042132556,
    "operatingIncome": 103400000,
    "operatingIncomeRatio": 0.1675579323,
    "totalOtherIncomeExpensesNet": -14695000,
    "incomeBeforeTax": 55000000,
    "incomeBeforeTaxRatio": 0.0891265597,
    "incomeTaxExpense": 39600000,
    "netIncome": 15400000,
    "netIncomeRatio": 0.0249554367,
    "eps": 0.24,
    "epsdiluted": 0.23,
    "weightedAverageShsOut": 187040000,
    "weightedAverageShsOutDil": 199440000,
    "link": "https://www.sec.gov/Archives/edgar/data/769397/000092962498000825/0000929624-98-000825-index.html",
    "finalLink": "https://www.sec.gov/Archives/edgar/data/769397/"
  },
  {
    "date": "1997-01-31",
    "symbol": "ADSK",
    "reportedCurrency": "USD",
    "cik": "0000769397",
    "fillingDate": "1997-05-01",
    "acceptedDate": "1997-05-01 00:00:00",
    "calendarYear": "1997",
    "period": "FY",
    "revenue": 496700000,
    "costOfRevenue": 29500000,
    "grossProfit": 467200000,
    "grossProfitRatio": 0.9406080129,
    "researchAndDevelopmentExpenses": 93700000,
    "generalAndAdministrativeExpenses": 274200000,
    "sellingAndMarketingExpenses": 0,
    "sellingGeneralAndAdministrativeExpenses": 274200000,
    "otherExpenses": 34800000,
    "operatingExpenses": 402700000,
    "costAndExpenses": 432200000,
    "interestIncome": 0,
    "interestExpense": 0,
    "depreciationAndAmortization": 34800000,
    "ebitda": 99300000,
    "ebitdaratio": 0.1999194685,
    "operatingIncome": 64500000,
    "operatingIncomeRatio": 0.1298570566,
    "totalOtherIncomeExpensesNet": 2000000,
    "incomeBeforeTax": 66500000,
    "incomeBeforeTaxRatio": 0.133883632,
    "incomeTaxExpense": 24900000,
    "netIncome": 41600000,
    "netIncomeRatio": 0.0837527683,
    "eps": 0.0569,
    "epsdiluted": 0.055,
    "weightedAverageShsOut": 190640000,
    "weightedAverageShsOutDil": 190640000,
    "link": "https://www.sec.gov/Archives/edgar/data/769397/000092962497000492/0000929624-97-000492-index.html",
    "finalLink": "https://www.sec.gov/Archives/edgar/data/769397/"
  },
  {
    "date": "1996-01-31",
    "symbol": "ADSK",
    "reportedCurrency": "USD",
    "cik": "0000769397",
    "fillingDate": "1997-03-03",
    "acceptedDate": "1997-03-03 00:00:00",
    "calendarYear": "1996",
    "period": "FY",
    "revenue": 534200000,
    "costOfRevenue": 41600000,
    "grossProfit": 492600000,
    "grossProfitRatio": 0.9221265444,
    "researchAndDevelopmentExpenses": 78700000,
    "generalAndAdministrativeExpenses": 259700000,
    "sellingAndMarketingExpenses": 0,
    "sellingGeneralAndAdministrativeExpenses": 259700000,
    "otherExpenses": 25200000,
    "operatingExpenses": 363600000,
    "costAndExpenses": 405200000,
    "interestIncome": 0,
    "interestExpense": 0,
    "depreciationAndAmortization": 25200000,
    "ebitda": 154200000,
    "ebitdaratio": 0.2886559341,
    "operatingIncome": 129000000,
    "operatingIncomeRatio": 0.2414825908,
    "totalOtherIncomeExpensesNet": 9300000,
    "incomeBeforeTax": 138300000,
    "incomeBeforeTaxRatio": 0.2588918008,
    "incomeTaxExpense": 50500000,
    "netIncome": 87800000,
    "netIncomeRatio": 0.1643579184,
    "eps": 0.44,
    "epsdiluted": 0.44,
    "weightedAverageShsOut": 199200000,
    "weightedAverageShsOutDil": 199200000,
    "link": "https://www.sec.gov/Archives/edgar/data/769397/000092962497000213/0000929624-97-000213-index.html",
    "finalLink": "https://www.sec.gov/Archives/edgar/data/769397/"
  },
  {
    "date": "1995-01-31",
    "symbol": "ADSK",
    "reportedCurrency": "USD",
    "cik": "0000769397",
    "fillingDate": "1995-05-01",
    "acceptedDate": "1995-05-01 00:00:00",
    "calendarYear": "1995",
    "period": "FY",
    "revenue": 454600000,
    "costOfRevenue": 36700000,
    "grossProfit": 417900000,
    "grossProfitRatio": 0.9192696876,
    "researchAndDevelopmentExpenses": 65200000,
    "generalAndAdministrativeExpenses": 220300000,
    "sellingAndMarketingExpenses": 0,
    "sellingGeneralAndAdministrativeExpenses": 220300000,
    "otherExpenses": 25000000,
    "operatingExpenses": 310500000,
    "costAndExpenses": 347200000,
    "interestIncome": 0,
    "interestExpense": 0,
    "depreciationAndAmortization": 25000000,
    "ebitda": 132400000,
    "ebitdaratio": 0.2912450506,
    "operatingIncome": 107400000,
    "operatingIncomeRatio": 0.2362516498,
    "totalOtherIncomeExpensesNet": -18300000,
    "incomeBeforeTax": 89100000,
    "incomeBeforeTaxRatio": 0.1959964804,
    "incomeTaxExpense": 32500000,
    "netIncome": 56600000,
    "netIncomeRatio": 0.1245050594,
    "eps": 0.28,
    "epsdiluted": 0.28,
    "weightedAverageShsOut": 199360000,
    "weightedAverageShsOutDil": 199360000,
    "link": "https://www.sec.gov/Archives/edgar/data/769397/000089843095000671/0000898430-95-000671-index.html",
    "finalLink": "https://www.sec.gov/Archives/edgar/data/769397/"
  },
  {
    "date": "1994-01-31",
    "symbol": "ADSK",
    "reportedCurrency": "USD",
    "cik": "0000769397",
    "fillingDate": "1994-01-31",
    "acceptedDate": "1994-01-31 00:00:00",
    "calendarYear": "1994",
    "period": "FY",
    "revenue": 405600000,
    "costOfRevenue": 42800000,
    "grossProfit": 362800000,
    "grossProfitRatio": 0.8944773176,
    "researchAndDevelopmentExpenses": 56200000,
    "generalAndAdministrativeExpenses": 196300000,
    "sellingAndMarketingExpenses": 0,
    "sellingGeneralAndAdministrativeExpenses": 196300000,
    "otherExpenses": 20600000,
    "operatingExpenses": 273100000,
    "costAndExpenses": 315900000,
    "interestIncome": 0,
    "interestExpense": 0,
    "depreciationAndAmortization": 20600000,
    "ebitda": 110300000,
    "ebitdaratio": 0.2719428008,
    "operatingIncome": 89700000,
    "operatingIncomeRatio": 0.2211538462,
    "totalOtherIncomeExpensesNet": 7100000,
    "incomeBeforeTax": 96800000,
    "incomeBeforeTaxRatio": 0.2386587771,
    "incomeTaxExpense": 34600000,
    "netIncome": 62200000,
    "netIncomeRatio": 0.1533530572,
    "eps": 0.0406,
    "epsdiluted": 0.0391,
    "weightedAverageShsOut": 189920000,
    "weightedAverageShsOutDil": 189920000,
    "link": "",
    "finalLink": ""
  },
  {
    "date": "1993-01-31",
    "symbol": "ADSK",
    "reportedCurrency": "USD",
    "cik": "0000769397",
    "fillingDate": "1993-01-31",
    "acceptedDate": "1993-01-31 00:00:00",
    "calendarYear": "1993",
    "period": "FY",
    "revenue": 353200000,
    "costOfRevenue": 47300000,
    "grossProfit": 305900000,
    "grossProfitRatio": 0.8660815402,
    "researchAndDevelopmentExpenses": 0,
    "generalAndAdministrativeExpenses": 231300000,
    "sellingAndMarketingExpenses": 0,
    "sellingGeneralAndAdministrativeExpenses": 231300000,
    "otherExpenses": 16400000,
    "operatingExpenses": 247700000,
    "costAndExpenses": 295000000,
    "interestIncome": 0,
    "interestExpense": 0,
    "depreciationAndAmortization": 16400000,
    "ebitda": 74600000,
    "ebitdaratio": 0.211211778,
    "operatingIncome": 58200000,
    "operatingIncomeRatio": 0.1647791619,
    "totalOtherIncomeExpensesNet": 11600000,
    "incomeBeforeTax": 69800000,
    "incomeBeforeTaxRatio": 0.1976217441,
    "incomeTaxExpense": 25900000,
    "netIncome": 43900000,
    "netIncomeRatio": 0.1242921857,
    "eps": 0.0275,
    "epsdiluted": 0.0275,
    "weightedAverageShsOut": 192088000,
    "weightedAverageShsOutDil": 192088000,
    "link": "",
    "finalLink": ""
  },
  {
    "date": "1992-01-31",
    "symbol": "ADSK",
    "reportedCurrency": "USD",
    "cik": "0000769397",
    "fillingDate": "1992-01-31",
    "acceptedDate": "1992-01-31 00:00:00",
    "calendarYear": "1992",
    "period": "FY",
    "revenue": 274000000,
    "costOfRevenue": 24400000,
    "grossProfit": 249600000,
    "grossProfitRatio": 0.9109489051,
    "researchAndDevelopmentExpenses": 0,
    "generalAndAdministrativeExpenses": 154600000,
    "sellingAndMarketingExpenses": 0,
    "sellingGeneralAndAdministrativeExpenses": 154600000,
    "otherExpenses": 14800000,
    "operatingExpenses": 169400000,
    "costAndExpenses": 193800000,
    "interestIncome": 0,
    "interestExpense": 0,
    "depreciationAndAmortization": 14800000,
    "ebitda": 95000000,
    "ebitdaratio": 0.3467153285,
    "operatingIncome": 80200000,
    "operatingIncomeRatio": 0.2927007299,
    "totalOtherIncomeExpensesNet": 12100000,
    "incomeBeforeTax": 92300000,
    "incomeBeforeTaxRatio": 0.3368613139,
    "incomeTaxExpense": 34500000,
    "netIncome": 57800000,
    "netIncomeRatio": 0.2109489051,
    "eps": 0.0363,
    "epsdiluted": 0.0363,
    "weightedAverageShsOut": 196704000,
    "weightedAverageShsOutDil": 196704000,
    "link": "",
    "finalLink": ""
  },
  {
    "date": "1991-01-31",
    "symbol": "ADSK",
    "reportedCurrency": "USD",
    "cik": "0000769397",
    "fillingDate": "1991-01-31",
    "acceptedDate": "1991-01-31 00:00:00",
    "calendarYear": "1991",
    "period": "FY",
    "revenue": 237900000,
    "costOfRevenue": 14100000,
    "grossProfit": 223800000,
    "grossProfitRatio": 0.9407313997,
    "researchAndDevelopmentExpenses": 0,
    "generalAndAdministrativeExpenses": 129300000,
    "sellingAndMarketingExpenses": 0,
    "sellingGeneralAndAdministrativeExpenses": 129300000,
    "otherExpenses": 13500000,
    "operatingExpenses": 142800000,
    "costAndExpenses": 156900000,
    "interestIncome": 0,
    "interestExpense": 0,
    "depreciationAndAmortization": 13500000,
    "ebitda": 94500000,
    "ebitdaratio": 0.3972257251,
    "operatingIncome": 81000000,
    "operatingIncomeRatio": 0.3404791929,
    "totalOtherIncomeExpensesNet": 11000000,
    "incomeBeforeTax": 92000000,
    "incomeBeforeTaxRatio": 0.386717108,
    "incomeTaxExpense": 35200000,
    "netIncome": 56800000,
    "netIncomeRatio": 0.2387557797,
    "eps": 0.0359,
    "epsdiluted": 0.0359,
    "weightedAverageShsOut": 195296000,
    "weightedAverageShsOutDil": 195296000,
    "link": "",
    "finalLink": ""
  },
  {
    "date": "1990-01-31",
    "symbol": "ADSK",
    "reportedCurrency": "USD",
    "cik": "0000769397",
    "fillingDate": "1990-01-31",
    "acceptedDate": "1990-01-31 00:00:00",
    "calendarYear": "1990",
    "period": "FY",
    "revenue": 178600000,
    "costOfRevenue": 14600000,
    "grossProfit": 164000000,
    "grossProfitRatio": 0.9182530795,
    "researchAndDevelopmentExpenses": 0,
    "generalAndAdministrativeExpenses": 89100000,
    "sellingAndMarketingExpenses": 0,
    "sellingGeneralAndAdministrativeExpenses": 89100000,
    "otherExpenses": 7900000,
    "operatingExpenses": 97000000,
    "costAndExpenses": 111600000,
    "interestIncome": 0,
    "interestExpense": 0,
    "depreciationAndAmortization": 7900000,
    "ebitda": 74900000,
    "ebitdaratio": 0.4193729003,
    "operatingIncome": 67000000,
    "operatingIncomeRatio": 0.3751399776,
    "totalOtherIncomeExpensesNet": 9400000,
    "incomeBeforeTax": 76400000,
    "incomeBeforeTaxRatio": 0.4277715566,
    "incomeTaxExpense": 30000000,
    "netIncome": 46400000,
    "netIncomeRatio": 0.2597984323,
    "eps": 0.03,
    "epsdiluted": 0.03,
    "weightedAverageShsOut": 193960000,
    "weightedAverageShsOutDil": 193960000,
    "link": "",
    "finalLink": ""
  },
  {
    "date": "1989-01-31",
    "symbol": "ADSK",
    "reportedCurrency": "USD",
    "cik": "0000769397",
    "fillingDate": "1989-01-31",
    "acceptedDate": "1989-01-30 19:00:00",
    "calendarYear": "1989",
    "period": "FY",
    "revenue": 117300000,
    "costOfRevenue": 10600000,
    "grossProfit": 106700000,
    "grossProfitRatio": 0.9096334186,
    "researchAndDevelopmentExpenses": 0,
    "generalAndAdministrativeExpenses": 55900000,
    "sellingAndMarketingExpenses": 0,
    "sellingGeneralAndAdministrativeExpenses": 55900000,
    "otherExpenses": 3900000,
    "operatingExpenses": 59800000,
    "costAndExpenses": 70400000,
    "interestIncome": 0,
    "interestExpense": 0,
    "depreciationAndAmortization": 3900000,
    "ebitda": 50800000,
    "ebitdaratio": 0.4330775789,
    "operatingIncome": 46900000,
    "operatingIncomeRatio": 0.399829497,
    "totalOtherIncomeExpensesNet": 7300000,
    "incomeBeforeTax": 54200000,
    "incomeBeforeTaxRatio": 0.4620630861,
    "incomeTaxExpense": 21500000,
    "netIncome": 32700000,
    "netIncomeRatio": 0.2787723785,
    "eps": 0.0213,
    "epsdiluted": 0.0213,
    "weightedAverageShsOut": 192040000,
    "weightedAverageShsOutDil": 192040000,
    "link": "",
    "finalLink": ""
  },
  {
    "date": "1988-01-31",
    "symbol": "ADSK",
    "reportedCurrency": "USD",
    "cik": "0000769397",
    "fillingDate": "1988-01-31",
    "acceptedDate": "1988-01-30 19:00:00",
    "calendarYear": "1988",
    "period": "FY",
    "revenue": 79300000,
    "costOfRevenue": 7900000,
    "grossProfit": 71400000,
    "grossProfitRatio": 0.9003783102,
    "researchAndDevelopmentExpenses": 0,
    "generalAndAdministrativeExpenses": 37500000,
    "sellingAndMarketingExpenses": 0,
    "sellingGeneralAndAdministrativeExpenses": 37500000,
    "otherExpenses": 2600000,
    "operatingExpenses": 40100000,
    "costAndExpenses": 48000000,
    "interestIncome": 0,
    "interestExpense": 0,
    "depreciationAndAmortization": 2600000,
    "ebitda": 33900000,
    "ebitdaratio": 0.4274905422,
    "operatingIncome": 31300000,
    "operatingIncomeRatio": 0.394703657,
    "totalOtherIncomeExpensesNet": 3700000,
    "incomeBeforeTax": 35000000,
    "incomeBeforeTaxRatio": 0.4413619168,
    "incomeTaxExpense": 14500000,
    "netIncome": 20500000,
    "netIncomeRatio": 0.2585119798,
    "eps": 0.0141,
    "epsdiluted": 0.0141,
    "weightedAverageShsOut": 190592000,
    "weightedAverageShsOutDil": 190592000,
    "link": "",
    "finalLink": ""
  },
  {
    "date": "1987-01-31",
    "symbol": "ADSK",
    "reportedCurrency": "USD",
    "cik": "0000769397",
    "fillingDate": "1987-01-31",
    "acceptedDate": "1987-01-30 19:00:00",
    "calendarYear": "1987",
    "period": "FY",
    "revenue": 52400000,
    "costOfRevenue": 6900000,
    "grossProfit": 45500000,
    "grossProfitRatio": 0.8683206107,
    "researchAndDevelopmentExpenses": 0,
    "generalAndAdministrativeExpenses": 22900000,
    "sellingAndMarketingExpenses": 0,
    "sellingGeneralAndAdministrativeExpenses": 22900000,
    "otherExpenses": 1000000,
    "operatingExpenses": 23900000,
    "costAndExpenses": 30800000,
    "interestIncome": 0,
    "interestExpense": 0,
    "depreciationAndAmortization": 1000000,
    "ebitda": 22600000,
    "ebitdaratio": 0.4312977099,
    "operatingIncome": 21600000,
    "operatingIncomeRatio": 0.4122137405,
    "totalOtherIncomeExpensesNet": 1300000,
    "incomeBeforeTax": 22900000,
    "incomeBeforeTaxRatio": 0.4370229008,
    "incomeTaxExpense": 11300000,
    "netIncome": 11600000,
    "netIncomeRatio": 0.2213740458,
    "eps": 0.0029,
    "epsdiluted": 0.0029,
    "weightedAverageShsOut": 168504000,
    "weightedAverageShsOutDil": 168504000,
    "link": "",
    "finalLink": ""
  },
  {
    "date": "1986-01-31",
    "symbol": "ADSK",
    "reportedCurrency": "USD",
    "cik": "0000769397",
    "fillingDate": "1986-01-31",
    "acceptedDate": "1986-01-30 19:00:00",
    "calendarYear": "1986",
    "period": "FY",
    "revenue": 29500000,
    "costOfRevenue": 4200000,
    "grossProfit": 25300000,
    "grossProfitRatio": 0.8576271186,
    "researchAndDevelopmentExpenses": 0,
    "generalAndAdministrativeExpenses": 12600000,
    "sellingAndMarketingExpenses": 0,
    "sellingGeneralAndAdministrativeExpenses": 12600000,
    "otherExpenses": 400000,
    "operatingExpenses": 13000000,
    "costAndExpenses": 17200000,
    "interestIncome": 0,
    "interestExpense": 0,
    "depreciationAndAmortization": 400000,
    "ebitda": 12700000,
    "ebitdaratio": 0.4305084746,
    "operatingIncome": 12300000,
    "operatingIncomeRatio": 0.4169491525,
    "totalOtherIncomeExpensesNet": 700000,
    "incomeBeforeTax": 13000000,
    "incomeBeforeTaxRatio": 0.4406779661,
    "incomeTaxExpense": 6500000,
    "netIncome": 6500000,
    "netIncomeRatio": 0.2203389831,
    "eps": 0.0018,
    "epsdiluted": 0.0018,
    "weightedAverageShsOut": 161344000,
    "weightedAverageShsOutDil": 161344000,
    "link": "",
    "finalLink": ""
  }
]