[
  {
    "date": "2025-06-30",
    "symbol": "AEE",
    "reportedCurrency": "USD",
    "cik": "0001002910",
    "fillingDate": "2025-08-04",
    "acceptedDate": "2025-08-04 14:48:04",
    "calendarYear": "2025",
    "period": "Q2",
    "revenue": 2221000000,
    "costOfRevenue": 1293000000,
    "grossProfit": 928000000,
    "grossProfitRatio": 0.4178298064,
    "researchAndDevelopmentExpenses": 0,
    "generalAndAdministrativeExpenses": 0,
    "sellingAndMarketingExpenses": 0,
    "sellingGeneralAndAdministrativeExpenses": 0,
    "otherExpenses": 517000000,
    "operatingExpenses": 517000000,
    "costAndExpenses": 1810000000,
    "interestIncome": 10000000,
    "interestExpense": 187000000,
    "depreciationAndAmortization": 398000000,
    "ebitda": 905000000,
    "ebitdaratio": 0.4074741108,
    "operatingIncome": 411000000,
    "operatingIncomeRatio": 0.1850517785,
    "totalOtherIncomeExpensesNet": -91000000,
    "incomeBeforeTax": 320000000,
    "incomeBeforeTaxRatio": 0.1440792436,
    "incomeTaxExpense": 43000000,
    "netIncome": 275000000,
    "netIncomeRatio": 0.1238181,
    "eps": 1.02,
    "epsdiluted": 1.01,
    "weightedAverageShsOut": 270100000,
    "weightedAverageShsOutDil": 271500000,
    "link": "https://www.sec.gov/Archives/edgar/data/1002910/000100291025000112/0001002910-25-000112-index.htm",
    "finalLink": "https://www.sec.gov/Archives/edgar/data/18654/000100291025000112/aee-20250630.htm"
  },
  {
    "date": "2025-03-31",
    "symbol": "AEE",
    "reportedCurrency": "USD",
    "cik": "0001002910",
    "fillingDate": "2025-05-05",
    "acceptedDate": "2025-05-05 15:40:48",
    "calendarYear": "2025",
    "period": "Q1",
    "revenue": 2097000000,
    "costOfRevenue": 1156000000,
    "grossProfit": 941000000,
    "grossProfitRatio": 0.4487362899,
    "researchAndDevelopmentExpenses": 0,
    "generalAndAdministrativeExpenses": 0,
    "sellingAndMarketingExpenses": 0,
    "sellingGeneralAndAdministrativeExpenses": 0,
    "otherExpenses": 511000000,
    "operatingExpenses": 511000000,
    "costAndExpenses": 1667000000,
    "interestIncome": 11000000,
    "interestExpense": 175000000,
    "depreciationAndAmortization": 415000000,
    "ebitda": 930000000,
    "ebitdaratio": 0.443490701,
    "operatingIncome": 430000000,
    "operatingIncomeRatio": 0.2050548402,
    "totalOtherIncomeExpensesNet": -90000000,
    "incomeBeforeTax": 340000000,
    "incomeBeforeTaxRatio": 0.1621363853,
    "incomeTaxExpense": 50000000,
    "netIncome": 289000000,
    "netIncomeRatio": 0.1378159275,
    "eps": 1.07,
    "epsdiluted": 1.07,
    "weightedAverageShsOut": 270000000,
    "weightedAverageShsOutDil": 271400000,
    "link": "https://www.sec.gov/Archives/edgar/data/1002910/000100291025000098/0001002910-25-000098-index.htm",
    "finalLink": "https://www.sec.gov/Archives/edgar/data/18654/000100291025000098/aee-20250331.htm"
  },
  {
    "date": "2024-12-31",
    "symbol": "AEE",
    "reportedCurrency": "USD",
    "cik": "0001002910",
    "fillingDate": "2025-02-18",
    "acceptedDate": "2025-02-18 16:09:43",
    "calendarYear": "2024",
    "period": "Q4",
    "revenue": 1941000000,
    "costOfRevenue": 1147000000,
    "grossProfit": 794000000,
    "grossProfitRatio": 0.409067491,
    "researchAndDevelopmentExpenses": 0,
    "generalAndAdministrativeExpenses": 0,
    "sellingAndMarketingExpenses": 0,
    "sellingGeneralAndAdministrativeExpenses": 0,
    "otherExpenses": 596000000,
    "operatingExpenses": 596000000,
    "costAndExpenses": 1743000000,
    "interestIncome": 12000000,
    "interestExpense": 171000000,
    "depreciationAndAmortization": 465000000,
    "ebitda": 787000000,
    "ebitdaratio": 0.4054611025,
    "operatingIncome": 198000000,
    "operatingIncomeRatio": 0.1020092736,
    "totalOtherIncomeExpensesNet": -47000000,
    "incomeBeforeTax": 151000000,
    "incomeBeforeTaxRatio": 0.0777949511,
    "incomeTaxExpense": -57000000,
    "netIncome": 207000000,
    "netIncomeRatio": 0.1066460587,
    "eps": 0.77,
    "epsdiluted": 0.77,
    "weightedAverageShsOut": 267400000,
    "weightedAverageShsOutDil": 268900000,
    "link": "https://www.sec.gov/Archives/edgar/data/1002910/000100291025000055/0001002910-25-000055-index.htm",
    "finalLink": "https://www.sec.gov/Archives/edgar/data/18654/000100291025000055/aee-20241231.htm"
  },
  {
    "date": "2024-09-30",
    "symbol": "AEE",
    "reportedCurrency": "USD",
    "cik": "0001002910",
    "fillingDate": "2024-11-07",
    "acceptedDate": "2024-11-07 17:10:02",
    "calendarYear": "2024",
    "period": "Q3",
    "revenue": 2173000000,
    "costOfRevenue": 1049000000,
    "grossProfit": 1124000000,
    "grossProfitRatio": 0.517257248,
    "researchAndDevelopmentExpenses": 0,
    "generalAndAdministrativeExpenses": -76000000,
    "sellingAndMarketingExpenses": 0,
    "sellingGeneralAndAdministrativeExpenses": -76000000,
    "otherExpenses": 614000000,
    "operatingExpenses": 538000000,
    "costAndExpenses": 1587000000,
    "interestIncome": 8000000,
    "interestExpense": 173000000,
    "depreciationAndAmortization": 403000000,
    "ebitda": 1090000000,
    "ebitdaratio": 0.5016106765,
    "operatingIncome": 586000000,
    "operatingIncomeRatio": 0.2696732628,
    "totalOtherIncomeExpensesNet": -72000000,
    "incomeBeforeTax": 514000000,
    "incomeBeforeTaxRatio": 0.2365393465,
    "incomeTaxExpense": 57000000,
    "netIncome": 456000000,
    "netIncomeRatio": 0.2098481362,
    "eps": 1.71,
    "epsdiluted": 1.7,
    "weightedAverageShsOut": 266600000,
    "weightedAverageShsOutDil": 266900000,
    "link": "https://www.sec.gov/Archives/edgar/data/1002910/000100291024000111/0001002910-24-000111-index.htm",
    "finalLink": "https://www.sec.gov/Archives/edgar/data/18654/000100291024000111/aee-20240930.htm"
  },
  {
    "date": "2024-06-30",
    "symbol": "AEE",
    "reportedCurrency": "USD",
    "cik": "0001002910",
    "fillingDate": "2024-08-05",
    "acceptedDate": "2024-08-05 17:10:03",
    "calendarYear": "2024",
    "period": "Q2",
    "revenue": 1693000000,
    "costOfRevenue": 825000000,
    "grossProfit": 868000000,
    "grossProfitRatio": 0.5126993503,
    "researchAndDevelopmentExpenses": 0,
    "generalAndAdministrativeExpenses": -76000000,
    "sellingAndMarketingExpenses": 0,
    "sellingGeneralAndAdministrativeExpenses": -76000000,
    "otherExpenses": 583000000,
    "operatingExpenses": 507000000,
    "costAndExpenses": 1332000000,
    "interestIncome": 13000000,
    "interestExpense": 165000000,
    "depreciationAndAmortization": 401000000,
    "ebitda": 865000000,
    "ebitdaratio": 0.5109273479,
    "operatingIncome": 361000000,
    "operatingIncomeRatio": 0.213230951,
    "totalOtherIncomeExpensesNet": -62000000,
    "incomeBeforeTax": 299000000,
    "incomeBeforeTaxRatio": 0.1766095688,
    "incomeTaxExpense": 39000000,
    "netIncome": 258000000,
    "netIncomeRatio": 0.1523922032,
    "eps": 0.97,
    "epsdiluted": 0.97,
    "weightedAverageShsOut": 266700000,
    "weightedAverageShsOutDil": 266800000,
    "link": "https://www.sec.gov/Archives/edgar/data/1002910/000100291024000101/0001002910-24-000101-index.htm",
    "finalLink": "https://www.sec.gov/Archives/edgar/data/18654/000100291024000101/aee-20240630.htm"
  },
  {
    "date": "2024-03-31",
    "symbol": "AEE",
    "reportedCurrency": "USD",
    "cik": "0001002910",
    "fillingDate": "2024-05-06",
    "acceptedDate": "2024-05-06 15:27:46",
    "calendarYear": "2024",
    "period": "Q1",
    "revenue": 1816000000,
    "costOfRevenue": 949000000,
    "grossProfit": 867000000,
    "grossProfitRatio": 0.4774229075,
    "researchAndDevelopmentExpenses": 0,
    "generalAndAdministrativeExpenses": -76000000,
    "sellingAndMarketingExpenses": 0,
    "sellingGeneralAndAdministrativeExpenses": -76000000,
    "otherExpenses": 572000000,
    "operatingExpenses": 496000000,
    "costAndExpenses": 1445000000,
    "interestIncome": 8000000,
    "interestExpense": 154000000,
    "depreciationAndAmortization": 397000000,
    "ebitda": 857000000,
    "ebitdaratio": 0.4719162996,
    "operatingIncome": 371000000,
    "operatingIncomeRatio": 0.2042951542,
    "totalOtherIncomeExpensesNet": -65000000,
    "incomeBeforeTax": 306000000,
    "incomeBeforeTaxRatio": 0.1685022026,
    "incomeTaxExpense": 44000000,
    "netIncome": 261000000,
    "netIncomeRatio": 0.143722467,
    "eps": 0.98,
    "epsdiluted": 0.98,
    "weightedAverageShsOut": 266399999,
    "weightedAverageShsOutDil": 266800000,
    "link": "https://www.sec.gov/Archives/edgar/data/1002910/000100291024000090/0001002910-24-000090-index.htm",
    "finalLink": "https://www.sec.gov/Archives/edgar/data/18654/000100291024000090/aee-20240331.htm"
  },
  {
    "date": "2023-12-31",
    "symbol": "AEE",
    "reportedCurrency": "USD",
    "cik": "0001002910",
    "fillingDate": "2024-02-29",
    "acceptedDate": "2024-02-29 14:48:22",
    "calendarYear": "2023",
    "period": "Q4",
    "revenue": 1618000000,
    "costOfRevenue": 867000000,
    "grossProfit": 751000000,
    "grossProfitRatio": 0.4641532756,
    "researchAndDevelopmentExpenses": 0,
    "generalAndAdministrativeExpenses": -84000000,
    "sellingAndMarketingExpenses": 0,
    "sellingGeneralAndAdministrativeExpenses": -84000000,
    "otherExpenses": 571000000,
    "operatingExpenses": 487000000,
    "costAndExpenses": 1354000000,
    "interestIncome": 9000000,
    "interestExpense": 153000000,
    "depreciationAndAmortization": 381000000,
    "ebitda": 732000000,
    "ebitdaratio": 0.4524103832,
    "operatingIncome": 264000000,
    "operatingIncomeRatio": 0.1631644005,
    "totalOtherIncomeExpensesNet": -66000000,
    "incomeBeforeTax": 198000000,
    "incomeBeforeTaxRatio": 0.1223733004,
    "incomeTaxExpense": 39000000,
    "netIncome": 158000000,
    "netIncomeRatio": 0.0976514215,
    "eps": 0.6,
    "epsdiluted": 0.6,
    "weightedAverageShsOut": 263500000,
    "weightedAverageShsOutDil": 264000000,
    "link": "https://www.sec.gov/Archives/edgar/data/1002910/000100291024000056/0001002910-24-000056-index.htm",
    "finalLink": "https://www.sec.gov/Archives/edgar/data/18654/000100291024000056/aee-20231231.htm"
  },
  {
    "date": "2023-09-30",
    "symbol": "AEE",
    "reportedCurrency": "USD",
    "cik": "0001002910",
    "fillingDate": "2023-11-29",
    "acceptedDate": "2023-11-29 14:48:22",
    "calendarYear": "2023",
    "period": "Q3",
    "revenue": 2060000000,
    "costOfRevenue": 930000000,
    "grossProfit": 1130000000,
    "grossProfitRatio": 0.5485436893,
    "researchAndDevelopmentExpenses": 0,
    "generalAndAdministrativeExpenses": -84000000,
    "sellingAndMarketingExpenses": 0,
    "sellingGeneralAndAdministrativeExpenses": -84000000,
    "otherExpenses": 600000000,
    "operatingExpenses": 516000000,
    "costAndExpenses": 1446000000,
    "interestIncome": 7000000,
    "interestExpense": 152000000,
    "depreciationAndAmortization": 380000000,
    "ebitda": 1095000000,
    "ebitdaratio": 0.5315533981,
    "operatingIncome": 614000000,
    "operatingIncomeRatio": 0.2980582524,
    "totalOtherIncomeExpensesNet": -51000000,
    "incomeBeforeTax": 563000000,
    "incomeBeforeTaxRatio": 0.2733009709,
    "incomeTaxExpense": 69000000,
    "netIncome": 493000000,
    "netIncomeRatio": 0.2393203883,
    "eps": 1.87,
    "epsdiluted": 1.88,
    "weightedAverageShsOut": 263500000,
    "weightedAverageShsOutDil": 264000000,
    "link": null,
    "finalLink": null
  },
  {
    "date": "2023-06-30",
    "symbol": "AEE",
    "reportedCurrency": "USD",
    "cik": "0001002910",
    "fillingDate": "2023-08-03",
    "acceptedDate": "2023-08-03 17:20:37",
    "calendarYear": "2023",
    "period": "Q2",
    "revenue": 1760000000,
    "costOfRevenue": 972000000,
    "grossProfit": 788000000,
    "grossProfitRatio": 0.4477272727,
    "researchAndDevelopmentExpenses": 0,
    "generalAndAdministrativeExpenses": -63000000,
    "sellingAndMarketingExpenses": 0,
    "sellingGeneralAndAdministrativeExpenses": -63000000,
    "otherExpenses": 522000000,
    "operatingExpenses": 459000000,
    "costAndExpenses": 1431000000,
    "interestIncome": 9000000,
    "interestExpense": 134000000,
    "depreciationAndAmortization": 370000000,
    "ebitda": 781000000,
    "ebitdaratio": 0.44375,
    "operatingIncome": 329000000,
    "operatingIncomeRatio": 0.1869318182,
    "totalOtherIncomeExpensesNet": -52000000,
    "incomeBeforeTax": 277000000,
    "incomeBeforeTaxRatio": 0.1573863636,
    "incomeTaxExpense": 38000000,
    "netIncome": 237000000,
    "netIncomeRatio": 0.1346590909,
    "eps": 0.9,
    "epsdiluted": 0.9,
    "weightedAverageShsOut": 262600000,
    "weightedAverageShsOutDil": 263200000,
    "link": "https://www.sec.gov/Archives/edgar/data/1002910/000100291023000102/0001002910-23-000102-index.htm",
    "finalLink": "https://www.sec.gov/Archives/edgar/data/18654/000100291023000102/aee-20230630.htm"
  },
  {
    "date": "2023-03-31",
    "symbol": "AEE",
    "reportedCurrency": "USD",
    "cik": "0001002910",
    "fillingDate": "2023-05-05",
    "acceptedDate": "2023-05-05 15:50:30",
    "calendarYear": "2023",
    "period": "Q1",
    "revenue": 2062000000,
    "costOfRevenue": 1264000000,
    "grossProfit": 798000000,
    "grossProfitRatio": 0.3870029098,
    "researchAndDevelopmentExpenses": 0,
    "generalAndAdministrativeExpenses": -64000000,
    "sellingAndMarketingExpenses": 0,
    "sellingGeneralAndAdministrativeExpenses": -64000000,
    "otherExpenses": 511000000,
    "operatingExpenses": 447000000,
    "costAndExpenses": 1711000000,
    "interestIncome": 8000000,
    "interestExpense": 127000000,
    "depreciationAndAmortization": 369000000,
    "ebitda": 798000000,
    "ebitdaratio": 0.3870029098,
    "operatingIncome": 351000000,
    "operatingIncomeRatio": 0.1702230844,
    "totalOtherIncomeExpensesNet": -49000000,
    "incomeBeforeTax": 302000000,
    "incomeBeforeTaxRatio": 0.1464597478,
    "incomeTaxExpense": 37000000,
    "netIncome": 264000000,
    "netIncomeRatio": 0.1280310378,
    "eps": 1.01,
    "epsdiluted": 1,
    "weightedAverageShsOut": 262200000,
    "weightedAverageShsOutDil": 263100000,
    "link": "https://www.sec.gov/Archives/edgar/data/1002910/000100291023000090/0001002910-23-000090-index.htm",
    "finalLink": "https://www.sec.gov/Archives/edgar/data/18654/000100291023000090/aee-20230331.htm"
  },
  {
    "date": "2022-12-31",
    "symbol": "AEE",
    "reportedCurrency": "USD",
    "cik": "0001002910",
    "fillingDate": "2023-02-22",
    "acceptedDate": "2023-02-21 20:28:07",
    "calendarYear": "2022",
    "period": "Q4",
    "revenue": 2046000000,
    "costOfRevenue": 1322000000,
    "grossProfit": 724000000,
    "grossProfitRatio": 0.3538611926,
    "researchAndDevelopmentExpenses": 0,
    "generalAndAdministrativeExpenses": -46000000,
    "sellingAndMarketingExpenses": 0,
    "sellingGeneralAndAdministrativeExpenses": -46000000,
    "otherExpenses": 494000000,
    "operatingExpenses": 448000000,
    "costAndExpenses": 1770000000,
    "interestIncome": 17000000,
    "interestExpense": 130000000,
    "depreciationAndAmortization": 376000000,
    "ebitda": 698000000,
    "ebitdaratio": 0.3411534702,
    "operatingIncome": 276000000,
    "operatingIncomeRatio": 0.1348973607,
    "totalOtherIncomeExpensesNet": -84000000,
    "incomeBeforeTax": 192000000,
    "incomeBeforeTaxRatio": 0.0938416422,
    "incomeTaxExpense": 28000000,
    "netIncome": 163000000,
    "netIncomeRatio": 0.0796676442,
    "eps": 0.63,
    "epsdiluted": 0.63,
    "weightedAverageShsOut": 259100000,
    "weightedAverageShsOutDil": 260200000,
    "link": "https://www.sec.gov/Archives/edgar/data/1002910/000100291023000053/0001002910-23-000053-index.htm",
    "finalLink": "https://www.sec.gov/Archives/edgar/data/18654/000100291023000053/aee-20221231.htm"
  },
  {
    "date": "2022-09-30",
    "symbol": "AEE",
    "reportedCurrency": "USD",
    "cik": "0001002910",
    "fillingDate": "2022-11-04",
    "acceptedDate": "2022-11-04 17:17:45",
    "calendarYear": "2022",
    "period": "Q3",
    "revenue": 2306000000,
    "costOfRevenue": 1213000000,
    "grossProfit": 1093000000,
    "grossProfitRatio": 0.4739809193,
    "researchAndDevelopmentExpenses": 0,
    "generalAndAdministrativeExpenses": -45000000,
    "sellingAndMarketingExpenses": 0,
    "sellingGeneralAndAdministrativeExpenses": -45000000,
    "otherExpenses": 539000000,
    "operatingExpenses": 494000000,
    "costAndExpenses": 1707000000,
    "interestIncome": 8000000,
    "interestExpense": 126000000,
    "depreciationAndAmortization": 369000000,
    "ebitda": 1026000000,
    "ebitdaratio": 0.4449262793,
    "operatingIncome": 599000000,
    "operatingIncomeRatio": 0.2597571552,
    "totalOtherIncomeExpensesNet": -68000000,
    "incomeBeforeTax": 531000000,
    "incomeBeforeTaxRatio": 0.2302688638,
    "incomeTaxExpense": 78000000,
    "netIncome": 452000000,
    "netIncomeRatio": 0.1960104076,
    "eps": 1.75,
    "epsdiluted": 1.74,
    "weightedAverageShsOut": 258399999,
    "weightedAverageShsOutDil": 259500000,
    "link": "https://www.sec.gov/Archives/edgar/data/1002910/000100291022000087/0001002910-22-000087-index.htm",
    "finalLink": "https://www.sec.gov/Archives/edgar/data/18654/000100291022000087/aee-20220930.htm"
  },
  {
    "date": "2022-06-30",
    "symbol": "AEE",
    "reportedCurrency": "USD",
    "cik": "0001002910",
    "fillingDate": "2022-08-08",
    "acceptedDate": "2022-08-05 18:53:36",
    "calendarYear": "2022",
    "period": "Q2",
    "revenue": 1726000000,
    "costOfRevenue": 972000000,
    "grossProfit": 754000000,
    "grossProfitRatio": 0.4368482039,
    "researchAndDevelopmentExpenses": 0,
    "generalAndAdministrativeExpenses": -47000000,
    "sellingAndMarketingExpenses": 0,
    "sellingGeneralAndAdministrativeExpenses": -47000000,
    "otherExpenses": 492000000,
    "operatingExpenses": 445000000,
    "costAndExpenses": 1417000000,
    "interestIncome": 6000000,
    "interestExpense": 126000000,
    "depreciationAndAmortization": 347000000,
    "ebitda": 718000000,
    "ebitdaratio": 0.41599073,
    "operatingIncome": 309000000,
    "operatingIncomeRatio": 0.1790266512,
    "totalOtherIncomeExpensesNet": -64000000,
    "incomeBeforeTax": 245000000,
    "incomeBeforeTaxRatio": 0.1419466976,
    "incomeTaxExpense": 36000000,
    "netIncome": 207000000,
    "netIncomeRatio": 0.1199304751,
    "eps": 0.8,
    "epsdiluted": 0.8,
    "weightedAverageShsOut": 258200000,
    "weightedAverageShsOutDil": 259399999,
    "link": "https://www.sec.gov/Archives/edgar/data/1002910/000100291022000072/0001002910-22-000072-index.htm",
    "finalLink": "https://www.sec.gov/Archives/edgar/data/18654/000100291022000072/aee-20220630.htm"
  },
  {
    "date": "2022-03-31",
    "symbol": "AEE",
    "reportedCurrency": "USD",
    "cik": "0001002910",
    "fillingDate": "2022-05-06",
    "acceptedDate": "2022-05-06 16:07:51",
    "calendarYear": "2022",
    "period": "Q1",
    "revenue": 1879000000,
    "costOfRevenue": 1107000000,
    "grossProfit": 772000000,
    "grossProfitRatio": 0.4108568387,
    "researchAndDevelopmentExpenses": 0,
    "generalAndAdministrativeExpenses": -46000000,
    "sellingAndMarketingExpenses": 0,
    "sellingGeneralAndAdministrativeExpenses": -46000000,
    "otherExpenses": 487000000,
    "operatingExpenses": 441000000,
    "costAndExpenses": 1548000000,
    "interestIncome": 6000000,
    "interestExpense": 104000000,
    "depreciationAndAmortization": 346000000,
    "ebitda": 737000000,
    "ebitdaratio": 0.3922299095,
    "operatingIncome": 331000000,
    "operatingIncomeRatio": 0.1761575306,
    "totalOtherIncomeExpensesNet": -44000000,
    "incomeBeforeTax": 287000000,
    "incomeBeforeTaxRatio": 0.1527408196,
    "incomeTaxExpense": 34000000,
    "netIncome": 252000000,
    "netIncomeRatio": 0.1341138904,
    "eps": 0.98,
    "epsdiluted": 0.97,
    "weightedAverageShsOut": 257899999,
    "weightedAverageShsOutDil": 259000000,
    "link": "https://www.sec.gov/Archives/edgar/data/1002910/000100291022000061/0001002910-22-000061-index.htm",
    "finalLink": "https://www.sec.gov/Archives/edgar/data/18654/000100291022000061/aee-20220331.htm"
  },
  {
    "date": "2021-12-31",
    "symbol": "AEE",
    "reportedCurrency": "USD",
    "cik": "0001002910",
    "fillingDate": "2022-02-23",
    "acceptedDate": "2022-02-22 18:43:23",
    "calendarYear": "2021",
    "period": "Q4",
    "revenue": 1545000000,
    "costOfRevenue": 938000000,
    "grossProfit": 607000000,
    "grossProfitRatio": 0.3928802589,
    "researchAndDevelopmentExpenses": 0,
    "generalAndAdministrativeExpenses": -34000000,
    "sellingAndMarketingExpenses": 0,
    "sellingGeneralAndAdministrativeExpenses": -34000000,
    "otherExpenses": 444000000,
    "operatingExpenses": 410000000,
    "costAndExpenses": 1348000000,
    "interestIncome": 7000000,
    "interestExpense": 93000000,
    "depreciationAndAmortization": 337000000,
    "ebitda": 585000000,
    "ebitdaratio": 0.3786407767,
    "operatingIncome": 197000000,
    "operatingIncomeRatio": 0.1275080906,
    "totalOtherIncomeExpensesNet": -42000000,
    "incomeBeforeTax": 155000000,
    "incomeBeforeTaxRatio": 0.1003236246,
    "incomeTaxExpense": 29000000,
    "netIncome": 125000000,
    "netIncomeRatio": 0.0809061489,
    "eps": 0.48,
    "epsdiluted": 0.48,
    "weightedAverageShsOut": 257600000,
    "weightedAverageShsOutDil": 258899999,
    "link": "https://www.sec.gov/Archives/edgar/data/1002910/000100291022000038/0001002910-22-000038-index.htm",
    "finalLink": "https://www.sec.gov/Archives/edgar/data/18654/000100291022000038/aee-20211231.htm"
  },
  {
    "date": "2021-09-30",
    "symbol": "AEE",
    "reportedCurrency": "USD",
    "cik": "0001002910",
    "fillingDate": "2021-11-04",
    "acceptedDate": "2021-11-04 17:24:32",
    "calendarYear": "2021",
    "period": "Q3",
    "revenue": 1811000000,
    "costOfRevenue": 845000000,
    "grossProfit": 966000000,
    "grossProfitRatio": 0.5334069575,
    "researchAndDevelopmentExpenses": 0,
    "generalAndAdministrativeExpenses": -34000000,
    "sellingAndMarketingExpenses": 0,
    "sellingGeneralAndAdministrativeExpenses": -34000000,
    "otherExpenses": 466000000,
    "operatingExpenses": 432000000,
    "costAndExpenses": 1277000000,
    "interestIncome": 7000000,
    "interestExpense": 94000000,
    "depreciationAndAmortization": 324000000,
    "ebitda": 914000000,
    "ebitdaratio": 0.5046935395,
    "operatingIncome": 534000000,
    "operatingIncomeRatio": 0.2948647156,
    "totalOtherIncomeExpensesNet": -38000000,
    "incomeBeforeTax": 496000000,
    "incomeBeforeTaxRatio": 0.2738818332,
    "incomeTaxExpense": 70000000,
    "netIncome": 425000000,
    "netIncomeRatio": 0.234676974,
    "eps": 1.66,
    "epsdiluted": 1.65,
    "weightedAverageShsOut": 257300000,
    "weightedAverageShsOutDil": 258600000,
    "link": "https://www.sec.gov/Archives/edgar/data/1002910/000100291021000113/0001002910-21-000113-index.htm",
    "finalLink": "https://www.sec.gov/Archives/edgar/data/18654/000100291021000113/aee-20210930.htm"
  },
  {
    "date": "2021-06-30",
    "symbol": "AEE",
    "reportedCurrency": "USD",
    "cik": "0001002910",
    "fillingDate": "2021-08-06",
    "acceptedDate": "2021-08-06 17:20:41",
    "calendarYear": "2021",
    "period": "Q2",
    "revenue": 1472000000,
    "costOfRevenue": 779000000,
    "grossProfit": 693000000,
    "grossProfitRatio": 0.4707880435,
    "researchAndDevelopmentExpenses": 0,
    "generalAndAdministrativeExpenses": -34000000,
    "sellingAndMarketingExpenses": 0,
    "sellingGeneralAndAdministrativeExpenses": -34000000,
    "otherExpenses": 441000000,
    "operatingExpenses": 407000000,
    "costAndExpenses": 1186000000,
    "interestIncome": 6000000,
    "interestExpense": 96000000,
    "depreciationAndAmortization": 321000000,
    "ebitda": 656000000,
    "ebitdaratio": 0.4456521739,
    "operatingIncome": 286000000,
    "operatingIncomeRatio": 0.1942934783,
    "totalOtherIncomeExpensesNet": -47000000,
    "incomeBeforeTax": 239000000,
    "incomeBeforeTaxRatio": 0.1623641304,
    "incomeTaxExpense": 31000000,
    "netIncome": 207000000,
    "netIncomeRatio": 0.140625,
    "eps": 0.81,
    "epsdiluted": 0.8,
    "weightedAverageShsOut": 256100000,
    "weightedAverageShsOutDil": 257200000,
    "link": "https://www.sec.gov/Archives/edgar/data/1002910/000100291021000103/0001002910-21-000103-index.htm",
    "finalLink": "https://www.sec.gov/Archives/edgar/data/18654/000100291021000103/aee-20210630.htm"
  },
  {
    "date": "2021-03-31",
    "symbol": "AEE",
    "reportedCurrency": "USD",
    "cik": "0001002910",
    "fillingDate": "2021-05-10",
    "acceptedDate": "2021-05-10 16:33:09",
    "calendarYear": "2021",
    "period": "Q1",
    "revenue": 1566000000,
    "costOfRevenue": 841000000,
    "grossProfit": 725000000,
    "grossProfitRatio": 0.462962963,
    "researchAndDevelopmentExpenses": 0,
    "generalAndAdministrativeExpenses": -34000000,
    "sellingAndMarketingExpenses": 0,
    "sellingGeneralAndAdministrativeExpenses": -34000000,
    "otherExpenses": 443000000,
    "operatingExpenses": 409000000,
    "costAndExpenses": 1250000000,
    "interestIncome": 7000000,
    "interestExpense": 100000000,
    "depreciationAndAmortization": 295000000,
    "ebitda": 657000000,
    "ebitdaratio": 0.4195402299,
    "operatingIncome": 316000000,
    "operatingIncomeRatio": 0.2017879949,
    "totalOtherIncomeExpensesNet": -54000000,
    "incomeBeforeTax": 262000000,
    "incomeBeforeTaxRatio": 0.1673052363,
    "incomeTaxExpense": 27000000,
    "netIncome": 233000000,
    "netIncomeRatio": 0.1487867178,
    "eps": 0.92,
    "epsdiluted": 0.91,
    "weightedAverageShsOut": 254400000,
    "weightedAverageShsOutDil": 255900000,
    "link": "https://www.sec.gov/Archives/edgar/data/1002910/000100291021000094/0001002910-21-000094-index.htm",
    "finalLink": "https://www.sec.gov/Archives/edgar/data/18654/000100291021000094/aee-20210331.htm"
  },
  {
    "date": "2020-12-31",
    "symbol": "AEE",
    "reportedCurrency": "USD",
    "cik": "0001002910",
    "fillingDate": "2021-02-22",
    "acceptedDate": "2021-02-22 17:22:26",
    "calendarYear": "2020",
    "period": "Q4",
    "revenue": 1328000000,
    "costOfRevenue": 730000000,
    "grossProfit": 598000000,
    "grossProfitRatio": 0.4503012048,
    "researchAndDevelopmentExpenses": 0,
    "generalAndAdministrativeExpenses": 0,
    "sellingAndMarketingExpenses": 0,
    "sellingGeneralAndAdministrativeExpenses": 0,
    "otherExpenses": 387000000,
    "operatingExpenses": 387000000,
    "costAndExpenses": 1117000000,
    "interestIncome": 8000000,
    "interestExpense": 108000000,
    "depreciationAndAmortization": 283000000,
    "ebitda": 528000000,
    "ebitdaratio": 0.3975903614,
    "operatingIncome": 211000000,
    "operatingIncomeRatio": 0.1588855422,
    "totalOtherIncomeExpensesNet": -74000000,
    "incomeBeforeTax": 137000000,
    "incomeBeforeTaxRatio": 0.1031626506,
    "incomeTaxExpense": 21000000,
    "netIncome": 115000000,
    "netIncomeRatio": 0.0865963855,
    "eps": 0.47,
    "epsdiluted": 0.46,
    "weightedAverageShsOut": 247400000,
    "weightedAverageShsOutDil": 249700000,
    "link": "https://www.sec.gov/Archives/edgar/data/1002910/000100291021000065/0001002910-21-000065-index.htm",
    "finalLink": "https://www.sec.gov/Archives/edgar/data/18654/000100291021000065/aee-20201231.htm"
  },
  {
    "date": "2020-09-30",
    "symbol": "AEE",
    "reportedCurrency": "USD",
    "cik": "0001002910",
    "fillingDate": "2020-11-05",
    "acceptedDate": "2020-11-05 16:23:35",
    "calendarYear": "2020",
    "period": "Q3",
    "revenue": 1628000000,
    "costOfRevenue": 733000000,
    "grossProfit": 895000000,
    "grossProfitRatio": 0.5497542998,
    "researchAndDevelopmentExpenses": 0,
    "generalAndAdministrativeExpenses": -32000000,
    "sellingAndMarketingExpenses": 0,
    "sellingGeneralAndAdministrativeExpenses": -32000000,
    "otherExpenses": 433000000,
    "operatingExpenses": 401000000,
    "costAndExpenses": 1134000000,
    "interestIncome": 7000000,
    "interestExpense": 110000000,
    "depreciationAndAmortization": 293000000,
    "ebitda": 835000000,
    "ebitdaratio": 0.5128992629,
    "operatingIncome": 494000000,
    "operatingIncomeRatio": 0.3034398034,
    "totalOtherIncomeExpensesNet": -62000000,
    "incomeBeforeTax": 432000000,
    "incomeBeforeTaxRatio": 0.2653562654,
    "incomeTaxExpense": 63000000,
    "netIncome": 367000000,
    "netIncomeRatio": 0.2254299754,
    "eps": 1.48,
    "epsdiluted": 1.47,
    "weightedAverageShsOut": 247100000,
    "weightedAverageShsOutDil": 249200000,
    "link": "https://www.sec.gov/Archives/edgar/data/1002910/000100291020000138/0001002910-20-000138-index.htm",
    "finalLink": "https://www.sec.gov/Archives/edgar/data/18654/000100291020000138/aee-20200930.htm"
  },
  {
    "date": "2020-06-30",
    "symbol": "AEE",
    "reportedCurrency": "USD",
    "cik": "0001002910",
    "fillingDate": "2020-08-07",
    "acceptedDate": "2020-08-07 17:46:11",
    "calendarYear": "2020",
    "period": "Q2",
    "revenue": 1398000000,
    "costOfRevenue": 654000000,
    "grossProfit": 744000000,
    "grossProfitRatio": 0.5321888412,
    "researchAndDevelopmentExpenses": 0,
    "generalAndAdministrativeExpenses": -30000000,
    "sellingAndMarketingExpenses": 0,
    "sellingGeneralAndAdministrativeExpenses": -30000000,
    "otherExpenses": 420000000,
    "operatingExpenses": 390000000,
    "costAndExpenses": 1044000000,
    "interestIncome": 7000000,
    "interestExpense": 108000000,
    "depreciationAndAmortization": 291000000,
    "ebitda": 693000000,
    "ebitdaratio": 0.4957081545,
    "operatingIncome": 354000000,
    "operatingIncomeRatio": 0.2532188841,
    "totalOtherIncomeExpensesNet": -60000000,
    "incomeBeforeTax": 294000000,
    "incomeBeforeTaxRatio": 0.2103004292,
    "incomeTaxExpense": 50000000,
    "netIncome": 243000000,
    "netIncomeRatio": 0.1738197425,
    "eps": 0.99,
    "epsdiluted": 0.98,
    "weightedAverageShsOut": 246900000,
    "weightedAverageShsOutDil": 247900000,
    "link": "https://www.sec.gov/Archives/edgar/data/1002910/000100291020000128/0001002910-20-000128-index.htm",
    "finalLink": "https://www.sec.gov/Archives/edgar/data/18654/000100291020000128/aee-20200630.htm"
  },
  {
    "date": "2020-03-31",
    "symbol": "AEE",
    "reportedCurrency": "USD",
    "cik": "0001002910",
    "fillingDate": "2020-05-11",
    "acceptedDate": "2020-05-11 16:42:24",
    "calendarYear": "2020",
    "period": "Q1",
    "revenue": 1440000000,
    "costOfRevenue": 819000000,
    "grossProfit": 621000000,
    "grossProfitRatio": 0.43125,
    "researchAndDevelopmentExpenses": 0,
    "generalAndAdministrativeExpenses": -23000000,
    "sellingAndMarketingExpenses": 0,
    "sellingGeneralAndAdministrativeExpenses": -23000000,
    "otherExpenses": 403000000,
    "operatingExpenses": 380000000,
    "costAndExpenses": 1199000000,
    "interestIncome": 7000000,
    "interestExpense": 93000000,
    "depreciationAndAmortization": 286000000,
    "ebitda": 548000000,
    "ebitdaratio": 0.3805555556,
    "operatingIncome": 241000000,
    "operatingIncomeRatio": 0.1673611111,
    "totalOtherIncomeExpensesNet": -72000000,
    "incomeBeforeTax": 169000000,
    "incomeBeforeTaxRatio": 0.1173611111,
    "incomeTaxExpense": 21000000,
    "netIncome": 146000000,
    "netIncomeRatio": 0.1013888889,
    "eps": 0.59,
    "epsdiluted": 0.59,
    "weightedAverageShsOut": 246400000,
    "weightedAverageShsOutDil": 248100000,
    "link": "https://www.sec.gov/Archives/edgar/data/1002910/000100291020000115/0001002910-20-000115-index.htm",
    "finalLink": "https://www.sec.gov/Archives/edgar/data/18654/000100291020000115/aee-2020q1.htm"
  },
  {
    "date": "2019-12-31",
    "symbol": "AEE",
    "reportedCurrency": "USD",
    "cik": "0001002910",
    "fillingDate": "2020-02-28",
    "acceptedDate": "2020-02-28 17:34:34",
    "calendarYear": "2019",
    "period": "Q4",
    "revenue": 1316000000,
    "costOfRevenue": 781000000,
    "grossProfit": 535000000,
    "grossProfitRatio": 0.4065349544,
    "researchAndDevelopmentExpenses": 0,
    "generalAndAdministrativeExpenses": -23000000,
    "sellingAndMarketingExpenses": 0,
    "sellingGeneralAndAdministrativeExpenses": -23000000,
    "otherExpenses": 379000000,
    "operatingExpenses": 356000000,
    "costAndExpenses": 1137000000,
    "interestIncome": 8000000,
    "interestExpense": 91000000,
    "depreciationAndAmortization": 280000000,
    "ebitda": 490000000,
    "ebitdaratio": 0.3723404255,
    "operatingIncome": 179000000,
    "operatingIncomeRatio": 0.1360182371,
    "totalOtherIncomeExpensesNet": -60000000,
    "incomeBeforeTax": 119000000,
    "incomeBeforeTaxRatio": 0.0904255319,
    "incomeTaxExpense": 24000000,
    "netIncome": 94000000,
    "netIncomeRatio": 0.0714285714,
    "eps": 0.38,
    "epsdiluted": 0.38,
    "weightedAverageShsOut": 246000000,
    "weightedAverageShsOutDil": 247500000,
    "link": "https://www.sec.gov/Archives/edgar/data/1002910/000100291020000077/0001002910-20-000077-index.htm",
    "finalLink": "https://www.sec.gov/Archives/edgar/data/18654/000100291020000077/aee201910-k.htm"
  },
  {
    "date": "2019-09-30",
    "symbol": "AEE",
    "reportedCurrency": "USD",
    "cik": "0001002910",
    "fillingDate": "2019-11-08",
    "acceptedDate": "2019-11-08 15:03:09",
    "calendarYear": "2019",
    "period": "Q3",
    "revenue": 1659000000,
    "costOfRevenue": 760000000,
    "grossProfit": 899000000,
    "grossProfitRatio": 0.5418927064,
    "researchAndDevelopmentExpenses": 0,
    "generalAndAdministrativeExpenses": -23000000,
    "sellingAndMarketingExpenses": 0,
    "sellingGeneralAndAdministrativeExpenses": -23000000,
    "otherExpenses": 402000000,
    "operatingExpenses": 379000000,
    "costAndExpenses": 1139000000,
    "interestIncome": 8000000,
    "interestExpense": 96000000,
    "depreciationAndAmortization": 274000000,
    "ebitda": 828000000,
    "ebitdaratio": 0.4990958409,
    "operatingIncome": 520000000,
    "operatingIncomeRatio": 0.3134418324,
    "totalOtherIncomeExpensesNet": -62000000,
    "incomeBeforeTax": 458000000,
    "incomeBeforeTaxRatio": 0.2760699216,
    "incomeTaxExpense": 92000000,
    "netIncome": 364000000,
    "netIncomeRatio": 0.2194092827,
    "eps": 1.48,
    "epsdiluted": 1.47,
    "weightedAverageShsOut": 245900000,
    "weightedAverageShsOutDil": 247500000,
    "link": "https://www.sec.gov/Archives/edgar/data/1002910/000100291019000148/0001002910-19-000148-index.htm",
    "finalLink": "https://www.sec.gov/Archives/edgar/data/18654/000100291019000148/aee-2019q3.htm"
  },
  {
    "date": "2019-06-30",
    "symbol": "AEE",
    "reportedCurrency": "USD",
    "cik": "0001002910",
    "fillingDate": "2019-08-02",
    "acceptedDate": "2019-08-02 16:27:55",
    "calendarYear": "2019",
    "period": "Q2",
    "revenue": 1379000000,
    "costOfRevenue": 732000000,
    "grossProfit": 647000000,
    "grossProfitRatio": 0.4691805656,
    "researchAndDevelopmentExpenses": 0,
    "generalAndAdministrativeExpenses": -22000000,
    "sellingAndMarketingExpenses": 0,
    "sellingGeneralAndAdministrativeExpenses": -22000000,
    "otherExpenses": 389000000,
    "operatingExpenses": 367000000,
    "costAndExpenses": 1099000000,
    "interestIncome": 9000000,
    "interestExpense": 97000000,
    "depreciationAndAmortization": 259000000,
    "ebitda": 575000000,
    "ebitdaratio": 0.416968818,
    "operatingIncome": 280000000,
    "operatingIncomeRatio": 0.2030456853,
    "totalOtherIncomeExpensesNet": -61000000,
    "incomeBeforeTax": 219000000,
    "incomeBeforeTaxRatio": 0.1588107324,
    "incomeTaxExpense": 39000000,
    "netIncome": 179000000,
    "netIncomeRatio": 0.1298042059,
    "eps": 0.73,
    "epsdiluted": 0.72,
    "weightedAverageShsOut": 245600000,
    "weightedAverageShsOutDil": 247200000,
    "link": "https://www.sec.gov/Archives/edgar/data/1002910/000100291019000144/0001002910-19-000144-index.htm",
    "finalLink": "https://www.sec.gov/Archives/edgar/data/18654/000100291019000144/aee-2019q2.htm"
  },
  {
    "date": "2019-03-31",
    "symbol": "AEE",
    "reportedCurrency": "USD",
    "cik": "0001002910",
    "fillingDate": "2019-05-10",
    "acceptedDate": "2019-05-10 13:07:16",
    "calendarYear": "2019",
    "period": "Q1",
    "revenue": 1556000000,
    "costOfRevenue": 894000000,
    "grossProfit": 662000000,
    "grossProfitRatio": 0.4254498715,
    "researchAndDevelopmentExpenses": 0,
    "generalAndAdministrativeExpenses": -22000000,
    "sellingAndMarketingExpenses": 0,
    "sellingGeneralAndAdministrativeExpenses": -22000000,
    "otherExpenses": 396000000,
    "operatingExpenses": 374000000,
    "costAndExpenses": 1268000000,
    "interestIncome": 8000000,
    "interestExpense": 97000000,
    "depreciationAndAmortization": 268000000,
    "ebitda": 585000000,
    "ebitdaratio": 0.3759640103,
    "operatingIncome": 288000000,
    "operatingIncomeRatio": 0.1850899743,
    "totalOtherIncomeExpensesNet": -68000000,
    "incomeBeforeTax": 220000000,
    "incomeBeforeTaxRatio": 0.1413881748,
    "incomeTaxExpense": 27000000,
    "netIncome": 191000000,
    "netIncomeRatio": 0.1227506427,
    "eps": 0.78,
    "epsdiluted": 0.78,
    "weightedAverageShsOut": 244900000,
    "weightedAverageShsOutDil": 246400000,
    "link": "https://www.sec.gov/Archives/edgar/data/1002910/000100291019000139/0001002910-19-000139-index.htm",
    "finalLink": "https://www.sec.gov/Archives/edgar/data/18654/000100291019000139/aee-2019q1.htm"
  },
  {
    "date": "2018-12-31",
    "symbol": "AEE",
    "reportedCurrency": "USD",
    "cik": "0001002910",
    "fillingDate": "2019-02-26",
    "acceptedDate": "2019-02-26 17:21:39",
    "calendarYear": "2018",
    "period": "Q4",
    "revenue": 1419000000,
    "costOfRevenue": 902000000,
    "grossProfit": 517000000,
    "grossProfitRatio": 0.3643410853,
    "researchAndDevelopmentExpenses": 0,
    "generalAndAdministrativeExpenses": -18000000,
    "sellingAndMarketingExpenses": 0,
    "sellingGeneralAndAdministrativeExpenses": -18000000,
    "otherExpenses": 369000000,
    "operatingExpenses": 351000000,
    "costAndExpenses": 1253000000,
    "interestIncome": 8000000,
    "interestExpense": 99000000,
    "depreciationAndAmortization": 263000000,
    "ebitda": 447000000,
    "ebitdaratio": 0.3150105708,
    "operatingIncome": 166000000,
    "operatingIncomeRatio": 0.1169837914,
    "totalOtherIncomeExpensesNet": -81000000,
    "incomeBeforeTax": 85000000,
    "incomeBeforeTaxRatio": 0.059901339,
    "incomeTaxExpense": 16000000,
    "netIncome": 68000000,
    "netIncomeRatio": 0.0479210712,
    "eps": 0.28,
    "epsdiluted": 0.28,
    "weightedAverageShsOut": 244300000,
    "weightedAverageShsOutDil": 246800000,
    "link": "https://www.sec.gov/Archives/edgar/data/1002910/000100291019000094/0001002910-19-000094-index.htm",
    "finalLink": "https://www.sec.gov/Archives/edgar/data/18654/000100291019000094/aee201810-k.htm"
  },
  {
    "date": "2018-09-30",
    "symbol": "AEE",
    "reportedCurrency": "USD",
    "cik": "0001002910",
    "fillingDate": "2018-11-02",
    "acceptedDate": "2018-11-02 17:20:19",
    "calendarYear": "2018",
    "period": "Q3",
    "revenue": 1724000000,
    "costOfRevenue": 823000000,
    "grossProfit": 901000000,
    "grossProfitRatio": 0.5226218097,
    "researchAndDevelopmentExpenses": 0,
    "generalAndAdministrativeExpenses": -17000000,
    "sellingAndMarketingExpenses": 0,
    "sellingGeneralAndAdministrativeExpenses": -17000000,
    "otherExpenses": 385000000,
    "operatingExpenses": 368000000,
    "costAndExpenses": 1191000000,
    "interestIncome": 8000000,
    "interestExpense": 101000000,
    "depreciationAndAmortization": 259000000,
    "ebitda": 824000000,
    "ebitdaratio": 0.4779582367,
    "operatingIncome": 533000000,
    "operatingIncomeRatio": 0.3091647332,
    "totalOtherIncomeExpensesNet": -69000000,
    "incomeBeforeTax": 464000000,
    "incomeBeforeTaxRatio": 0.2691415313,
    "incomeTaxExpense": 105000000,
    "netIncome": 357000000,
    "netIncomeRatio": 0.2070765661,
    "eps": 1.46,
    "epsdiluted": 1.45,
    "weightedAverageShsOut": 244100000,
    "weightedAverageShsOutDil": 246300000,
    "link": "https://www.sec.gov/Archives/edgar/data/1002910/000100291018000140/0001002910-18-000140-index.htm",
    "finalLink": "https://www.sec.gov/Archives/edgar/data/18654/000100291018000140/aee-2018q3.htm"
  },
  {
    "date": "2018-06-30",
    "symbol": "AEE",
    "reportedCurrency": "USD",
    "cik": "0001002910",
    "fillingDate": "2018-08-08",
    "acceptedDate": "2018-08-07 19:09:40",
    "calendarYear": "2018",
    "period": "Q2",
    "revenue": 1563000000,
    "costOfRevenue": 818000000,
    "grossProfit": 745000000,
    "grossProfitRatio": 0.4766474728,
    "researchAndDevelopmentExpenses": 0,
    "generalAndAdministrativeExpenses": -19000000,
    "sellingAndMarketingExpenses": 0,
    "sellingGeneralAndAdministrativeExpenses": -19000000,
    "otherExpenses": 379000000,
    "operatingExpenses": 360000000,
    "costAndExpenses": 1178000000,
    "interestIncome": 9000000,
    "interestExpense": 100000000,
    "depreciationAndAmortization": 257000000,
    "ebitda": 671000000,
    "ebitdaratio": 0.4293026232,
    "operatingIncome": 385000000,
    "operatingIncomeRatio": 0.2463211772,
    "totalOtherIncomeExpensesNet": -71000000,
    "incomeBeforeTax": 314000000,
    "incomeBeforeTaxRatio": 0.2008957134,
    "incomeTaxExpense": 74000000,
    "netIncome": 239000000,
    "netIncomeRatio": 0.1529110685,
    "eps": 0.98,
    "epsdiluted": 0.97,
    "weightedAverageShsOut": 243700000,
    "weightedAverageShsOutDil": 245800000,
    "link": "https://www.sec.gov/Archives/edgar/data/1002910/000100291018000135/0001002910-18-000135-index.htm",
    "finalLink": "https://www.sec.gov/Archives/edgar/data/18654/000100291018000135/aee-2018q2.htm"
  },
  {
    "date": "2018-03-31",
    "symbol": "AEE",
    "reportedCurrency": "USD",
    "cik": "0001002910",
    "fillingDate": "2018-05-09",
    "acceptedDate": "2018-05-09 17:19:56",
    "calendarYear": "2018",
    "period": "Q1",
    "revenue": 1585000000,
    "costOfRevenue": 953000000,
    "grossProfit": 632000000,
    "grossProfitRatio": 0.3987381703,
    "researchAndDevelopmentExpenses": 0,
    "generalAndAdministrativeExpenses": -16000000,
    "sellingAndMarketingExpenses": 0,
    "sellingGeneralAndAdministrativeExpenses": -16000000,
    "otherExpenses": 375000000,
    "operatingExpenses": 359000000,
    "costAndExpenses": 1312000000,
    "interestIncome": 8000000,
    "interestExpense": 101000000,
    "depreciationAndAmortization": 254000000,
    "ebitda": 550000000,
    "ebitdaratio": 0.3470031546,
    "operatingIncome": 273000000,
    "operatingIncomeRatio": 0.1722397476,
    "totalOtherIncomeExpensesNet": -78000000,
    "incomeBeforeTax": 195000000,
    "incomeBeforeTaxRatio": 0.1230283912,
    "incomeTaxExpense": 42000000,
    "netIncome": 151000000,
    "netIncomeRatio": 0.0952681388,
    "eps": 0.62,
    "epsdiluted": 0.62,
    "weightedAverageShsOut": 242900000,
    "weightedAverageShsOutDil": 244400000,
    "link": "https://www.sec.gov/Archives/edgar/data/1002910/000100291018000119/0001002910-18-000119-index.htm",
    "finalLink": "https://www.sec.gov/Archives/edgar/data/18654/000100291018000119/aee-2018q1.htm"
  },
  {
    "date": "2017-12-31",
    "symbol": "AEE",
    "reportedCurrency": "USD",
    "cik": "0001002910",
    "fillingDate": "2018-02-28",
    "acceptedDate": "2018-02-28 16:42:56",
    "calendarYear": "2017",
    "period": "Q4",
    "revenue": 1402000000,
    "costOfRevenue": 836000000,
    "grossProfit": 566000000,
    "grossProfitRatio": 0.4037089872,
    "researchAndDevelopmentExpenses": 0,
    "generalAndAdministrativeExpenses": 0,
    "sellingAndMarketingExpenses": 0,
    "sellingGeneralAndAdministrativeExpenses": 0,
    "otherExpenses": 341000000,
    "operatingExpenses": 341000000,
    "costAndExpenses": 1177000000,
    "interestIncome": 9000000,
    "interestExpense": 96000000,
    "depreciationAndAmortization": 228000000,
    "ebitda": 465000000,
    "ebitdaratio": 0.3316690442,
    "operatingIncome": 225000000,
    "operatingIncomeRatio": 0.1604850214,
    "totalOtherIncomeExpensesNet": -84000000,
    "incomeBeforeTax": 141000000,
    "incomeBeforeTaxRatio": 0.1005706134,
    "incomeTaxExpense": 200000000,
    "netIncome": -60000000,
    "netIncomeRatio": -0.0427960057,
    "eps": -0.25,
    "epsdiluted": -0.25,
    "weightedAverageShsOut": 242600000,
    "weightedAverageShsOutDil": 244700000,
    "link": "https://www.sec.gov/Archives/edgar/data/1002910/000100291018000069/0001002910-18-000069-index.htm",
    "finalLink": "https://www.sec.gov/Archives/edgar/data/18654/000100291018000069/aee201710-k.htm"
  },
  {
    "date": "2017-09-30",
    "symbol": "AEE",
    "reportedCurrency": "USD",
    "cik": "0001002910",
    "fillingDate": "2017-11-03",
    "acceptedDate": "2017-11-03 17:25:56",
    "calendarYear": "2017",
    "period": "Q3",
    "revenue": 1723000000,
    "costOfRevenue": 800000000,
    "grossProfit": 923000000,
    "grossProfitRatio": 0.5356935577,
    "researchAndDevelopmentExpenses": 0,
    "generalAndAdministrativeExpenses": -11000000,
    "sellingAndMarketingExpenses": 0,
    "sellingGeneralAndAdministrativeExpenses": -11000000,
    "otherExpenses": 365000000,
    "operatingExpenses": 354000000,
    "costAndExpenses": 1154000000,
    "interestIncome": 7000000,
    "interestExpense": 97000000,
    "depreciationAndAmortization": 243000000,
    "ebitda": 835000000,
    "ebitdaratio": 0.4846198491,
    "operatingIncome": 569000000,
    "operatingIncomeRatio": 0.3302379571,
    "totalOtherIncomeExpensesNet": -74000000,
    "incomeBeforeTax": 495000000,
    "incomeBeforeTaxRatio": 0.2872896111,
    "incomeTaxExpense": 205000000,
    "netIncome": 288000000,
    "netIncomeRatio": 0.1671503192,
    "eps": 1.19,
    "epsdiluted": 1.18,
    "weightedAverageShsOut": 242600000,
    "weightedAverageShsOutDil": 244700000,
    "link": "https://www.sec.gov/Archives/edgar/data/1002910/000100291017000108/0001002910-17-000108-index.htm",
    "finalLink": "https://www.sec.gov/Archives/edgar/data/18654/000100291017000108/aee-2017q3.htm"
  },
  {
    "date": "2017-06-30",
    "symbol": "AEE",
    "reportedCurrency": "USD",
    "cik": "0001002910",
    "fillingDate": "2017-08-04",
    "acceptedDate": "2017-08-04 17:27:36",
    "calendarYear": "2017",
    "period": "Q2",
    "revenue": 1538000000,
    "costOfRevenue": 811000000,
    "grossProfit": 726000000,
    "grossProfitRatio": 0.4720416125,
    "researchAndDevelopmentExpenses": 0,
    "generalAndAdministrativeExpenses": -10000000,
    "sellingAndMarketingExpenses": 0,
    "sellingGeneralAndAdministrativeExpenses": -10000000,
    "otherExpenses": 349000000,
    "operatingExpenses": 339000000,
    "costAndExpenses": 1150000000,
    "interestIncome": 9000000,
    "interestExpense": 99000000,
    "depreciationAndAmortization": 240000000,
    "ebitda": 647000000,
    "ebitdaratio": 0.4206762029,
    "operatingIncome": 387000000,
    "operatingIncomeRatio": 0.2516254876,
    "totalOtherIncomeExpensesNet": -79000000,
    "incomeBeforeTax": 308000000,
    "incomeBeforeTaxRatio": 0.200260078,
    "incomeTaxExpense": 114000000,
    "netIncome": 193000000,
    "netIncomeRatio": 0.1254876463,
    "eps": 0.79,
    "epsdiluted": 0.79,
    "weightedAverageShsOut": 242600000,
    "weightedAverageShsOutDil": 243500000,
    "link": "https://www.sec.gov/Archives/edgar/data/1002910/000100291017000103/0001002910-17-000103-index.htm",
    "finalLink": "https://www.sec.gov/Archives/edgar/data/18654/000100291017000103/aee-2017q2.htm"
  },
  {
    "date": "2017-03-31",
    "symbol": "AEE",
    "reportedCurrency": "USD",
    "cik": "0001002910",
    "fillingDate": "2017-05-05",
    "acceptedDate": "2017-05-05 16:42:36",
    "calendarYear": "2017",
    "period": "Q1",
    "revenue": 1514000000,
    "costOfRevenue": 934000000,
    "grossProfit": 581000000,
    "grossProfitRatio": 0.3837516513,
    "researchAndDevelopmentExpenses": 0,
    "generalAndAdministrativeExpenses": -12000000,
    "sellingAndMarketingExpenses": 0,
    "sellingGeneralAndAdministrativeExpenses": -12000000,
    "otherExpenses": 351000000,
    "operatingExpenses": 339000000,
    "costAndExpenses": 1273000000,
    "interestIncome": 9000000,
    "interestExpense": 99000000,
    "depreciationAndAmortization": 241000000,
    "ebitda": 501000000,
    "ebitdaratio": 0.3309114927,
    "operatingIncome": 242000000,
    "operatingIncomeRatio": 0.1598414795,
    "totalOtherIncomeExpensesNet": -81000000,
    "incomeBeforeTax": 161000000,
    "incomeBeforeTaxRatio": 0.106340819,
    "incomeTaxExpense": 57000000,
    "netIncome": 102000000,
    "netIncomeRatio": 0.0673712021,
    "eps": 0.42,
    "epsdiluted": 0.42,
    "weightedAverageShsOut": 242600000,
    "weightedAverageShsOutDil": 242600000,
    "link": "https://www.sec.gov/Archives/edgar/data/1002910/000100291017000091/0001002910-17-000091-index.htm",
    "finalLink": "https://www.sec.gov/Archives/edgar/data/18654/000100291017000091/aee-2017q1.htm"
  },
  {
    "date": "2016-12-31",
    "symbol": "AEE",
    "reportedCurrency": "USD",
    "cik": "0001002910",
    "fillingDate": "2017-02-28",
    "acceptedDate": "2017-02-28 11:06:25",
    "calendarYear": "2016",
    "period": "Q4",
    "revenue": 1356000000,
    "costOfRevenue": 885000000,
    "grossProfit": 471000000,
    "grossProfitRatio": 0.3473451327,
    "researchAndDevelopmentExpenses": 0,
    "generalAndAdministrativeExpenses": 0,
    "sellingAndMarketingExpenses": 0,
    "sellingGeneralAndAdministrativeExpenses": 0,
    "otherExpenses": 326000000,
    "operatingExpenses": 326000000,
    "costAndExpenses": 1211000000,
    "interestIncome": 9000000,
    "interestExpense": 95000000,
    "depreciationAndAmortization": 235000000,
    "ebitda": 389000000,
    "ebitdaratio": 0.2868731563,
    "operatingIncome": 145000000,
    "operatingIncomeRatio": 0.1069321534,
    "totalOtherIncomeExpensesNet": -86000000,
    "incomeBeforeTax": 59000000,
    "incomeBeforeTaxRatio": 0.0435103245,
    "incomeTaxExpense": 26000000,
    "netIncome": 32000000,
    "netIncomeRatio": 0.0235988201,
    "eps": 0.13,
    "epsdiluted": 0.13,
    "weightedAverageShsOut": 242600000,
    "weightedAverageShsOutDil": 244700000,
    "link": "https://www.sec.gov/Archives/edgar/data/1002910/000100291017000054/0001002910-17-000054-index.htm",
    "finalLink": "https://www.sec.gov/Archives/edgar/data/18654/000100291017000054/aee201610-k.htm"
  },
  {
    "date": "2016-09-30",
    "symbol": "AEE",
    "reportedCurrency": "USD",
    "cik": "0001002910",
    "fillingDate": "2016-11-04",
    "acceptedDate": "2016-11-04 16:45:47",
    "calendarYear": "2016",
    "period": "Q3",
    "revenue": 1859000000,
    "costOfRevenue": 828000000,
    "grossProfit": 1031000000,
    "grossProfitRatio": 0.5545992469,
    "researchAndDevelopmentExpenses": 0,
    "generalAndAdministrativeExpenses": 0,
    "sellingAndMarketingExpenses": 0,
    "sellingGeneralAndAdministrativeExpenses": 0,
    "otherExpenses": 340000000,
    "operatingExpenses": 340000000,
    "costAndExpenses": 1168000000,
    "interestIncome": 10000000,
    "interestExpense": 97000000,
    "depreciationAndAmortization": 231000000,
    "ebitda": 932000000,
    "ebitdaratio": 0.501344809,
    "operatingIncome": 691000000,
    "operatingIncomeRatio": 0.3717052179,
    "totalOtherIncomeExpensesNet": -87000000,
    "incomeBeforeTax": 604000000,
    "incomeBeforeTaxRatio": 0.3249058634,
    "incomeTaxExpense": 233000000,
    "netIncome": 369000000,
    "netIncomeRatio": 0.1984938139,
    "eps": 1.52,
    "epsdiluted": 1.52,
    "weightedAverageShsOut": 242600000,
    "weightedAverageShsOutDil": 242900000,
    "link": "https://www.sec.gov/Archives/edgar/data/1002910/000100291016000289/0001002910-16-000289-index.htm",
    "finalLink": "https://www.sec.gov/Archives/edgar/data/18654/000100291016000289/aee-2016q3.htm"
  },
  {
    "date": "2016-06-30",
    "symbol": "AEE",
    "reportedCurrency": "USD",
    "cik": "0001002910",
    "fillingDate": "2016-08-05",
    "acceptedDate": "2016-08-05 15:15:52",
    "calendarYear": "2016",
    "period": "Q2",
    "revenue": 1427000000,
    "costOfRevenue": 777000000,
    "grossProfit": 650000000,
    "grossProfitRatio": 0.4555010512,
    "researchAndDevelopmentExpenses": 0,
    "generalAndAdministrativeExpenses": 0,
    "sellingAndMarketingExpenses": 0,
    "sellingGeneralAndAdministrativeExpenses": 0,
    "otherExpenses": 325000000,
    "operatingExpenses": 325000000,
    "costAndExpenses": 1102000000,
    "interestIncome": 10000000,
    "interestExpense": 95000000,
    "depreciationAndAmortization": 223000000,
    "ebitda": 558000000,
    "ebitdaratio": 0.3910301331,
    "operatingIncome": 325000000,
    "operatingIncomeRatio": 0.2277505256,
    "totalOtherIncomeExpensesNet": -85000000,
    "incomeBeforeTax": 240000000,
    "incomeBeforeTaxRatio": 0.1681850035,
    "incomeTaxExpense": 92000000,
    "netIncome": 147000000,
    "netIncomeRatio": 0.1030133146,
    "eps": 0.61,
    "epsdiluted": 0.61,
    "weightedAverageShsOut": 242600000,
    "weightedAverageShsOutDil": 242600000,
    "link": "https://www.sec.gov/Archives/edgar/data/1002910/000100291016000276/0001002910-16-000276-index.htm",
    "finalLink": "https://www.sec.gov/Archives/edgar/data/18654/000100291016000276/aee-2016q2.htm"
  },
  {
    "date": "2016-03-31",
    "symbol": "AEE",
    "reportedCurrency": "USD",
    "cik": "0001002910",
    "fillingDate": "2016-05-10",
    "acceptedDate": "2016-05-10 16:19:18",
    "calendarYear": "2016",
    "period": "Q1",
    "revenue": 1434000000,
    "costOfRevenue": 893000000,
    "grossProfit": 541000000,
    "grossProfitRatio": 0.3772663877,
    "researchAndDevelopmentExpenses": 0,
    "generalAndAdministrativeExpenses": 0,
    "sellingAndMarketingExpenses": 0,
    "sellingGeneralAndAdministrativeExpenses": 0,
    "otherExpenses": 321000000,
    "operatingExpenses": 321000000,
    "costAndExpenses": 1214000000,
    "interestIncome": 11000000,
    "interestExpense": 95000000,
    "depreciationAndAmortization": 234000000,
    "ebitda": 467000000,
    "ebitdaratio": 0.3256624826,
    "operatingIncome": 220000000,
    "operatingIncomeRatio": 0.1534170153,
    "totalOtherIncomeExpensesNet": -82000000,
    "incomeBeforeTax": 138000000,
    "incomeBeforeTaxRatio": 0.0962343096,
    "incomeTaxExpense": 31000000,
    "netIncome": 105000000,
    "netIncomeRatio": 0.0732217573,
    "eps": 0.43,
    "epsdiluted": 0.43,
    "weightedAverageShsOut": 242600000,
    "weightedAverageShsOutDil": 242600000,
    "link": "https://www.sec.gov/Archives/edgar/data/1002910/000100291016000258/0001002910-16-000258-index.htm",
    "finalLink": "https://www.sec.gov/Archives/edgar/data/18654/000100291016000258/aee-2016q1.htm"
  },
  {
    "date": "2015-12-31",
    "symbol": "AEE",
    "reportedCurrency": "USD",
    "cik": "0001002910",
    "fillingDate": "2016-02-26",
    "acceptedDate": "2016-02-26 17:49:07",
    "calendarYear": "2015",
    "period": "Q4",
    "revenue": 1308000000,
    "costOfRevenue": 862000000,
    "grossProfit": 446000000,
    "grossProfitRatio": 0.3409785933,
    "researchAndDevelopmentExpenses": 0,
    "generalAndAdministrativeExpenses": 0,
    "sellingAndMarketingExpenses": 0,
    "sellingGeneralAndAdministrativeExpenses": 0,
    "otherExpenses": 306000000,
    "operatingExpenses": 306000000,
    "costAndExpenses": 1168000000,
    "interestIncome": 9000000,
    "interestExpense": 91000000,
    "depreciationAndAmortization": 221000000,
    "ebitda": 373000000,
    "ebitdaratio": 0.2851681957,
    "operatingIncome": 140000000,
    "operatingIncomeRatio": 0.1070336391,
    "totalOtherIncomeExpensesNet": -79000000,
    "incomeBeforeTax": 61000000,
    "incomeBeforeTaxRatio": 0.0466360856,
    "incomeTaxExpense": 30000000,
    "netIncome": 29000000,
    "netIncomeRatio": 0.0221712538,
    "eps": 0.12,
    "epsdiluted": 0.12,
    "weightedAverageShsOut": 243000000,
    "weightedAverageShsOutDil": 243000000,
    "link": "https://www.sec.gov/Archives/edgar/data/1002910/000100291016000205/0001002910-16-000205-index.htm",
    "finalLink": "https://www.sec.gov/Archives/edgar/data/18654/000100291016000205/aee201510-k.htm"
  },
  {
    "date": "2015-09-30",
    "symbol": "AEE",
    "reportedCurrency": "USD",
    "cik": "0001002910",
    "fillingDate": "2015-11-06",
    "acceptedDate": "2015-11-06 17:27:59",
    "calendarYear": "2015",
    "period": "Q3",
    "revenue": 1833000000,
    "costOfRevenue": 878000000,
    "grossProfit": 955000000,
    "grossProfitRatio": 0.5210038189,
    "researchAndDevelopmentExpenses": 0,
    "generalAndAdministrativeExpenses": 0,
    "sellingAndMarketingExpenses": 0,
    "sellingGeneralAndAdministrativeExpenses": 0,
    "otherExpenses": 329000000,
    "operatingExpenses": 329000000,
    "costAndExpenses": 1207000000,
    "interestIncome": 11000000,
    "interestExpense": 87000000,
    "depreciationAndAmortization": 219000000,
    "ebitda": 859000000,
    "ebitdaratio": 0.4686306601,
    "operatingIncome": 626000000,
    "operatingIncomeRatio": 0.3415166394,
    "totalOtherIncomeExpensesNet": -73000000,
    "incomeBeforeTax": 553000000,
    "incomeBeforeTaxRatio": 0.3016912166,
    "incomeTaxExpense": 208000000,
    "netIncome": 343000000,
    "netIncomeRatio": 0.1871249318,
    "eps": 1.42,
    "epsdiluted": 1.41,
    "weightedAverageShsOut": 242600000,
    "weightedAverageShsOutDil": 243900000,
    "link": "https://www.sec.gov/Archives/edgar/data/1002910/000100291015000140/0001002910-15-000140-index.htm",
    "finalLink": "https://www.sec.gov/Archives/edgar/data/18654/000100291015000140/aee-2015q3.htm"
  },
  {
    "date": "2015-06-30",
    "symbol": "AEE",
    "reportedCurrency": "USD",
    "cik": "0001002910",
    "fillingDate": "2015-08-06",
    "acceptedDate": "2015-08-06 14:26:47",
    "calendarYear": "2015",
    "period": "Q2",
    "revenue": 1401000000,
    "costOfRevenue": 779000000,
    "grossProfit": 622000000,
    "grossProfitRatio": 0.4439685939,
    "researchAndDevelopmentExpenses": 0,
    "generalAndAdministrativeExpenses": 0,
    "sellingAndMarketingExpenses": 0,
    "sellingGeneralAndAdministrativeExpenses": 0,
    "otherExpenses": 385000000,
    "operatingExpenses": 385000000,
    "costAndExpenses": 1164000000,
    "interestIncome": 10000000,
    "interestExpense": 89000000,
    "depreciationAndAmortization": 216000000,
    "ebitda": 463000000,
    "ebitdaratio": 0.3304782298,
    "operatingIncome": 237000000,
    "operatingIncomeRatio": 0.1691648822,
    "totalOtherIncomeExpensesNet": -79000000,
    "incomeBeforeTax": 158000000,
    "incomeBeforeTaxRatio": 0.1127765882,
    "incomeTaxExpense": 59000000,
    "netIncome": 150000000,
    "netIncomeRatio": 0.1070663812,
    "eps": 0.61,
    "epsdiluted": 0.61,
    "weightedAverageShsOut": 242600000,
    "weightedAverageShsOutDil": 242600000,
    "link": "https://www.sec.gov/Archives/edgar/data/1002910/000100291015000128/0001002910-15-000128-index.htm",
    "finalLink": "https://www.sec.gov/Archives/edgar/data/18654/000100291015000128/aee-2015q2.htm"
  },
  {
    "date": "2015-03-31",
    "symbol": "AEE",
    "reportedCurrency": "USD",
    "cik": "0001002910",
    "fillingDate": "2015-05-11",
    "acceptedDate": "2015-05-11 10:16:40",
    "calendarYear": "2015",
    "period": "Q1",
    "revenue": 1556000000,
    "costOfRevenue": 982000000,
    "grossProfit": 574000000,
    "grossProfitRatio": 0.3688946015,
    "researchAndDevelopmentExpenses": 0,
    "generalAndAdministrativeExpenses": 0,
    "sellingAndMarketingExpenses": 0,
    "sellingGeneralAndAdministrativeExpenses": 0,
    "otherExpenses": 318000000,
    "operatingExpenses": 318000000,
    "costAndExpenses": 1300000000,
    "interestIncome": 11000000,
    "interestExpense": 88000000,
    "depreciationAndAmortization": 218000000,
    "ebitda": 482000000,
    "ebitdaratio": 0.3097686375,
    "operatingIncome": 256000000,
    "operatingIncomeRatio": 0.1645244216,
    "totalOtherIncomeExpensesNet": -80000000,
    "incomeBeforeTax": 176000000,
    "incomeBeforeTaxRatio": 0.1131105398,
    "incomeTaxExpense": 66000000,
    "netIncome": 108000000,
    "netIncomeRatio": 0.0694087404,
    "eps": 0.45,
    "epsdiluted": 0.45,
    "weightedAverageShsOut": 242600000,
    "weightedAverageShsOutDil": 242600000,
    "link": "https://www.sec.gov/Archives/edgar/data/1002910/000100291015000119/0001002910-15-000119-index.htm",
    "finalLink": "https://www.sec.gov/Archives/edgar/data/18654/000100291015000119/aee-2015q1.htm"
  },
  {
    "date": "2014-12-31",
    "symbol": "AEE",
    "reportedCurrency": "USD",
    "cik": "0001002910",
    "fillingDate": "2015-03-02",
    "acceptedDate": "2015-03-02 14:33:36",
    "calendarYear": "2014",
    "period": "Q4",
    "revenue": 1370000000,
    "costOfRevenue": 945000000,
    "grossProfit": 425000000,
    "grossProfitRatio": 0.3102189781,
    "researchAndDevelopmentExpenses": 0,
    "generalAndAdministrativeExpenses": 0,
    "sellingAndMarketingExpenses": 0,
    "sellingGeneralAndAdministrativeExpenses": 0,
    "otherExpenses": 300000000,
    "operatingExpenses": 300000000,
    "costAndExpenses": 1245000000,
    "interestIncome": 9000000,
    "interestExpense": 75000000,
    "depreciationAndAmortization": 195000000,
    "ebitda": 337000000,
    "ebitdaratio": 0.2459854015,
    "operatingIncome": 125000000,
    "operatingIncomeRatio": 0.0912408759,
    "totalOtherIncomeExpensesNet": -58000000,
    "incomeBeforeTax": 67000000,
    "incomeBeforeTaxRatio": 0.0489051095,
    "incomeTaxExpense": 20000000,
    "netIncome": 48000000,
    "netIncomeRatio": 0.0350364964,
    "eps": 0.2,
    "epsdiluted": 0.2,
    "weightedAverageShsOut": 253148534,
    "weightedAverageShsOutDil": 244500000,
    "link": "https://www.sec.gov/Archives/edgar/data/1002910/000100291015000075/0001002910-15-000075-index.htm",
    "finalLink": "https://www.sec.gov/Archives/edgar/data/18654/000100291015000075/aee201410-k.htm"
  },
  {
    "date": "2014-09-30",
    "symbol": "AEE",
    "reportedCurrency": "USD",
    "cik": "0001002910",
    "fillingDate": "2014-11-10",
    "acceptedDate": "2014-11-10 14:31:17",
    "calendarYear": "2014",
    "period": "Q3",
    "revenue": 1670000000,
    "costOfRevenue": 801000000,
    "grossProfit": 869000000,
    "grossProfitRatio": 0.5203592814,
    "researchAndDevelopmentExpenses": 0,
    "generalAndAdministrativeExpenses": 0,
    "sellingAndMarketingExpenses": 0,
    "sellingGeneralAndAdministrativeExpenses": 0,
    "otherExpenses": 308000000,
    "operatingExpenses": 308000000,
    "costAndExpenses": 1109000000,
    "interestIncome": 9000000,
    "interestExpense": 85000000,
    "depreciationAndAmortization": 200000000,
    "ebitda": 775000000,
    "ebitdaratio": 0.4640718563,
    "operatingIncome": 561000000,
    "operatingIncomeRatio": 0.3359281437,
    "totalOtherIncomeExpensesNet": -71000000,
    "incomeBeforeTax": 490000000,
    "incomeBeforeTaxRatio": 0.2934131737,
    "incomeTaxExpense": 194000000,
    "netIncome": 293000000,
    "netIncomeRatio": 0.1754491018,
    "eps": 1.21,
    "epsdiluted": 1.2,
    "weightedAverageShsOut": 242600000,
    "weightedAverageShsOutDil": 244300000,
    "link": "https://www.sec.gov/Archives/edgar/data/1002910/000100291014000103/0001002910-14-000103-index.htm",
    "finalLink": "https://www.sec.gov/Archives/edgar/data/18654/000100291014000103/aee-2014q3.htm"
  },
  {
    "date": "2014-06-30",
    "symbol": "AEE",
    "reportedCurrency": "USD",
    "cik": "0001002910",
    "fillingDate": "2014-08-11",
    "acceptedDate": "2014-08-11 11:44:02",
    "calendarYear": "2014",
    "period": "Q2",
    "revenue": 1419000000,
    "costOfRevenue": 800000000,
    "grossProfit": 619000000,
    "grossProfitRatio": 0.436222692,
    "researchAndDevelopmentExpenses": 0,
    "generalAndAdministrativeExpenses": 0,
    "sellingAndMarketingExpenses": 0,
    "sellingGeneralAndAdministrativeExpenses": 0,
    "otherExpenses": 297000000,
    "operatingExpenses": 297000000,
    "costAndExpenses": 1097000000,
    "interestIncome": 9000000,
    "interestExpense": 89000000,
    "depreciationAndAmortization": 196000000,
    "ebitda": 535000000,
    "ebitdaratio": 0.3770260747,
    "operatingIncome": 322000000,
    "operatingIncomeRatio": 0.2269203665,
    "totalOtherIncomeExpensesNet": -72000000,
    "incomeBeforeTax": 250000000,
    "incomeBeforeTaxRatio": 0.1761804087,
    "incomeTaxExpense": 99000000,
    "netIncome": 149000000,
    "netIncomeRatio": 0.1050035236,
    "eps": 0.61,
    "epsdiluted": 0.61,
    "weightedAverageShsOut": 242600000,
    "weightedAverageShsOutDil": 242600000,
    "link": "https://www.sec.gov/Archives/edgar/data/1002910/000100291014000100/0001002910-14-000100-index.htm",
    "finalLink": "https://www.sec.gov/Archives/edgar/data/18654/000100291014000100/aee-2014q2.htm"
  },
  {
    "date": "2014-03-31",
    "symbol": "AEE",
    "reportedCurrency": "USD",
    "cik": "0001002910",
    "fillingDate": "2014-05-12",
    "acceptedDate": "2014-05-12 14:43:12",
    "calendarYear": "2014",
    "period": "Q1",
    "revenue": 1594000000,
    "costOfRevenue": 1040000000,
    "grossProfit": 554000000,
    "grossProfitRatio": 0.347553325,
    "researchAndDevelopmentExpenses": 0,
    "generalAndAdministrativeExpenses": 0,
    "sellingAndMarketingExpenses": 0,
    "sellingGeneralAndAdministrativeExpenses": 0,
    "otherExpenses": 308000000,
    "operatingExpenses": 308000000,
    "costAndExpenses": 1348000000,
    "interestIncome": 9000000,
    "interestExpense": 92000000,
    "depreciationAndAmortization": 200000000,
    "ebitda": 455000000,
    "ebitdaratio": 0.2854454203,
    "operatingIncome": 246000000,
    "operatingIncomeRatio": 0.1543287327,
    "totalOtherIncomeExpensesNet": -83000000,
    "incomeBeforeTax": 163000000,
    "incomeBeforeTaxRatio": 0.1022584693,
    "incomeTaxExpense": 64000000,
    "netIncome": 96000000,
    "netIncomeRatio": 0.0602258469,
    "eps": 0.4,
    "epsdiluted": 0.4,
    "weightedAverageShsOut": 242600000,
    "weightedAverageShsOutDil": 242600000,
    "link": "https://www.sec.gov/Archives/edgar/data/1002910/000100291014000087/0001002910-14-000087-index.htm",
    "finalLink": "https://www.sec.gov/Archives/edgar/data/18654/000100291014000087/aee-2014q1.htm"
  },
  {
    "date": "2013-12-31",
    "symbol": "AEE",
    "reportedCurrency": "USD",
    "cik": "0001002910",
    "fillingDate": "2014-03-03",
    "acceptedDate": "2014-03-03 11:59:22",
    "calendarYear": "2013",
    "period": "Q4",
    "revenue": 1322000000,
    "costOfRevenue": 869000000,
    "grossProfit": 453000000,
    "grossProfitRatio": 0.3426626324,
    "researchAndDevelopmentExpenses": 0,
    "generalAndAdministrativeExpenses": 0,
    "sellingAndMarketingExpenses": 0,
    "sellingGeneralAndAdministrativeExpenses": 0,
    "otherExpenses": 282000000,
    "operatingExpenses": 282000000,
    "costAndExpenses": 1151000000,
    "interestIncome": 6000000,
    "interestExpense": 109000000,
    "depreciationAndAmortization": 191000000,
    "ebitda": 372000000,
    "ebitdaratio": 0.2813918306,
    "operatingIncome": 171000000,
    "operatingIncomeRatio": 0.1293494705,
    "totalOtherIncomeExpensesNet": -99000000,
    "incomeBeforeTax": 72000000,
    "incomeBeforeTaxRatio": 0.0544629349,
    "incomeTaxExpense": 23000000,
    "netIncome": 37000000,
    "netIncomeRatio": 0.0279878971,
    "eps": 0.15,
    "epsdiluted": 0.15,
    "weightedAverageShsOut": 194415544,
    "weightedAverageShsOutDil": 245100000,
    "link": "https://www.sec.gov/Archives/edgar/data/1002910/000100291014000054/0001002910-14-000054-index.htm",
    "finalLink": "https://www.sec.gov/Archives/edgar/data/18654/000100291014000054/aee201310-k.htm"
  },
  {
    "date": "2013-09-30",
    "symbol": "AEE",
    "reportedCurrency": "USD",
    "cik": "0001002910",
    "fillingDate": "2013-11-08",
    "acceptedDate": "2013-11-08 17:00:49",
    "calendarYear": "2013",
    "period": "Q3",
    "revenue": 1638000000,
    "costOfRevenue": 775000000,
    "grossProfit": 863000000,
    "grossProfitRatio": 0.5268620269,
    "researchAndDevelopmentExpenses": 0,
    "generalAndAdministrativeExpenses": 0,
    "sellingAndMarketingExpenses": 0,
    "sellingGeneralAndAdministrativeExpenses": 0,
    "otherExpenses": 296000000,
    "operatingExpenses": 296000000,
    "costAndExpenses": 1071000000,
    "interestIncome": 9000000,
    "interestExpense": 88000000,
    "depreciationAndAmortization": 183000000,
    "ebitda": 765000000,
    "ebitdaratio": 0.467032967,
    "operatingIncome": 567000000,
    "operatingIncomeRatio": 0.3461538462,
    "totalOtherIncomeExpensesNet": -73000000,
    "incomeBeforeTax": 494000000,
    "incomeBeforeTaxRatio": 0.3015873016,
    "incomeTaxExpense": 187000000,
    "netIncome": 302000000,
    "netIncomeRatio": 0.1843711844,
    "eps": 1.25,
    "epsdiluted": 1.24,
    "weightedAverageShsOut": 242600000,
    "weightedAverageShsOutDil": 245100000,
    "link": "https://www.sec.gov/Archives/edgar/data/1002910/000100291013000095/0001002910-13-000095-index.htm",
    "finalLink": "https://www.sec.gov/Archives/edgar/data/18654/000100291013000095/aee-2013930x10q.htm"
  },
  {
    "date": "2013-06-30",
    "symbol": "AEE",
    "reportedCurrency": "USD",
    "cik": "0001002910",
    "fillingDate": "2013-08-09",
    "acceptedDate": "2013-08-09 16:40:23",
    "calendarYear": "2013",
    "period": "Q2",
    "revenue": 1403000000,
    "costOfRevenue": 853000000,
    "grossProfit": 550000000,
    "grossProfitRatio": 0.3920171062,
    "researchAndDevelopmentExpenses": 0,
    "generalAndAdministrativeExpenses": 0,
    "sellingAndMarketingExpenses": 0,
    "sellingGeneralAndAdministrativeExpenses": 0,
    "otherExpenses": 289000000,
    "operatingExpenses": 289000000,
    "costAndExpenses": 1142000000,
    "interestIncome": 8000000,
    "interestExpense": 100000000,
    "depreciationAndAmortization": 177000000,
    "ebitda": 450000000,
    "ebitdaratio": 0.3207412687,
    "operatingIncome": 261000000,
    "operatingIncomeRatio": 0.1860299359,
    "totalOtherIncomeExpensesNet": -89000000,
    "incomeBeforeTax": 172000000,
    "incomeBeforeTaxRatio": 0.1225944405,
    "incomeTaxExpense": 66000000,
    "netIncome": 95000000,
    "netIncomeRatio": 0.0677120456,
    "eps": 0.39,
    "epsdiluted": 0.39,
    "weightedAverageShsOut": 242600000,
    "weightedAverageShsOutDil": 242600000,
    "link": "https://www.sec.gov/Archives/edgar/data/1002910/000100291013000090/0001002910-13-000090-index.htm",
    "finalLink": "https://www.sec.gov/Archives/edgar/data/18654/000100291013000090/aee-2013630x10q.htm"
  },
  {
    "date": "2013-03-31",
    "symbol": "AEE",
    "reportedCurrency": "USD",
    "cik": "0001002910",
    "fillingDate": "2013-05-10",
    "acceptedDate": "2013-05-10 16:39:19",
    "calendarYear": "2013",
    "period": "Q1",
    "revenue": 1475000000,
    "costOfRevenue": 993000000,
    "grossProfit": 482000000,
    "grossProfitRatio": 0.326779661,
    "researchAndDevelopmentExpenses": 0,
    "generalAndAdministrativeExpenses": 0,
    "sellingAndMarketingExpenses": 0,
    "sellingGeneralAndAdministrativeExpenses": 0,
    "otherExpenses": 297000000,
    "operatingExpenses": 297000000,
    "costAndExpenses": 1290000000,
    "interestIncome": 7000000,
    "interestExpense": 101000000,
    "depreciationAndAmortization": 186000000,
    "ebitda": 378000000,
    "ebitdaratio": 0.2562711864,
    "operatingIncome": 185000000,
    "operatingIncomeRatio": 0.1254237288,
    "totalOtherIncomeExpensesNet": -94000000,
    "incomeBeforeTax": 91000000,
    "incomeBeforeTaxRatio": 0.0616949153,
    "incomeTaxExpense": 35000000,
    "netIncome": -145000000,
    "netIncomeRatio": -0.0983050847,
    "eps": -0.6,
    "epsdiluted": -0.6,
    "weightedAverageShsOut": 242600000,
    "weightedAverageShsOutDil": 242600000,
    "link": "https://www.sec.gov/Archives/edgar/data/1002910/000100291013000080/0001002910-13-000080-index.htm",
    "finalLink": "https://www.sec.gov/Archives/edgar/data/18654/000100291013000080/aee-2013331x10q.htm"
  },
  {
    "date": "2012-12-31",
    "symbol": "AEE",
    "reportedCurrency": "USD",
    "cik": "0001002910",
    "fillingDate": "2013-03-01",
    "acceptedDate": "2013-03-01 12:15:39",
    "calendarYear": "2012",
    "period": "Q4",
    "revenue": 1509000000,
    "costOfRevenue": 2379000000,
    "grossProfit": -870000000,
    "grossProfitRatio": -0.5765407555,
    "researchAndDevelopmentExpenses": 0,
    "generalAndAdministrativeExpenses": 0,
    "sellingAndMarketingExpenses": 0,
    "sellingGeneralAndAdministrativeExpenses": 0,
    "otherExpenses": 946000000,
    "operatingExpenses": 946000000,
    "costAndExpenses": 3325000000,
    "interestIncome": 0,
    "interestExpense": 110000000,
    "depreciationAndAmortization": 266000000,
    "ebitda": -1541000000,
    "ebitdaratio": -1.0212060968,
    "operatingIncome": -1816000000,
    "operatingIncomeRatio": -1.2034459907,
    "totalOtherIncomeExpensesNet": -101000000,
    "incomeBeforeTax": -1917000000,
    "incomeBeforeTaxRatio": -1.2703777336,
    "incomeTaxExpense": -762000000,
    "netIncome": -1156000000,
    "netIncomeRatio": -0.7660702452,
    "eps": -4.76,
    "epsdiluted": -4.77,
    "weightedAverageShsOut": 242600000,
    "weightedAverageShsOutDil": 242600000,
    "link": "https://www.sec.gov/Archives/edgar/data/1002910/000144530513000414/0001445305-13-000414-index.htm",
    "finalLink": "https://www.sec.gov/Archives/edgar/data/18654/000144530513000414/aee-2012x1231x10k.htm"
  },
  {
    "date": "2012-09-30",
    "symbol": "AEE",
    "reportedCurrency": "USD",
    "cik": "0001002910",
    "fillingDate": "2012-11-09",
    "acceptedDate": "2012-11-09 13:11:50",
    "calendarYear": "2012",
    "period": "Q3",
    "revenue": 1709000000,
    "costOfRevenue": 856000000,
    "grossProfit": 853000000,
    "grossProfitRatio": 0.4991222937,
    "researchAndDevelopmentExpenses": 0,
    "generalAndAdministrativeExpenses": 0,
    "sellingAndMarketingExpenses": 0,
    "sellingGeneralAndAdministrativeExpenses": 0,
    "otherExpenses": 275000000,
    "operatingExpenses": 275000000,
    "costAndExpenses": 1131000000,
    "interestIncome": 7000000,
    "interestExpense": 99000000,
    "depreciationAndAmortization": 174000000,
    "ebitda": 763000000,
    "ebitdaratio": 0.4464599181,
    "operatingIncome": 578000000,
    "operatingIncomeRatio": 0.3382094792,
    "totalOtherIncomeExpensesNet": -88000000,
    "incomeBeforeTax": 490000000,
    "incomeBeforeTaxRatio": 0.2867173786,
    "incomeTaxExpense": 179000000,
    "netIncome": 374000000,
    "netIncomeRatio": 0.2188414277,
    "eps": 1.54,
    "epsdiluted": 1.54,
    "weightedAverageShsOut": 242600000,
    "weightedAverageShsOutDil": 242900000,
    "link": "https://www.sec.gov/Archives/edgar/data/1002910/000119312512462627/0001193125-12-462627-index.htm",
    "finalLink": "https://www.sec.gov/Archives/edgar/data/18654/000119312512462627/d416386d10q.htm"
  },
  {
    "date": "2012-06-30",
    "symbol": "AEE",
    "reportedCurrency": "USD",
    "cik": "0001002910",
    "fillingDate": "2012-08-08",
    "acceptedDate": "2012-08-08 16:45:17",
    "calendarYear": "2012",
    "period": "Q2",
    "revenue": 1660000000,
    "costOfRevenue": 780000000,
    "grossProfit": 622000000,
    "grossProfitRatio": 0.3746987952,
    "researchAndDevelopmentExpenses": 0,
    "generalAndAdministrativeExpenses": 0,
    "sellingAndMarketingExpenses": 0,
    "sellingGeneralAndAdministrativeExpenses": 0,
    "otherExpenses": 278000000,
    "operatingExpenses": 278000000,
    "costAndExpenses": 1058000000,
    "interestIncome": 11000000,
    "interestExpense": 98000000,
    "depreciationAndAmortization": 178000000,
    "ebitda": 534000000,
    "ebitdaratio": 0.321686747,
    "operatingIncome": 344000000,
    "operatingIncomeRatio": 0.2072289157,
    "totalOtherIncomeExpensesNet": -86000000,
    "incomeBeforeTax": 258000000,
    "incomeBeforeTaxRatio": 0.1554216867,
    "incomeTaxExpense": 96000000,
    "netIncome": 211000000,
    "netIncomeRatio": 0.1271084337,
    "eps": 0.87,
    "epsdiluted": 0.87,
    "weightedAverageShsOut": 242600000,
    "weightedAverageShsOutDil": 242600000,
    "link": "https://www.sec.gov/Archives/edgar/data/1002910/000119312512344197/0001193125-12-344197-index.htm",
    "finalLink": "https://www.sec.gov/Archives/edgar/data/18654/000119312512344197/d375869d10q.htm"
  },
  {
    "date": "2012-03-31",
    "symbol": "AEE",
    "reportedCurrency": "USD",
    "cik": "0001002910",
    "fillingDate": "2012-05-10",
    "acceptedDate": "2012-05-10 11:25:28",
    "calendarYear": "2012",
    "period": "Q1",
    "revenue": 1412000000,
    "costOfRevenue": 974000000,
    "grossProfit": 438000000,
    "grossProfitRatio": 0.3101983003,
    "researchAndDevelopmentExpenses": 0,
    "generalAndAdministrativeExpenses": 0,
    "sellingAndMarketingExpenses": 0,
    "sellingGeneralAndAdministrativeExpenses": 0,
    "otherExpenses": 280000000,
    "operatingExpenses": 280000000,
    "costAndExpenses": 1254000000,
    "interestIncome": 7000000,
    "interestExpense": 98000000,
    "depreciationAndAmortization": 177000000,
    "ebitda": 337000000,
    "ebitdaratio": 0.2386685552,
    "operatingIncome": 158000000,
    "operatingIncomeRatio": 0.111898017,
    "totalOtherIncomeExpensesNet": -96000000,
    "incomeBeforeTax": 62000000,
    "incomeBeforeTaxRatio": 0.0439093484,
    "incomeTaxExpense": 23000000,
    "netIncome": -403000000,
    "netIncomeRatio": -0.2854107649,
    "eps": -1.66,
    "epsdiluted": -1.66,
    "weightedAverageShsOut": 242600000,
    "weightedAverageShsOutDil": 242600000,
    "link": "https://www.sec.gov/Archives/edgar/data/1002910/000119312512224293/0001193125-12-224293-index.htm",
    "finalLink": "https://www.sec.gov/Archives/edgar/data/18654/000119312512224293/d328507d10q.htm"
  },
  {
    "date": "2011-12-31",
    "symbol": "AEE",
    "reportedCurrency": "USD",
    "cik": "0001002910",
    "fillingDate": "2011-12-31",
    "acceptedDate": "2011-12-30 19:00:00",
    "calendarYear": "2011",
    "period": "Q4",
    "revenue": 1578000000,
    "costOfRevenue": 677000000,
    "grossProfit": 901000000,
    "grossProfitRatio": 0.5709759189,
    "researchAndDevelopmentExpenses": 0,
    "generalAndAdministrativeExpenses": 0,
    "sellingAndMarketingExpenses": 0,
    "sellingGeneralAndAdministrativeExpenses": 0,
    "otherExpenses": 753000000,
    "operatingExpenses": 753000000,
    "costAndExpenses": 1430000000,
    "interestIncome": 0,
    "interestExpense": 115000000,
    "depreciationAndAmortization": 160000000,
    "ebitda": 358000000,
    "ebitdaratio": 0.226869455,
    "operatingIncome": 148000000,
    "operatingIncomeRatio": 0.0937896071,
    "totalOtherIncomeExpensesNet": -105000000,
    "incomeBeforeTax": 43000000,
    "incomeBeforeTaxRatio": 0.0272496831,
    "incomeTaxExpense": 17000000,
    "netIncome": 25000000,
    "netIncomeRatio": 0.015842839,
    "eps": 0.1,
    "epsdiluted": 0.1,
    "weightedAverageShsOut": 242400000,
    "weightedAverageShsOutDil": 244800000,
    "link": null,
    "finalLink": null
  },
  {
    "date": "2011-11-23",
    "symbol": "AEE",
    "reportedCurrency": "USD",
    "cik": "0001002910",
    "fillingDate": "2012-02-28",
    "acceptedDate": "2012-02-28 16:43:40",
    "calendarYear": "2011",
    "period": "Q3",
    "revenue": 2268000000,
    "costOfRevenue": 845000000,
    "grossProfit": 1423000000,
    "grossProfitRatio": 0.6274250441,
    "researchAndDevelopmentExpenses": 0,
    "generalAndAdministrativeExpenses": 0,
    "sellingAndMarketingExpenses": 0,
    "sellingGeneralAndAdministrativeExpenses": 0,
    "otherExpenses": 873000000,
    "operatingExpenses": 873000000,
    "costAndExpenses": 1718000000,
    "interestIncome": 0,
    "interestExpense": 113000000,
    "depreciationAndAmortization": 185000000,
    "ebitda": 759000000,
    "ebitdaratio": 0.3346560847,
    "operatingIncome": 550000000,
    "operatingIncomeRatio": 0.2425044092,
    "totalOtherIncomeExpensesNet": -100000000,
    "incomeBeforeTax": 450000000,
    "incomeBeforeTaxRatio": 0.1984126984,
    "incomeTaxExpense": 163000000,
    "netIncome": 285000000,
    "netIncomeRatio": 0.1256613757,
    "eps": 1.18,
    "epsdiluted": 1.18,
    "weightedAverageShsOut": 241700000,
    "weightedAverageShsOutDil": 241700000,
    "link": "https://www.sec.gov/Archives/edgar/data/1002910/000119312512085489/0001193125-12-085489-index.htm",
    "finalLink": "https://www.sec.gov/Archives/edgar/data/18654/000119312512085489/d260990d10k.htm"
  },
  {
    "date": "2011-06-30",
    "symbol": "AEE",
    "reportedCurrency": "USD",
    "cik": "0001002910",
    "fillingDate": "2011-08-09",
    "acceptedDate": "2011-08-09 16:32:59",
    "calendarYear": "2011",
    "period": "Q2",
    "revenue": 1781000000,
    "costOfRevenue": 687000000,
    "grossProfit": 1094000000,
    "grossProfitRatio": 0.6142616508,
    "researchAndDevelopmentExpenses": 0,
    "generalAndAdministrativeExpenses": 0,
    "sellingAndMarketingExpenses": 0,
    "sellingGeneralAndAdministrativeExpenses": 0,
    "otherExpenses": 778000000,
    "operatingExpenses": 778000000,
    "costAndExpenses": 1465000000,
    "interestIncome": 0,
    "interestExpense": 104000000,
    "depreciationAndAmortization": 186000000,
    "ebitda": 522000000,
    "ebitdaratio": 0.2930937675,
    "operatingIncome": 316000000,
    "operatingIncomeRatio": 0.177428411,
    "totalOtherIncomeExpensesNet": -92000000,
    "incomeBeforeTax": 224000000,
    "incomeBeforeTaxRatio": 0.1257720382,
    "incomeTaxExpense": 85000000,
    "netIncome": 138000000,
    "netIncomeRatio": 0.0774845592,
    "eps": 0.57,
    "epsdiluted": 0.57,
    "weightedAverageShsOut": 241200000,
    "weightedAverageShsOutDil": 241200000,
    "link": "https://www.sec.gov/Archives/edgar/data/1002910/000119312511216568/0001193125-11-216568-index.htm",
    "finalLink": "https://www.sec.gov/Archives/edgar/data/18654/000119312511216568/d10q.htm"
  },
  {
    "date": "2011-03-31",
    "symbol": "AEE",
    "reportedCurrency": "USD",
    "cik": "0001002910",
    "fillingDate": "2011-05-10",
    "acceptedDate": "2011-05-10 15:02:12",
    "calendarYear": "2011",
    "period": "Q1",
    "revenue": 1904000000,
    "costOfRevenue": 894000000,
    "grossProfit": 1010000000,
    "grossProfitRatio": 0.5304621849,
    "researchAndDevelopmentExpenses": 0,
    "generalAndAdministrativeExpenses": 0,
    "sellingAndMarketingExpenses": 0,
    "sellingGeneralAndAdministrativeExpenses": 0,
    "otherExpenses": 783000000,
    "operatingExpenses": 783000000,
    "costAndExpenses": 1677000000,
    "interestIncome": 0,
    "interestExpense": 119000000,
    "depreciationAndAmortization": 187000000,
    "ebitda": 433000000,
    "ebitdaratio": 0.2274159664,
    "operatingIncome": 227000000,
    "operatingIncomeRatio": 0.1192226891,
    "totalOtherIncomeExpensesNet": -108000000,
    "incomeBeforeTax": 119000000,
    "incomeBeforeTaxRatio": 0.0625,
    "incomeTaxExpense": 45000000,
    "netIncome": 71000000,
    "netIncomeRatio": 0.037289916,
    "eps": 0.29,
    "epsdiluted": 0.29,
    "weightedAverageShsOut": 240600000,
    "weightedAverageShsOutDil": 240600000,
    "link": "https://www.sec.gov/Archives/edgar/data/1002910/000119312511134059/0001193125-11-134059-index.htm",
    "finalLink": "https://www.sec.gov/Archives/edgar/data/18654/000119312511134059/d10q.htm"
  },
  {
    "date": "2010-12-31",
    "symbol": "AEE",
    "reportedCurrency": "USD",
    "cik": "0001002910",
    "fillingDate": "2011-02-24",
    "acceptedDate": "2011-02-24 12:28:24",
    "calendarYear": "2010",
    "period": "Q4",
    "revenue": 1764000000,
    "costOfRevenue": 743000000,
    "grossProfit": 1021000000,
    "grossProfitRatio": 0.5787981859,
    "researchAndDevelopmentExpenses": 0,
    "generalAndAdministrativeExpenses": 0,
    "sellingAndMarketingExpenses": 0,
    "sellingGeneralAndAdministrativeExpenses": 0,
    "otherExpenses": 823000000,
    "operatingExpenses": 823000000,
    "costAndExpenses": 1566000000,
    "interestIncome": 0,
    "interestExpense": 120000000,
    "depreciationAndAmortization": 159000000,
    "ebitda": 398000000,
    "ebitdaratio": 0.2256235828,
    "operatingIncome": 198000000,
    "operatingIncomeRatio": 0.112244898,
    "totalOtherIncomeExpensesNet": -114000000,
    "incomeBeforeTax": 84000000,
    "incomeBeforeTaxRatio": 0.0476190476,
    "incomeTaxExpense": 30000000,
    "netIncome": 52000000,
    "netIncomeRatio": 0.029478458,
    "eps": 0.22,
    "epsdiluted": 0.22,
    "weightedAverageShsOut": 240000000,
    "weightedAverageShsOutDil": 240600000,
    "link": "https://www.sec.gov/Archives/edgar/data/1002910/000119312511044880/0001193125-11-044880-index.htm",
    "finalLink": "https://www.sec.gov/Archives/edgar/data/18654/000119312511044880/d10k.htm"
  },
  {
    "date": "2010-09-30",
    "symbol": "AEE",
    "reportedCurrency": "USD",
    "cik": "0001002910",
    "fillingDate": "2010-11-08",
    "acceptedDate": "2010-11-08 17:24:24",
    "calendarYear": "2010",
    "period": "Q3",
    "revenue": 2254000000,
    "costOfRevenue": 821000000,
    "grossProfit": 1446000000,
    "grossProfitRatio": 0.6415261757,
    "researchAndDevelopmentExpenses": 0,
    "generalAndAdministrativeExpenses": 0,
    "sellingAndMarketingExpenses": 0,
    "sellingGeneralAndAdministrativeExpenses": 0,
    "otherExpenses": 1357000000,
    "operatingExpenses": 1357000000,
    "costAndExpenses": 2178000000,
    "interestIncome": 0,
    "interestExpense": 130000000,
    "depreciationAndAmortization": 201000000,
    "ebitda": 304000000,
    "ebitdaratio": 0.1348713398,
    "operatingIncome": 89000000,
    "operatingIncomeRatio": 0.0394853594,
    "totalOtherIncomeExpensesNet": -116000000,
    "incomeBeforeTax": -27000000,
    "incomeBeforeTaxRatio": -0.0119787045,
    "incomeTaxExpense": 137000000,
    "netIncome": -167000000,
    "netIncomeRatio": -0.0740905058,
    "eps": -0.7,
    "epsdiluted": -0.7,
    "weightedAverageShsOut": 239300000,
    "weightedAverageShsOutDil": 239300000,
    "link": "https://www.sec.gov/Archives/edgar/data/1002910/000119312510252336/0001193125-10-252336-index.htm",
    "finalLink": "https://www.sec.gov/Archives/edgar/data/18651/000119312510252336/d10q.htm"
  },
  {
    "date": "2010-06-30",
    "symbol": "AEE",
    "reportedCurrency": "USD",
    "cik": "0001002910",
    "fillingDate": "2010-08-09",
    "acceptedDate": "2010-08-09 15:16:59",
    "calendarYear": "2010",
    "period": "Q2",
    "revenue": 1704000000,
    "costOfRevenue": 637000000,
    "grossProfit": 1088000000,
    "grossProfitRatio": 0.6384976526,
    "researchAndDevelopmentExpenses": 0,
    "generalAndAdministrativeExpenses": 0,
    "sellingAndMarketingExpenses": 0,
    "sellingGeneralAndAdministrativeExpenses": 0,
    "otherExpenses": 757000000,
    "operatingExpenses": 757000000,
    "costAndExpenses": 1394000000,
    "interestIncome": 0,
    "interestExpense": 115000000,
    "depreciationAndAmortization": 197000000,
    "ebitda": 550000000,
    "ebitdaratio": 0.3227699531,
    "operatingIncome": 331000000,
    "operatingIncomeRatio": 0.1942488263,
    "totalOtherIncomeExpensesNet": -93000000,
    "incomeBeforeTax": 238000000,
    "incomeBeforeTaxRatio": 0.1396713615,
    "incomeTaxExpense": 83000000,
    "netIncome": 152000000,
    "netIncomeRatio": 0.0892018779,
    "eps": 0.64,
    "epsdiluted": 0.64,
    "weightedAverageShsOut": 238400000,
    "weightedAverageShsOutDil": 238400000,
    "link": "https://www.sec.gov/Archives/edgar/data/1002910/000119312510183197/0001193125-10-183197-index.htm",
    "finalLink": "https://www.sec.gov/Archives/edgar/data/18651/000119312510183197/d10q.htm"
  },
  {
    "date": "2010-03-31",
    "symbol": "AEE",
    "reportedCurrency": "USD",
    "cik": "0001002910",
    "fillingDate": "2010-05-10",
    "acceptedDate": "2010-05-10 12:23:52",
    "calendarYear": "2010",
    "period": "Q1",
    "revenue": 1916000000,
    "costOfRevenue": 897000000,
    "grossProfit": 1043000000,
    "grossProfitRatio": 0.5443632568,
    "researchAndDevelopmentExpenses": 0,
    "generalAndAdministrativeExpenses": 0,
    "sellingAndMarketingExpenses": 0,
    "sellingGeneralAndAdministrativeExpenses": 0,
    "otherExpenses": 745000000,
    "operatingExpenses": 745000000,
    "costAndExpenses": 1642000000,
    "interestIncome": 8000000,
    "interestExpense": 132000000,
    "depreciationAndAmortization": 190000000,
    "ebitda": 503000000,
    "ebitdaratio": 0.262526096,
    "operatingIncome": 298000000,
    "operatingIncomeRatio": 0.1555323591,
    "totalOtherIncomeExpensesNet": -117000000,
    "incomeBeforeTax": 181000000,
    "incomeBeforeTaxRatio": 0.0944676409,
    "incomeTaxExpense": 75000000,
    "netIncome": 102000000,
    "netIncomeRatio": 0.0532359081,
    "eps": 0.43,
    "epsdiluted": 0.43,
    "weightedAverageShsOut": 237600000,
    "weightedAverageShsOutDil": 237600000,
    "link": "https://www.sec.gov/Archives/edgar/data/1002910/000119312510114175/0001193125-10-114175-index.htm",
    "finalLink": "https://www.sec.gov/Archives/edgar/data/18651/000119312510114175/d10q.htm"
  },
  {
    "date": "2009-12-31",
    "symbol": "AEE",
    "reportedCurrency": "USD",
    "cik": "0001002910",
    "fillingDate": "2010-02-26",
    "acceptedDate": "2010-02-26 17:20:43",
    "calendarYear": "2009",
    "period": "Q4",
    "revenue": 1675000000,
    "costOfRevenue": 701000000,
    "grossProfit": 974000000,
    "grossProfitRatio": 0.5814925373,
    "researchAndDevelopmentExpenses": 0,
    "generalAndAdministrativeExpenses": 0,
    "sellingAndMarketingExpenses": 0,
    "sellingGeneralAndAdministrativeExpenses": 0,
    "otherExpenses": 729000000,
    "operatingExpenses": 729000000,
    "costAndExpenses": 1430000000,
    "interestIncome": 0,
    "interestExpense": 132000000,
    "depreciationAndAmortization": 151000000,
    "ebitda": 442000000,
    "ebitdaratio": 0.263880597,
    "operatingIncome": 245000000,
    "operatingIncomeRatio": 0.1462686567,
    "totalOtherIncomeExpensesNet": -119000000,
    "incomeBeforeTax": 126000000,
    "incomeBeforeTaxRatio": 0.0752238806,
    "incomeTaxExpense": 44000000,
    "netIncome": 79000000,
    "netIncomeRatio": 0.0471641791,
    "eps": 0.33,
    "epsdiluted": 0.33,
    "weightedAverageShsOut": 236900000,
    "weightedAverageShsOutDil": 237600000,
    "link": "https://www.sec.gov/Archives/edgar/data/1002910/000119312510043155/0001193125-10-043155-index.htm",
    "finalLink": "https://www.sec.gov/Archives/edgar/data/18651/000119312510043155/d10k.htm"
  },
  {
    "date": "2009-09-30",
    "symbol": "AEE",
    "reportedCurrency": "USD",
    "cik": "0001002910",
    "fillingDate": "2009-11-09",
    "acceptedDate": "2009-11-09 13:49:01",
    "calendarYear": "2009",
    "period": "Q3",
    "revenue": 1815000000,
    "costOfRevenue": 619000000,
    "grossProfit": 1196000000,
    "grossProfitRatio": 0.658953168,
    "researchAndDevelopmentExpenses": 0,
    "generalAndAdministrativeExpenses": 0,
    "sellingAndMarketingExpenses": 0,
    "sellingGeneralAndAdministrativeExpenses": 0,
    "otherExpenses": 711000000,
    "operatingExpenses": 711000000,
    "costAndExpenses": 1330000000,
    "interestIncome": 0,
    "interestExpense": 134000000,
    "depreciationAndAmortization": 208000000,
    "ebitda": 706000000,
    "ebitdaratio": 0.3889807163,
    "operatingIncome": 485000000,
    "operatingIncomeRatio": 0.2672176309,
    "totalOtherIncomeExpensesNet": -121000000,
    "incomeBeforeTax": 364000000,
    "incomeBeforeTaxRatio": 0.2005509642,
    "incomeTaxExpense": 135000000,
    "netIncome": 227000000,
    "netIncomeRatio": 0.1250688705,
    "eps": 1.04,
    "epsdiluted": 1.04,
    "weightedAverageShsOut": 218200000,
    "weightedAverageShsOutDil": 218200000,
    "link": "https://www.sec.gov/Archives/edgar/data/1002910/000119312509229036/0001193125-09-229036-index.htm",
    "finalLink": "https://www.sec.gov/Archives/edgar/data/18651/000119312509229036/d10q.htm"
  },
  {
    "date": "2009-06-30",
    "symbol": "AEE",
    "reportedCurrency": "USD",
    "cik": "0001002910",
    "fillingDate": "2009-08-10",
    "acceptedDate": "2009-08-10 14:44:20",
    "calendarYear": "2009",
    "period": "Q2",
    "revenue": 1684000000,
    "costOfRevenue": 589000000,
    "grossProfit": 1095000000,
    "grossProfitRatio": 0.6502375297,
    "researchAndDevelopmentExpenses": 0,
    "generalAndAdministrativeExpenses": 0,
    "sellingAndMarketingExpenses": 0,
    "sellingGeneralAndAdministrativeExpenses": 0,
    "otherExpenses": 730000000,
    "operatingExpenses": 730000000,
    "costAndExpenses": 1319000000,
    "interestIncome": 0,
    "interestExpense": 124000000,
    "depreciationAndAmortization": 201000000,
    "ebitda": 576000000,
    "ebitdaratio": 0.3420427553,
    "operatingIncome": 365000000,
    "operatingIncomeRatio": 0.2167458432,
    "totalOtherIncomeExpensesNet": -114000000,
    "incomeBeforeTax": 251000000,
    "incomeBeforeTaxRatio": 0.1490498812,
    "incomeTaxExpense": 83000000,
    "netIncome": 165000000,
    "netIncomeRatio": 0.0979809976,
    "eps": 0.77,
    "epsdiluted": 0.77,
    "weightedAverageShsOut": 213600000,
    "weightedAverageShsOutDil": 213600000,
    "link": "https://www.sec.gov/Archives/edgar/data/1002910/000119312509170432/0001193125-09-170432-index.htm",
    "finalLink": "https://www.sec.gov/Archives/edgar/data/18651/000119312509170432/d10q.htm"
  },
  {
    "date": "2009-03-31",
    "symbol": "AEE",
    "reportedCurrency": "USD",
    "cik": "0001002910",
    "fillingDate": "2009-05-08",
    "acceptedDate": "2009-05-08 17:20:13",
    "calendarYear": "2009",
    "period": "Q1",
    "revenue": 1916000000,
    "costOfRevenue": 890000000,
    "grossProfit": 1026000000,
    "grossProfitRatio": 0.5354906054,
    "researchAndDevelopmentExpenses": 0,
    "generalAndAdministrativeExpenses": 0,
    "sellingAndMarketingExpenses": 0,
    "sellingGeneralAndAdministrativeExpenses": 0,
    "otherExpenses": 705000000,
    "operatingExpenses": 705000000,
    "costAndExpenses": 1595000000,
    "interestIncome": 8000000,
    "interestExpense": 118000000,
    "depreciationAndAmortization": 188000000,
    "ebitda": 521000000,
    "ebitdaratio": 0.2719206681,
    "operatingIncome": 321000000,
    "operatingIncomeRatio": 0.1675365344,
    "totalOtherIncomeExpensesNet": -106000000,
    "incomeBeforeTax": 215000000,
    "incomeBeforeTaxRatio": 0.1122129436,
    "incomeTaxExpense": 70000000,
    "netIncome": 141000000,
    "netIncomeRatio": 0.0735908142,
    "eps": 0.66,
    "epsdiluted": 0.66,
    "weightedAverageShsOut": 212700000,
    "weightedAverageShsOutDil": 212700000,
    "link": "https://www.sec.gov/Archives/edgar/data/1002910/000119312509105607/0001193125-09-105607-index.htm",
    "finalLink": "https://www.sec.gov/Archives/edgar/data/18651/000119312509105607/d10q.htm"
  },
  {
    "date": "2008-12-31",
    "symbol": "AEE",
    "reportedCurrency": "USD",
    "cik": "0001002910",
    "fillingDate": "2009-03-02",
    "acceptedDate": "2009-03-02 16:41:12",
    "calendarYear": "2008",
    "period": "Q4",
    "revenue": 1908000000,
    "costOfRevenue": 918000000,
    "grossProfit": 990000000,
    "grossProfitRatio": 0.5188679245,
    "researchAndDevelopmentExpenses": 0,
    "generalAndAdministrativeExpenses": 0,
    "sellingAndMarketingExpenses": 0,
    "sellingGeneralAndAdministrativeExpenses": 0,
    "otherExpenses": 821000000,
    "operatingExpenses": 821000000,
    "costAndExpenses": 1739000000,
    "interestIncome": 0,
    "interestExpense": 0,
    "depreciationAndAmortization": 193000000,
    "ebitda": 411000000,
    "ebitdaratio": 0.215408805,
    "operatingIncome": 169000000,
    "operatingIncomeRatio": 0.0885744235,
    "totalOtherIncomeExpensesNet": -65000000,
    "incomeBeforeTax": 104000000,
    "incomeBeforeTaxRatio": 0.0545073375,
    "incomeTaxExpense": 8000000,
    "netIncome": 57000000,
    "netIncomeRatio": 0.0298742138,
    "eps": 0.27,
    "epsdiluted": 0.27,
    "weightedAverageShsOut": 211900000,
    "weightedAverageShsOutDil": 212700000,
    "link": "https://www.sec.gov/Archives/edgar/data/1002910/000119312509042636/0001193125-09-042636-index.htm",
    "finalLink": "https://www.sec.gov/Archives/edgar/data/18651/000119312509042636/d10k.htm"
  },
  {
    "date": "2008-09-30",
    "symbol": "AEE",
    "reportedCurrency": "USD",
    "cik": "0001002910",
    "fillingDate": "2008-11-10",
    "acceptedDate": "2008-11-10 15:52:31",
    "calendarYear": "2008",
    "period": "Q3",
    "revenue": 2060000000,
    "costOfRevenue": 905000000,
    "grossProfit": 1155000000,
    "grossProfitRatio": 0.5606796117,
    "researchAndDevelopmentExpenses": 0,
    "generalAndAdministrativeExpenses": 0,
    "sellingAndMarketingExpenses": 0,
    "sellingGeneralAndAdministrativeExpenses": 0,
    "otherExpenses": 727000000,
    "operatingExpenses": 727000000,
    "costAndExpenses": 1632000000,
    "interestIncome": 0,
    "interestExpense": 113000000,
    "depreciationAndAmortization": 189000000,
    "ebitda": 630000000,
    "ebitdaratio": 0.3058252427,
    "operatingIncome": 428000000,
    "operatingIncomeRatio": 0.2077669903,
    "totalOtherIncomeExpensesNet": -100000000,
    "incomeBeforeTax": 328000000,
    "incomeBeforeTaxRatio": 0.159223301,
    "incomeTaxExpense": 113000000,
    "netIncome": 204000000,
    "netIncomeRatio": 0.0990291262,
    "eps": 0.97,
    "epsdiluted": 0.97,
    "weightedAverageShsOut": 210300000,
    "weightedAverageShsOutDil": 210300000,
    "link": "https://www.sec.gov/Archives/edgar/data/1002910/000100291008000148/0001002910-08-000148-index.htm",
    "finalLink": "https://www.sec.gov/Archives/edgar/data/18651/000100291008000148/ameren10q09302008.htm"
  },
  {
    "date": "2008-06-30",
    "symbol": "AEE",
    "reportedCurrency": "USD",
    "cik": "0001002910",
    "fillingDate": "2008-08-08",
    "acceptedDate": "2008-08-08 16:20:31",
    "calendarYear": "2008",
    "period": "Q2",
    "revenue": 1788000000,
    "costOfRevenue": 611000000,
    "grossProfit": 1179000000,
    "grossProfitRatio": 0.6593959732,
    "researchAndDevelopmentExpenses": 0,
    "generalAndAdministrativeExpenses": 0,
    "sellingAndMarketingExpenses": 0,
    "sellingGeneralAndAdministrativeExpenses": 0,
    "otherExpenses": 736000000,
    "operatingExpenses": 736000000,
    "costAndExpenses": 1347000000,
    "interestIncome": 0,
    "interestExpense": 118000000,
    "depreciationAndAmortization": 179000000,
    "ebitda": 633000000,
    "ebitdaratio": 0.3540268456,
    "operatingIncome": 443000000,
    "operatingIncomeRatio": 0.2477628635,
    "totalOtherIncomeExpensesNet": -107000000,
    "incomeBeforeTax": 336000000,
    "incomeBeforeTaxRatio": 0.1879194631,
    "incomeTaxExpense": 119000000,
    "netIncome": 206000000,
    "netIncomeRatio": 0.115212528,
    "eps": 0.98,
    "epsdiluted": 0.98,
    "weightedAverageShsOut": 209500000,
    "weightedAverageShsOutDil": 209500000,
    "link": "https://www.sec.gov/Archives/edgar/data/1002910/000100291008000126/0001002910-08-000126-index.htm",
    "finalLink": "https://www.sec.gov/Archives/edgar/data/18651/000100291008000126/ameren10q06302008.htm"
  },
  {
    "date": "2008-03-31",
    "symbol": "AEE",
    "reportedCurrency": "USD",
    "cik": "0001002910",
    "fillingDate": "2008-05-08",
    "acceptedDate": "2008-05-08 17:11:21",
    "calendarYear": "2008",
    "period": "Q1",
    "revenue": 2081000000,
    "costOfRevenue": 1048000000,
    "grossProfit": 1033000000,
    "grossProfitRatio": 0.4963959635,
    "researchAndDevelopmentExpenses": 0,
    "generalAndAdministrativeExpenses": 0,
    "sellingAndMarketingExpenses": 0,
    "sellingGeneralAndAdministrativeExpenses": 0,
    "otherExpenses": 712000000,
    "operatingExpenses": 712000000,
    "costAndExpenses": 1760000000,
    "interestIncome": 0,
    "interestExpense": 100000000,
    "depreciationAndAmortization": 191000000,
    "ebitda": 527000000,
    "ebitdaratio": 0.2532436329,
    "operatingIncome": 321000000,
    "operatingIncomeRatio": 0.1542527631,
    "totalOtherIncomeExpensesNet": -85000000,
    "incomeBeforeTax": 236000000,
    "incomeBeforeTaxRatio": 0.1134070159,
    "incomeTaxExpense": 87000000,
    "netIncome": 138000000,
    "netIncomeRatio": 0.066314272,
    "eps": 0.66,
    "epsdiluted": 0.66,
    "weightedAverageShsOut": 208700000,
    "weightedAverageShsOutDil": 208700000,
    "link": "https://www.sec.gov/Archives/edgar/data/1002910/000100291008000104/0001002910-08-000104-index.htm",
    "finalLink": "https://www.sec.gov/Archives/edgar/data/18651/000100291008000104/ameren10q3312008.htm"
  },
  {
    "date": "2007-12-31",
    "symbol": "AEE",
    "reportedCurrency": "USD",
    "cik": "0001002910",
    "fillingDate": "2008-02-29",
    "acceptedDate": "2008-02-29 15:18:41",
    "calendarYear": "2007",
    "period": "Q4",
    "revenue": 1807000000,
    "costOfRevenue": 862000000,
    "grossProfit": 945000000,
    "grossProfitRatio": 0.5229662424,
    "researchAndDevelopmentExpenses": 0,
    "generalAndAdministrativeExpenses": 0,
    "sellingAndMarketingExpenses": 0,
    "sellingGeneralAndAdministrativeExpenses": 0,
    "otherExpenses": 692000000,
    "operatingExpenses": 692000000,
    "costAndExpenses": 1554000000,
    "interestIncome": 0,
    "interestExpense": 0,
    "depreciationAndAmortization": 214000000,
    "ebitda": 467000000,
    "ebitdaratio": 0.2584394023,
    "operatingIncome": 253000000,
    "operatingIncomeRatio": 0.1400110681,
    "totalOtherIncomeExpensesNet": -94000000,
    "incomeBeforeTax": 159000000,
    "incomeBeforeTaxRatio": 0.0879911455,
    "incomeTaxExpense": 51000000,
    "netIncome": 108000000,
    "netIncomeRatio": 0.0597675706,
    "eps": 0.52,
    "epsdiluted": 0.52,
    "weightedAverageShsOut": 208300000,
    "weightedAverageShsOutDil": 208700000,
    "link": "https://www.sec.gov/Archives/edgar/data/1002910/000095013708003079/0000950137-08-003079-index.htm",
    "finalLink": "https://www.sec.gov/Archives/edgar/data/18651/000095013708003079/c23635e10vk.htm"
  },
  {
    "date": "2007-09-30",
    "symbol": "AEE",
    "reportedCurrency": "USD",
    "cik": "0001002910",
    "fillingDate": "2007-11-09",
    "acceptedDate": "2007-11-09 16:43:37",
    "calendarYear": "2007",
    "period": "Q3",
    "revenue": 1997000000,
    "costOfRevenue": 825000000,
    "grossProfit": 1172000000,
    "grossProfitRatio": 0.5868803205,
    "researchAndDevelopmentExpenses": 0,
    "generalAndAdministrativeExpenses": 0,
    "sellingAndMarketingExpenses": 0,
    "sellingGeneralAndAdministrativeExpenses": 0,
    "otherExpenses": 690000000,
    "operatingExpenses": 690000000,
    "costAndExpenses": 1515000000,
    "interestIncome": 0,
    "interestExpense": 0,
    "depreciationAndAmortization": 175000000,
    "ebitda": 658000000,
    "ebitdaratio": 0.3294942414,
    "operatingIncome": 482000000,
    "operatingIncomeRatio": 0.2413620431,
    "totalOtherIncomeExpensesNet": -108000000,
    "incomeBeforeTax": 374000000,
    "incomeBeforeTaxRatio": 0.1872809214,
    "incomeTaxExpense": 130000000,
    "netIncome": 244000000,
    "netIncomeRatio": 0.1221832749,
    "eps": 1.18,
    "epsdiluted": 1.18,
    "weightedAverageShsOut": 207600000,
    "weightedAverageShsOutDil": 207600000,
    "link": "https://www.sec.gov/Archives/edgar/data/1002910/000100291007000138/0001002910-07-000138-index.htm",
    "finalLink": "https://www.sec.gov/Archives/edgar/data/18651/000100291007000138/ameren10q09302007.htm"
  },
  {
    "date": "2007-06-30",
    "symbol": "AEE",
    "reportedCurrency": "USD",
    "cik": "0001002910",
    "fillingDate": "2007-08-09",
    "acceptedDate": "2007-08-09 10:23:06",
    "calendarYear": "2007",
    "period": "Q2",
    "revenue": 1723000000,
    "costOfRevenue": 710000000,
    "grossProfit": 1018000000,
    "grossProfitRatio": 0.5908299478,
    "researchAndDevelopmentExpenses": 0,
    "generalAndAdministrativeExpenses": 0,
    "sellingAndMarketingExpenses": 0,
    "sellingGeneralAndAdministrativeExpenses": 0,
    "otherExpenses": 692000000,
    "operatingExpenses": 692000000,
    "costAndExpenses": 1402000000,
    "interestIncome": 0,
    "interestExpense": 0,
    "depreciationAndAmortization": 186000000,
    "ebitda": 512000000,
    "ebitdaratio": 0.297156123,
    "operatingIncome": 326000000,
    "operatingIncomeRatio": 0.1892048752,
    "totalOtherIncomeExpensesNet": -105000000,
    "incomeBeforeTax": 221000000,
    "incomeBeforeTaxRatio": 0.1282646547,
    "incomeTaxExpense": 78000000,
    "netIncome": 143000000,
    "netIncomeRatio": 0.0829947766,
    "eps": 0.69,
    "epsdiluted": 0.69,
    "weightedAverageShsOut": 207100000,
    "weightedAverageShsOutDil": 207100000,
    "link": "https://www.sec.gov/Archives/edgar/data/1002910/000100291007000128/0001002910-07-000128-index.htm",
    "finalLink": "https://www.sec.gov/Archives/edgar/data/18651/000100291007000128/ameren10q06302007.htm"
  },
  {
    "date": "2007-03-31",
    "symbol": "AEE",
    "reportedCurrency": "USD",
    "cik": "0001002910",
    "fillingDate": "2007-05-10",
    "acceptedDate": "2007-05-10 17:03:48",
    "calendarYear": "2007",
    "period": "Q1",
    "revenue": 2024000000,
    "costOfRevenue": 636000000,
    "grossProfit": 1388000000,
    "grossProfitRatio": 0.685770751,
    "researchAndDevelopmentExpenses": 0,
    "generalAndAdministrativeExpenses": 0,
    "sellingAndMarketingExpenses": 0,
    "sellingGeneralAndAdministrativeExpenses": 0,
    "otherExpenses": 1095000000,
    "operatingExpenses": 1095000000,
    "costAndExpenses": 1731000000,
    "interestIncome": 0,
    "interestExpense": 0,
    "depreciationAndAmortization": 196000000,
    "ebitda": 489000000,
    "ebitdaratio": 0.2416007905,
    "operatingIncome": 293000000,
    "operatingIncomeRatio": 0.1447628458,
    "totalOtherIncomeExpensesNet": -99000000,
    "incomeBeforeTax": 194000000,
    "incomeBeforeTaxRatio": 0.0958498024,
    "incomeTaxExpense": 71000000,
    "netIncome": 123000000,
    "netIncomeRatio": 0.060770751,
    "eps": 0.59,
    "epsdiluted": 0.59,
    "weightedAverageShsOut": 206600000,
    "weightedAverageShsOutDil": 206600000,
    "link": "https://www.sec.gov/Archives/edgar/data/1002910/000100291007000110/0001002910-07-000110-index.htm",
    "finalLink": "https://www.sec.gov/Archives/edgar/data/18651/000100291007000110/ameren10q03312007.htm"
  },
  {
    "date": "2006-12-31",
    "symbol": "AEE",
    "reportedCurrency": "USD",
    "cik": "0001002910",
    "fillingDate": "2007-03-01",
    "acceptedDate": "2007-03-01 16:44:57",
    "calendarYear": "2006",
    "period": "Q4",
    "revenue": 1620000000,
    "costOfRevenue": 786000000,
    "grossProfit": 834000000,
    "grossProfitRatio": 0.5148148148,
    "researchAndDevelopmentExpenses": 0,
    "generalAndAdministrativeExpenses": 0,
    "sellingAndMarketingExpenses": 0,
    "sellingGeneralAndAdministrativeExpenses": 0,
    "otherExpenses": 680000000,
    "operatingExpenses": 680000000,
    "costAndExpenses": 1466000000,
    "interestIncome": 0,
    "interestExpense": 0,
    "depreciationAndAmortization": 149000000,
    "ebitda": 326000000,
    "ebitdaratio": 0.2012345679,
    "operatingIncome": 154000000,
    "operatingIncomeRatio": 0.0950617284,
    "totalOtherIncomeExpensesNet": -82000000,
    "incomeBeforeTax": 72000000,
    "incomeBeforeTaxRatio": 0.0444444444,
    "incomeTaxExpense": 11000000,
    "netIncome": 61000000,
    "netIncomeRatio": 0.037654321,
    "eps": 0.3,
    "epsdiluted": 0.3,
    "weightedAverageShsOut": 206200000,
    "weightedAverageShsOutDil": 206600000,
    "link": "https://www.sec.gov/Archives/edgar/data/1002910/000095013707003131/0000950137-07-003131-index.htm",
    "finalLink": "https://www.sec.gov/Archives/edgar/data/18651/000095013707003131/c11768e10vk.htm"
  },
  {
    "date": "2006-09-30",
    "symbol": "AEE",
    "reportedCurrency": "USD",
    "cik": "0001002910",
    "fillingDate": "2006-11-09",
    "acceptedDate": "2006-11-09 16:59:34",
    "calendarYear": "2006",
    "period": "Q3",
    "revenue": 1910000000,
    "costOfRevenue": 707000000,
    "grossProfit": 1203000000,
    "grossProfitRatio": 0.6298429319,
    "researchAndDevelopmentExpenses": 0,
    "generalAndAdministrativeExpenses": 0,
    "sellingAndMarketingExpenses": 0,
    "sellingGeneralAndAdministrativeExpenses": 0,
    "otherExpenses": 656000000,
    "operatingExpenses": 656000000,
    "costAndExpenses": 1363000000,
    "interestIncome": 0,
    "interestExpense": 0,
    "depreciationAndAmortization": 182000000,
    "ebitda": 729000000,
    "ebitdaratio": 0.3816753927,
    "operatingIncome": 547000000,
    "operatingIncomeRatio": 0.2863874346,
    "totalOtherIncomeExpensesNet": -93000000,
    "incomeBeforeTax": 454000000,
    "incomeBeforeTaxRatio": 0.2376963351,
    "incomeTaxExpense": 161000000,
    "netIncome": 293000000,
    "netIncomeRatio": 0.1534031414,
    "eps": 1.42,
    "epsdiluted": 1.42,
    "weightedAverageShsOut": 205900000,
    "weightedAverageShsOutDil": 205900000,
    "link": "https://www.sec.gov/Archives/edgar/data/1002910/000100291006000177/0001002910-06-000177-index.htm",
    "finalLink": "https://www.sec.gov/Archives/edgar/data/18651/000100291006000177/ameren10q9302006.htm"
  },
  {
    "date": "2006-06-30",
    "symbol": "AEE",
    "reportedCurrency": "USD",
    "cik": "0001002910",
    "fillingDate": "2006-08-09",
    "acceptedDate": "2006-08-09 15:58:09",
    "calendarYear": "2006",
    "period": "Q2",
    "revenue": 1550000000,
    "costOfRevenue": 628000000,
    "grossProfit": 922000000,
    "grossProfitRatio": 0.5948387097,
    "researchAndDevelopmentExpenses": 0,
    "generalAndAdministrativeExpenses": 0,
    "sellingAndMarketingExpenses": 0,
    "sellingGeneralAndAdministrativeExpenses": 0,
    "otherExpenses": 646000000,
    "operatingExpenses": 646000000,
    "costAndExpenses": 1274000000,
    "interestIncome": 0,
    "interestExpense": 0,
    "depreciationAndAmortization": 194000000,
    "ebitda": 470000000,
    "ebitdaratio": 0.3032258065,
    "operatingIncome": 276000000,
    "operatingIncomeRatio": 0.1780645161,
    "totalOtherIncomeExpensesNet": -85000000,
    "incomeBeforeTax": 191000000,
    "incomeBeforeTaxRatio": 0.1232258065,
    "incomeTaxExpense": 68000000,
    "netIncome": 123000000,
    "netIncomeRatio": 0.0793548387,
    "eps": 0.6,
    "epsdiluted": 0.6,
    "weightedAverageShsOut": 205400000,
    "weightedAverageShsOutDil": 205400000,
    "link": "https://www.sec.gov/Archives/edgar/data/1002910/000100291006000148/0001002910-06-000148-index.htm",
    "finalLink": "https://www.sec.gov/Archives/edgar/data/18651/000100291006000148/ameren10q06302006.htm"
  },
  {
    "date": "2006-03-31",
    "symbol": "AEE",
    "reportedCurrency": "USD",
    "cik": "0001002910",
    "fillingDate": "2006-05-10",
    "acceptedDate": "2006-05-10 13:45:10",
    "calendarYear": "2006",
    "period": "Q1",
    "revenue": 1800000000,
    "costOfRevenue": 978000000,
    "grossProfit": 822000000,
    "grossProfitRatio": 0.4566666667,
    "researchAndDevelopmentExpenses": 0,
    "generalAndAdministrativeExpenses": 0,
    "sellingAndMarketingExpenses": 0,
    "sellingGeneralAndAdministrativeExpenses": 0,
    "otherExpenses": 626000000,
    "operatingExpenses": 626000000,
    "costAndExpenses": 1604000000,
    "interestIncome": 0,
    "interestExpense": 0,
    "depreciationAndAmortization": 169000000,
    "ebitda": 365000000,
    "ebitdaratio": 0.2027777778,
    "operatingIncome": 196000000,
    "operatingIncomeRatio": 0.1088888889,
    "totalOtherIncomeExpensesNet": -82000000,
    "incomeBeforeTax": 114000000,
    "incomeBeforeTaxRatio": 0.0633333333,
    "incomeTaxExpense": 44000000,
    "netIncome": 70000000,
    "netIncomeRatio": 0.0388888889,
    "eps": 0.34,
    "epsdiluted": 0.34,
    "weightedAverageShsOut": 204800000,
    "weightedAverageShsOutDil": 204800000,
    "link": "https://www.sec.gov/Archives/edgar/data/1002910/000100291006000118/0001002910-06-000118-index.htm",
    "finalLink": "https://www.sec.gov/Archives/edgar/data/18651/000100291006000118/form10q1stqtr2006.htm"
  },
  {
    "date": "2005-12-31",
    "symbol": "AEE",
    "reportedCurrency": "USD",
    "cik": "0001002910",
    "fillingDate": "2006-03-07",
    "acceptedDate": "2006-03-07 17:13:18",
    "calendarYear": "2005",
    "period": "Q4",
    "revenue": 1701000000,
    "costOfRevenue": 938000000,
    "grossProfit": 763000000,
    "grossProfitRatio": 0.4485596708,
    "researchAndDevelopmentExpenses": 0,
    "generalAndAdministrativeExpenses": 0,
    "sellingAndMarketingExpenses": 0,
    "sellingGeneralAndAdministrativeExpenses": 0,
    "otherExpenses": 619000000,
    "operatingExpenses": 619000000,
    "costAndExpenses": 1557000000,
    "interestIncome": 0,
    "interestExpense": 0,
    "depreciationAndAmortization": 148000000,
    "ebitda": 304000000,
    "ebitdaratio": 0.1787184009,
    "operatingIncome": 144000000,
    "operatingIncomeRatio": 0.0846560847,
    "totalOtherIncomeExpensesNet": -76000000,
    "incomeBeforeTax": 68000000,
    "incomeBeforeTaxRatio": 0.0399764844,
    "incomeTaxExpense": 26000000,
    "netIncome": 20000000,
    "netIncomeRatio": 0.0117577895,
    "eps": 0.098,
    "epsdiluted": 0.098,
    "weightedAverageShsOut": 204400000,
    "weightedAverageShsOutDil": 204800000,
    "link": "https://www.sec.gov/Archives/edgar/data/1002910/000119312506047272/0001193125-06-047272-index.htm",
    "finalLink": "https://www.sec.gov/Archives/edgar/data/18651/000119312506047272/d10k.htm"
  },
  {
    "date": "2005-09-30",
    "symbol": "AEE",
    "reportedCurrency": "USD",
    "cik": "0001002910",
    "fillingDate": "2005-11-09",
    "acceptedDate": "2005-11-09 12:22:06",
    "calendarYear": "2005",
    "period": "Q3",
    "revenue": 1868000000,
    "costOfRevenue": 711000000,
    "grossProfit": 1157000000,
    "grossProfitRatio": 0.619379015,
    "researchAndDevelopmentExpenses": 0,
    "generalAndAdministrativeExpenses": 0,
    "sellingAndMarketingExpenses": 0,
    "sellingGeneralAndAdministrativeExpenses": 0,
    "otherExpenses": 647000000,
    "operatingExpenses": 647000000,
    "costAndExpenses": 1358000000,
    "interestIncome": 0,
    "interestExpense": 0,
    "depreciationAndAmortization": 160000000,
    "ebitda": 670000000,
    "ebitdaratio": 0.3586723769,
    "operatingIncome": 510000000,
    "operatingIncomeRatio": 0.2730192719,
    "totalOtherIncomeExpensesNet": -71000000,
    "incomeBeforeTax": 439000000,
    "incomeBeforeTaxRatio": 0.2350107066,
    "incomeTaxExpense": 159000000,
    "netIncome": 280000000,
    "netIncomeRatio": 0.1498929336,
    "eps": 1.37,
    "epsdiluted": 1.37,
    "weightedAverageShsOut": 203800000,
    "weightedAverageShsOutDil": 203800000,
    "link": "https://www.sec.gov/Archives/edgar/data/1002910/000100291005000271/0001002910-05-000271-index.htm",
    "finalLink": "https://www.sec.gov/Archives/edgar/data/18651/000100291005000271/amc10-qcomb093005.htm"
  },
  {
    "date": "2005-06-30",
    "symbol": "AEE",
    "reportedCurrency": "USD",
    "cik": "0001002910",
    "fillingDate": "2005-08-09",
    "acceptedDate": "2005-08-09 16:12:02",
    "calendarYear": "2005",
    "period": "Q2",
    "revenue": 1584000000,
    "costOfRevenue": 591000000,
    "grossProfit": 993000000,
    "grossProfitRatio": 0.6268939394,
    "researchAndDevelopmentExpenses": 0,
    "generalAndAdministrativeExpenses": 0,
    "sellingAndMarketingExpenses": 0,
    "sellingGeneralAndAdministrativeExpenses": 0,
    "otherExpenses": 627000000,
    "operatingExpenses": 627000000,
    "costAndExpenses": 1218000000,
    "interestIncome": 0,
    "interestExpense": 0,
    "depreciationAndAmortization": 188000000,
    "ebitda": 554000000,
    "ebitdaratio": 0.3497474747,
    "operatingIncome": 366000000,
    "operatingIncomeRatio": 0.2310606061,
    "totalOtherIncomeExpensesNet": -81000000,
    "incomeBeforeTax": 285000000,
    "incomeBeforeTaxRatio": 0.1799242424,
    "incomeTaxExpense": 100000000,
    "netIncome": 185000000,
    "netIncomeRatio": 0.1167929293,
    "eps": 0.93,
    "epsdiluted": 0.93,
    "weightedAverageShsOut": 199700000,
    "weightedAverageShsOutDil": 199700000,
    "link": "https://www.sec.gov/Archives/edgar/data/1002910/000100291005000234/0001002910-05-000234-index.htm",
    "finalLink": "https://www.sec.gov/Archives/edgar/data/18651/000100291005000234/form10q-2ndqtr.htm"
  },
  {
    "date": "2005-03-31",
    "symbol": "AEE",
    "reportedCurrency": "USD",
    "cik": "0001002910",
    "fillingDate": "2005-05-10",
    "acceptedDate": "2005-05-10 14:47:11",
    "calendarYear": "2005",
    "period": "Q1",
    "revenue": 1625000000,
    "costOfRevenue": 770000000,
    "grossProfit": 855000000,
    "grossProfitRatio": 0.5261538462,
    "researchAndDevelopmentExpenses": 0,
    "generalAndAdministrativeExpenses": 0,
    "sellingAndMarketingExpenses": 0,
    "sellingGeneralAndAdministrativeExpenses": 0,
    "otherExpenses": 593000000,
    "operatingExpenses": 593000000,
    "costAndExpenses": 1363000000,
    "interestIncome": 0,
    "interestExpense": 0,
    "depreciationAndAmortization": 135000000,
    "ebitda": 419000000,
    "ebitdaratio": 0.2578461538,
    "operatingIncome": 262000000,
    "operatingIncomeRatio": 0.1612307692,
    "totalOtherIncomeExpensesNet": -70000000,
    "incomeBeforeTax": 192000000,
    "incomeBeforeTaxRatio": 0.1181538462,
    "incomeTaxExpense": 71000000,
    "netIncome": 121000000,
    "netIncomeRatio": 0.0744615385,
    "eps": 0.62,
    "epsdiluted": 0.62,
    "weightedAverageShsOut": 195300000,
    "weightedAverageShsOutDil": 195300000,
    "link": "https://www.sec.gov/Archives/edgar/data/1002910/000100291005000196/0001002910-05-000196-index.htm",
    "finalLink": "https://www.sec.gov/Archives/edgar/data/18651/000100291005000196/amc10-qcomb033105.htm"
  },
  {
    "date": "2004-12-31",
    "symbol": "AEE",
    "reportedCurrency": "USD",
    "cik": "0001002910",
    "fillingDate": "2005-03-09",
    "acceptedDate": "2005-03-09 08:32:52",
    "calendarYear": "2004",
    "period": "Q4",
    "revenue": 1475000000,
    "costOfRevenue": 53000000,
    "grossProfit": 1422000000,
    "grossProfitRatio": 0.9640677966,
    "researchAndDevelopmentExpenses": 0,
    "generalAndAdministrativeExpenses": 0,
    "sellingAndMarketingExpenses": 0,
    "sellingGeneralAndAdministrativeExpenses": 0,
    "otherExpenses": 1219000000,
    "operatingExpenses": 1219000000,
    "costAndExpenses": 1272000000,
    "interestIncome": 0,
    "interestExpense": 0,
    "depreciationAndAmortization": 174000000,
    "ebitda": 377000000,
    "ebitdaratio": 0.2555932203,
    "operatingIncome": 203000000,
    "operatingIncomeRatio": 0.1376271186,
    "totalOtherIncomeExpensesNet": -80000000,
    "incomeBeforeTax": 123000000,
    "incomeBeforeTaxRatio": 0.0833898305,
    "incomeTaxExpense": 40000000,
    "netIncome": 83000000,
    "netIncomeRatio": 0.0562711864,
    "eps": 0.42,
    "epsdiluted": 0.42,
    "weightedAverageShsOut": 195300000,
    "weightedAverageShsOutDil": 195300000,
    "link": "https://www.sec.gov/Archives/edgar/data/1002910/000100291005000168/0001002910-05-000168-index.htm",
    "finalLink": "https://www.sec.gov/Archives/edgar/data/18651/000100291005000168/amerenform10-k.htm"
  },
  {
    "date": "2004-09-30",
    "symbol": "AEE",
    "reportedCurrency": "USD",
    "cik": "0001002910",
    "fillingDate": "2004-11-09",
    "acceptedDate": "2004-11-09 17:15:43",
    "calendarYear": "2004",
    "period": "Q3",
    "revenue": 1307000000,
    "costOfRevenue": 367000000,
    "grossProfit": 940000000,
    "grossProfitRatio": 0.7192042846,
    "researchAndDevelopmentExpenses": 0,
    "generalAndAdministrativeExpenses": 0,
    "sellingAndMarketingExpenses": 0,
    "sellingGeneralAndAdministrativeExpenses": 0,
    "otherExpenses": 527000000,
    "operatingExpenses": 527000000,
    "costAndExpenses": 894000000,
    "interestIncome": 0,
    "interestExpense": 0,
    "depreciationAndAmortization": 147000000,
    "ebitda": 560000000,
    "ebitdaratio": 0.428462127,
    "operatingIncome": 413000000,
    "operatingIncomeRatio": 0.3159908187,
    "totalOtherIncomeExpensesNet": -58000000,
    "incomeBeforeTax": 355000000,
    "incomeBeforeTaxRatio": 0.2716143841,
    "incomeTaxExpense": 123000000,
    "netIncome": 232000000,
    "netIncomeRatio": 0.1775057383,
    "eps": 1.2,
    "epsdiluted": 1.2,
    "weightedAverageShsOut": 193500000,
    "weightedAverageShsOutDil": 193500000,
    "link": "https://www.sec.gov/Archives/edgar/data/1002910/000100291004000300/0001002910-04-000300-index.htm",
    "finalLink": "https://www.sec.gov/Archives/edgar/data/18651/000100291004000300/form10-q.htm"
  },
  {
    "date": "2004-06-30",
    "symbol": "AEE",
    "reportedCurrency": "USD",
    "cik": "0001002910",
    "fillingDate": "2004-08-09",
    "acceptedDate": "2004-08-09 16:12:57",
    "calendarYear": "2004",
    "period": "Q2",
    "revenue": 1149000000,
    "costOfRevenue": 354000000,
    "grossProfit": 795000000,
    "grossProfitRatio": 0.6919060052,
    "researchAndDevelopmentExpenses": 0,
    "generalAndAdministrativeExpenses": 0,
    "sellingAndMarketingExpenses": 0,
    "sellingGeneralAndAdministrativeExpenses": 0,
    "otherExpenses": 549000000,
    "operatingExpenses": 549000000,
    "costAndExpenses": 903000000,
    "interestIncome": 0,
    "interestExpense": 0,
    "depreciationAndAmortization": 139000000,
    "ebitda": 385000000,
    "ebitdaratio": 0.3350739774,
    "operatingIncome": 246000000,
    "operatingIncomeRatio": 0.2140992167,
    "totalOtherIncomeExpensesNet": -68000000,
    "incomeBeforeTax": 178000000,
    "incomeBeforeTaxRatio": 0.1549173194,
    "incomeTaxExpense": 60000000,
    "netIncome": 118000000,
    "netIncomeRatio": 0.1026979983,
    "eps": 0.65,
    "epsdiluted": 0.65,
    "weightedAverageShsOut": 182700000,
    "weightedAverageShsOutDil": 182700000,
    "link": "https://www.sec.gov/Archives/edgar/data/1002910/000100291004000221/0001002910-04-000221-index.htm",
    "finalLink": "https://www.sec.gov/Archives/edgar/data/18651/000100291004000221/amc10-qcomb063004.txt"
  },
  {
    "date": "2004-03-31",
    "symbol": "AEE",
    "reportedCurrency": "USD",
    "cik": "0001002910",
    "fillingDate": "2004-05-10",
    "acceptedDate": "2004-05-10 17:25:24",
    "calendarYear": "2004",
    "period": "Q1",
    "revenue": 1216000000,
    "costOfRevenue": 486000000,
    "grossProfit": 732000000,
    "grossProfitRatio": 0.6019736842,
    "researchAndDevelopmentExpenses": 0,
    "generalAndAdministrativeExpenses": 0,
    "sellingAndMarketingExpenses": 0,
    "sellingGeneralAndAdministrativeExpenses": 0,
    "otherExpenses": 516000000,
    "operatingExpenses": 516000000,
    "costAndExpenses": 1002000000,
    "interestIncome": 0,
    "interestExpense": 0,
    "depreciationAndAmortization": 141000000,
    "ebitda": 357000000,
    "ebitdaratio": 0.2935855263,
    "operatingIncome": 216000000,
    "operatingIncomeRatio": 0.1776315789,
    "totalOtherIncomeExpensesNet": -60000000,
    "incomeBeforeTax": 156000000,
    "incomeBeforeTaxRatio": 0.1282894737,
    "incomeTaxExpense": 59000000,
    "netIncome": 97000000,
    "netIncomeRatio": 0.0797697368,
    "eps": 0.55,
    "epsdiluted": 0.55,
    "weightedAverageShsOut": 174300000,
    "weightedAverageShsOutDil": 174300000,
    "link": "https://www.sec.gov/Archives/edgar/data/1002910/000100291004000180/0001002910-04-000180-index.htm",
    "finalLink": "https://www.sec.gov/Archives/edgar/data/18651/000100291004000180/amc10-qcomb033104rev.txt"
  },
  {
    "date": "2003-12-31",
    "symbol": "AEE",
    "reportedCurrency": "USD",
    "cik": "0001002910",
    "fillingDate": "2004-03-09",
    "acceptedDate": "2004-03-09 17:23:59",
    "calendarYear": "2003",
    "period": "Q4",
    "revenue": 1047000000,
    "costOfRevenue": -64000000,
    "grossProfit": 1111000000,
    "grossProfitRatio": 1.0611270296,
    "researchAndDevelopmentExpenses": 0,
    "generalAndAdministrativeExpenses": 0,
    "sellingAndMarketingExpenses": 0,
    "sellingGeneralAndAdministrativeExpenses": 0,
    "otherExpenses": 972000000,
    "operatingExpenses": 972000000,
    "costAndExpenses": 908000000,
    "interestIncome": 0,
    "interestExpense": 0,
    "depreciationAndAmortization": 141000000,
    "ebitda": 280000000,
    "ebitdaratio": 0.2674307545,
    "operatingIncome": 139000000,
    "operatingIncomeRatio": 0.1327602674,
    "totalOtherIncomeExpensesNet": -73000000,
    "incomeBeforeTax": 66000000,
    "incomeBeforeTaxRatio": 0.0630372493,
    "incomeTaxExpense": 28000000,
    "netIncome": 38000000,
    "netIncomeRatio": 0.0362941738,
    "eps": 0.22,
    "epsdiluted": 0.22,
    "weightedAverageShsOut": 174300000,
    "weightedAverageShsOutDil": 174300000,
    "link": "https://www.sec.gov/Archives/edgar/data/1002910/000100291004000118/0001002910-04-000118-index.htm",
    "finalLink": "https://www.sec.gov/Archives/edgar/data/18651/000100291004000118/amc10-kcomb123103.txt"
  },
  {
    "date": "2003-09-30",
    "symbol": "AEE",
    "reportedCurrency": "USD",
    "cik": "0001002910",
    "fillingDate": "2003-11-14",
    "acceptedDate": "2003-11-14 15:53:56",
    "calendarYear": "2003",
    "period": "Q3",
    "revenue": 1350000000,
    "costOfRevenue": 387000000,
    "grossProfit": 966000000,
    "grossProfitRatio": 0.7155555556,
    "researchAndDevelopmentExpenses": 0,
    "generalAndAdministrativeExpenses": 0,
    "sellingAndMarketingExpenses": 0,
    "sellingGeneralAndAdministrativeExpenses": 0,
    "otherExpenses": 466000000,
    "operatingExpenses": 466000000,
    "costAndExpenses": 853000000,
    "interestIncome": 0,
    "interestExpense": 0,
    "depreciationAndAmortization": 144000000,
    "ebitda": 644000000,
    "ebitdaratio": 0.477037037,
    "operatingIncome": 500000000,
    "operatingIncomeRatio": 0.3703703704,
    "totalOtherIncomeExpensesNet": -71000000,
    "incomeBeforeTax": 429000000,
    "incomeBeforeTaxRatio": 0.3177777778,
    "incomeTaxExpense": 154000000,
    "netIncome": 275000000,
    "netIncomeRatio": 0.2037037037,
    "eps": 1.7,
    "epsdiluted": 1.7,
    "weightedAverageShsOut": 161800000,
    "weightedAverageShsOutDil": 161800000,
    "link": "https://www.sec.gov/Archives/edgar/data/1002910/000100291003000354/0001002910-03-000354-index.htm",
    "finalLink": "https://www.sec.gov/Archives/edgar/data/18651/000100291003000354/amc10-qcomb093003.txt"
  },
  {
    "date": "2003-06-30",
    "symbol": "AEE",
    "reportedCurrency": "USD",
    "cik": "0001002910",
    "fillingDate": "2003-08-14",
    "acceptedDate": "2003-08-14 14:16:59",
    "calendarYear": "2003",
    "period": "Q2",
    "revenue": 1088000000,
    "costOfRevenue": 322000000,
    "grossProfit": 766000000,
    "grossProfitRatio": 0.7040441176,
    "researchAndDevelopmentExpenses": 0,
    "generalAndAdministrativeExpenses": 0,
    "sellingAndMarketingExpenses": 0,
    "sellingGeneralAndAdministrativeExpenses": 0,
    "otherExpenses": 516000000,
    "operatingExpenses": 516000000,
    "costAndExpenses": 838000000,
    "interestIncome": 0,
    "interestExpense": 0,
    "depreciationAndAmortization": 153000000,
    "ebitda": 403000000,
    "ebitdaratio": 0.3704044118,
    "operatingIncome": 250000000,
    "operatingIncomeRatio": 0.2297794118,
    "totalOtherIncomeExpensesNet": -73000000,
    "incomeBeforeTax": 177000000,
    "incomeBeforeTaxRatio": 0.1626838235,
    "incomeTaxExpense": 67000000,
    "netIncome": 110000000,
    "netIncomeRatio": 0.1011029412,
    "eps": 0.68,
    "epsdiluted": 0.68,
    "weightedAverageShsOut": 161200000,
    "weightedAverageShsOutDil": 161200000,
    "link": "https://www.sec.gov/Archives/edgar/data/1002910/000100291003000294/0001002910-03-000294-index.htm",
    "finalLink": "https://www.sec.gov/Archives/edgar/data/1002910/000100291003000294/aee10q2qtr2003.txt"
  },
  {
    "date": "2003-03-31",
    "symbol": "AEE",
    "reportedCurrency": "USD",
    "cik": "0001002910",
    "fillingDate": "2003-05-14",
    "acceptedDate": "2003-05-14 12:15:50",
    "calendarYear": "2003",
    "period": "Q1",
    "revenue": 1108000000,
    "costOfRevenue": 232000000,
    "grossProfit": 876000000,
    "grossProfitRatio": 0.7906137184,
    "researchAndDevelopmentExpenses": 0,
    "generalAndAdministrativeExpenses": 0,
    "sellingAndMarketingExpenses": 0,
    "sellingGeneralAndAdministrativeExpenses": 0,
    "otherExpenses": 675000000,
    "operatingExpenses": 675000000,
    "costAndExpenses": 907000000,
    "interestIncome": 0,
    "interestExpense": 0,
    "depreciationAndAmortization": 124000000,
    "ebitda": 325000000,
    "ebitdaratio": 0.2933212996,
    "operatingIncome": 201000000,
    "operatingIncomeRatio": 0.1814079422,
    "totalOtherIncomeExpensesNet": -66000000,
    "incomeBeforeTax": 135000000,
    "incomeBeforeTaxRatio": 0.1218411552,
    "incomeTaxExpense": 52000000,
    "netIncome": 101000000,
    "netIncomeRatio": 0.0911552347,
    "eps": 0.63,
    "epsdiluted": 0.63,
    "weightedAverageShsOut": 158900000,
    "weightedAverageShsOutDil": 158900000,
    "link": "https://www.sec.gov/Archives/edgar/data/1002910/000100291003000240/0001002910-03-000240-index.htm",
    "finalLink": "https://www.sec.gov/Archives/edgar/data/1002910/000100291003000240/amc10-q033103.txt"
  },
  {
    "date": "2002-12-31",
    "symbol": "AEE",
    "reportedCurrency": "USD",
    "cik": "0001002910",
    "fillingDate": "2003-03-31",
    "acceptedDate": "2003-03-31 17:01:12",
    "calendarYear": "2002",
    "period": "Q4",
    "revenue": 503000000,
    "costOfRevenue": -279000000,
    "grossProfit": 782000000,
    "grossProfitRatio": 1.5546719682,
    "researchAndDevelopmentExpenses": 0,
    "generalAndAdministrativeExpenses": 0,
    "sellingAndMarketingExpenses": 0,
    "sellingGeneralAndAdministrativeExpenses": 0,
    "otherExpenses": 776000000,
    "operatingExpenses": 776000000,
    "costAndExpenses": 497000000,
    "interestIncome": 0,
    "interestExpense": 0,
    "depreciationAndAmortization": 117000000,
    "ebitda": 123000000,
    "ebitdaratio": 0.2445328032,
    "operatingIncome": 6000000,
    "operatingIncomeRatio": 0.0119284294,
    "totalOtherIncomeExpensesNet": -57000000,
    "incomeBeforeTax": -51000000,
    "incomeBeforeTaxRatio": -0.1013916501,
    "incomeTaxExpense": -19000000,
    "netIncome": -32000000,
    "netIncomeRatio": -0.0636182903,
    "eps": -0.21,
    "epsdiluted": -0.2,
    "weightedAverageShsOut": 154640613,
    "weightedAverageShsOutDil": 158900000,
    "link": "https://www.sec.gov/Archives/edgar/data/1002910/000100291003000226/0001002910-03-000226-index.htm",
    "finalLink": "https://www.sec.gov/Archives/edgar/data/1002910/000100291003000226/amc10-k123102.txt"
  },
  {
    "date": "2002-09-30",
    "symbol": "AEE",
    "reportedCurrency": "USD",
    "cik": "0001002910",
    "fillingDate": "2002-11-14",
    "acceptedDate": "2002-11-14 12:46:57",
    "calendarYear": "2002",
    "period": "Q3",
    "revenue": 1232000000,
    "costOfRevenue": 265000000,
    "grossProfit": 901000000,
    "grossProfitRatio": 0.7313311688,
    "researchAndDevelopmentExpenses": 0,
    "generalAndAdministrativeExpenses": 0,
    "sellingAndMarketingExpenses": 0,
    "sellingGeneralAndAdministrativeExpenses": 0,
    "otherExpenses": 460000000,
    "operatingExpenses": 460000000,
    "costAndExpenses": 725000000,
    "interestIncome": 0,
    "interestExpense": 0,
    "depreciationAndAmortization": 119000000,
    "ebitda": 560000000,
    "ebitdaratio": 0.4545454545,
    "operatingIncome": 441000000,
    "operatingIncomeRatio": 0.3579545455,
    "totalOtherIncomeExpensesNet": -56000000,
    "incomeBeforeTax": 385000000,
    "incomeBeforeTaxRatio": 0.3125,
    "incomeTaxExpense": 145000000,
    "netIncome": 240000000,
    "netIncomeRatio": 0.1948051948,
    "eps": 1.64,
    "epsdiluted": 1.63,
    "weightedAverageShsOut": 146700000,
    "weightedAverageShsOutDil": 146700000,
    "link": "https://www.sec.gov/Archives/edgar/data/1002910/000100291002000074/0001002910-02-000074-index.htm",
    "finalLink": "https://www.sec.gov/Archives/edgar/data/1002910/000100291002000074/aee3qtr2002.txt"
  },
  {
    "date": "2002-06-30",
    "symbol": "AEE",
    "reportedCurrency": "USD",
    "cik": "0001002910",
    "fillingDate": "2002-08-14",
    "acceptedDate": "2002-08-14 17:15:50",
    "calendarYear": "2002",
    "period": "Q2",
    "revenue": 1111000000,
    "costOfRevenue": 231000000,
    "grossProfit": 747000000,
    "grossProfitRatio": 0.6723672367,
    "researchAndDevelopmentExpenses": 0,
    "generalAndAdministrativeExpenses": 0,
    "sellingAndMarketingExpenses": 0,
    "sellingGeneralAndAdministrativeExpenses": 0,
    "otherExpenses": 470000000,
    "operatingExpenses": 470000000,
    "costAndExpenses": 701000000,
    "interestIncome": 0,
    "interestExpense": 0,
    "depreciationAndAmortization": 122000000,
    "ebitda": 399000000,
    "ebitdaratio": 0.3591359136,
    "operatingIncome": 277000000,
    "operatingIncomeRatio": 0.2493249325,
    "totalOtherIncomeExpensesNet": -89000000,
    "incomeBeforeTax": 188000000,
    "incomeBeforeTaxRatio": 0.1692169217,
    "incomeTaxExpense": 73000000,
    "netIncome": 115000000,
    "netIncomeRatio": 0.103510351,
    "eps": 0.8,
    "epsdiluted": 0.8,
    "weightedAverageShsOut": 144400000,
    "weightedAverageShsOutDil": 144400000,
    "link": "https://www.sec.gov/Archives/edgar/data/1002910/000100291002000061/0001002910-02-000061-index.htm",
    "finalLink": "https://www.sec.gov/Archives/edgar/data/1002910/000100291002000061/ame10q2qtr02.txt"
  },
  {
    "date": "2002-03-31",
    "symbol": "AEE",
    "reportedCurrency": "USD",
    "cik": "0001002910",
    "fillingDate": "2002-05-15",
    "acceptedDate": "2002-05-15 16:45:54",
    "calendarYear": "2002",
    "period": "Q1",
    "revenue": 1115000000,
    "costOfRevenue": 525000000,
    "grossProfit": 590000000,
    "grossProfitRatio": 0.5291479821,
    "researchAndDevelopmentExpenses": 0,
    "generalAndAdministrativeExpenses": 0,
    "sellingAndMarketingExpenses": 0,
    "sellingGeneralAndAdministrativeExpenses": 0,
    "otherExpenses": 441000000,
    "operatingExpenses": 441000000,
    "costAndExpenses": 966000000,
    "interestIncome": 0,
    "interestExpense": 0,
    "depreciationAndAmortization": 111000000,
    "ebitda": 260000000,
    "ebitdaratio": 0.2331838565,
    "operatingIncome": 149000000,
    "operatingIncomeRatio": 0.133632287,
    "totalOtherIncomeExpensesNet": -52000000,
    "incomeBeforeTax": 97000000,
    "incomeBeforeTaxRatio": 0.0869955157,
    "incomeTaxExpense": 38000000,
    "netIncome": 59000000,
    "netIncomeRatio": 0.0529147982,
    "eps": 0.42,
    "epsdiluted": 0.42,
    "weightedAverageShsOut": 139700000,
    "weightedAverageShsOutDil": 139700000,
    "link": "https://www.sec.gov/Archives/edgar/data/1002910/000100291002000033/0001002910-02-000033-index.htm",
    "finalLink": "https://www.sec.gov/Archives/edgar/data/1002910/000100291002000033/aee10q012002.txt"
  },
  {
    "date": "2001-12-31",
    "symbol": "AEE",
    "reportedCurrency": "USD",
    "cik": "0001002910",
    "fillingDate": "2002-03-28",
    "acceptedDate": "2002-03-28 00:00:00",
    "calendarYear": "2001",
    "period": "Q4",
    "revenue": 992710000,
    "costOfRevenue": 449312000,
    "grossProfit": 543398000,
    "grossProfitRatio": 0.5473884619,
    "researchAndDevelopmentExpenses": 0,
    "generalAndAdministrativeExpenses": 0,
    "sellingAndMarketingExpenses": 0,
    "sellingGeneralAndAdministrativeExpenses": 0,
    "otherExpenses": 436195000,
    "operatingExpenses": 436195000,
    "costAndExpenses": 885507000,
    "interestIncome": 0,
    "interestExpense": 0,
    "depreciationAndAmortization": 107463000,
    "ebitda": 214666000,
    "ebitdaratio": 0.2162424071,
    "operatingIncome": 107203000,
    "operatingIncomeRatio": 0.1079902489,
    "totalOtherIncomeExpensesNet": -44429000,
    "incomeBeforeTax": 62774000,
    "incomeBeforeTaxRatio": 0.063234983,
    "incomeTaxExpense": 13927000,
    "netIncome": 48847000,
    "netIncomeRatio": 0.0492057096,
    "eps": 0.35,
    "epsdiluted": 0.35,
    "weightedAverageShsOut": 137546000,
    "weightedAverageShsOutDil": 139700000,
    "link": "https://www.sec.gov/Archives/edgar/data/1002910/000095013402002873/0000950134-02-002873-index.htm",
    "finalLink": "https://www.sec.gov/Archives/edgar/data/1002910/000095013402002873/c68313e10-k405.txt"
  },
  {
    "date": "2001-09-30",
    "symbol": "AEE",
    "reportedCurrency": "USD",
    "cik": "0001002910",
    "fillingDate": "2001-11-14",
    "acceptedDate": "2001-11-14 00:00:00",
    "calendarYear": "2001",
    "period": "Q3",
    "revenue": 1431613000,
    "costOfRevenue": 505000000,
    "grossProfit": 917000000,
    "grossProfitRatio": 0.6405362343,
    "researchAndDevelopmentExpenses": 0,
    "generalAndAdministrativeExpenses": 0,
    "sellingAndMarketingExpenses": 0,
    "sellingGeneralAndAdministrativeExpenses": 0,
    "otherExpenses": 430000000,
    "operatingExpenses": 430000000,
    "costAndExpenses": 935000000,
    "interestIncome": 0,
    "interestExpense": 0,
    "depreciationAndAmortization": 122592000,
    "ebitda": 609592000,
    "ebitdaratio": 0.4258078126,
    "operatingIncome": 487000000,
    "operatingIncomeRatio": 0.3401757318,
    "totalOtherIncomeExpensesNet": -40000000,
    "incomeBeforeTax": 447000000,
    "incomeBeforeTaxRatio": 0.31223522,
    "incomeTaxExpense": 180000000,
    "netIncome": 267000000,
    "netIncomeRatio": 0.1865029166,
    "eps": 1.94,
    "epsdiluted": 1.94,
    "weightedAverageShsOut": 137222000,
    "weightedAverageShsOutDil": 137222000,
    "link": "https://www.sec.gov/Archives/edgar/data/1002910/000100291001500083/0001002910-01-500083-index.htm",
    "finalLink": "https://www.sec.gov/Archives/edgar/data/1002910/000100291001500083/aee013q.txt"
  },
  {
    "date": "2001-06-30",
    "symbol": "AEE",
    "reportedCurrency": "USD",
    "cik": "0001002910",
    "fillingDate": "2001-08-14",
    "acceptedDate": "2001-08-14 00:00:00",
    "calendarYear": "2001",
    "period": "Q2",
    "revenue": 1057016000,
    "costOfRevenue": 381204000,
    "grossProfit": 675812000,
    "grossProfitRatio": 0.6393583446,
    "researchAndDevelopmentExpenses": 0,
    "generalAndAdministrativeExpenses": 0,
    "sellingAndMarketingExpenses": 0,
    "sellingGeneralAndAdministrativeExpenses": 0,
    "otherExpenses": 469865000,
    "operatingExpenses": 469865000,
    "costAndExpenses": 851069000,
    "interestIncome": 0,
    "interestExpense": 0,
    "depreciationAndAmortization": 101182000,
    "ebitda": 1158182000,
    "ebitdaratio": 1.0957090527,
    "operatingIncome": 205931000,
    "operatingIncomeRatio": 0.1948229734,
    "totalOtherIncomeExpensesNet": -50573000,
    "incomeBeforeTax": 155358000,
    "incomeBeforeTaxRatio": 0.1469779076,
    "incomeTaxExpense": 60728000,
    "netIncome": 95000000,
    "netIncomeRatio": 0.0898756499,
    "eps": 0.69,
    "epsdiluted": 0.69,
    "weightedAverageShsOut": 137215462,
    "weightedAverageShsOutDil": 137215462,
    "link": "https://www.sec.gov/Archives/edgar/data/1002910/000100291001500054/0001002910-01-500054-index.htm",
    "finalLink": "https://www.sec.gov/Archives/edgar/data/1002910/000100291001500054/aee012q.txt"
  },
  {
    "date": "2001-03-31",
    "symbol": "AEE",
    "reportedCurrency": "USD",
    "cik": "0001002910",
    "fillingDate": "2001-05-15",
    "acceptedDate": "2001-05-15 00:00:00",
    "calendarYear": "2001",
    "period": "Q1",
    "revenue": 1024528000,
    "costOfRevenue": 439709000,
    "grossProfit": 584819000,
    "grossProfitRatio": 0.5708179767,
    "researchAndDevelopmentExpenses": 0,
    "generalAndAdministrativeExpenses": 0,
    "sellingAndMarketingExpenses": 0,
    "sellingGeneralAndAdministrativeExpenses": 0,
    "otherExpenses": 419401000,
    "operatingExpenses": 419401000,
    "costAndExpenses": 859110000,
    "interestIncome": 0,
    "interestExpense": 0,
    "depreciationAndAmortization": 104226000,
    "ebitda": 269644000,
    "ebitdaratio": 0.2631885122,
    "operatingIncome": 165418000,
    "operatingIncomeRatio": 0.161457764,
    "totalOtherIncomeExpensesNet": -50753000,
    "incomeBeforeTax": 114665000,
    "incomeBeforeTaxRatio": 0.1119198304,
    "incomeTaxExpense": 49332000,
    "netIncome": 58492000,
    "netIncomeRatio": 0.0570916559,
    "eps": 0.43,
    "epsdiluted": 0.43,
    "weightedAverageShsOut": 137215462,
    "weightedAverageShsOutDil": 137215462,
    "link": "https://www.sec.gov/Archives/edgar/data/1002910/000100291001500015/0001002910-01-500015-index.htm",
    "finalLink": "https://www.sec.gov/Archives/edgar/data/1002910/000100291001500015/aee011q.txt"
  },
  {
    "date": "2000-12-31",
    "symbol": "AEE",
    "reportedCurrency": "USD",
    "cik": "0001002910",
    "fillingDate": "2001-03-30",
    "acceptedDate": "2001-03-30 00:00:00",
    "calendarYear": "2000",
    "period": "Q4",
    "revenue": 894758000,
    "costOfRevenue": 357880000,
    "grossProfit": 536878000,
    "grossProfitRatio": 0.6000259288,
    "researchAndDevelopmentExpenses": 0,
    "generalAndAdministrativeExpenses": 0,
    "sellingAndMarketingExpenses": 0,
    "sellingGeneralAndAdministrativeExpenses": 0,
    "otherExpenses": 456041000,
    "operatingExpenses": 456041000,
    "costAndExpenses": 813921000,
    "interestIncome": 0,
    "interestExpense": 0,
    "depreciationAndAmortization": 68240000,
    "ebitda": 179874000,
    "ebitdaratio": 0.2010308933,
    "operatingIncome": 80837000,
    "operatingIncomeRatio": 0.0903450989,
    "totalOtherIncomeExpensesNet": -40862000,
    "incomeBeforeTax": 39975000,
    "incomeBeforeTaxRatio": 0.0446768847,
    "incomeTaxExpense": 13996000,
    "netIncome": 25979000,
    "netIncomeRatio": 0.0290346664,
    "eps": 0.19,
    "epsdiluted": 0.19,
    "weightedAverageShsOut": 137215462,
    "weightedAverageShsOutDil": 137215462,
    "link": "https://www.sec.gov/Archives/edgar/data/1002910/000095012401001827/0000950124-01-001827-index.htm",
    "finalLink": "https://www.sec.gov/Archives/edgar/data/1002910/000095012401001827/c61193e10-k405.txt"
  },
  {
    "date": "2000-09-30",
    "symbol": "AEE",
    "reportedCurrency": "USD",
    "cik": "0001002910",
    "fillingDate": "2000-11-14",
    "acceptedDate": "2000-11-14 00:00:00",
    "calendarYear": "2000",
    "period": "Q3",
    "revenue": 1195411000,
    "costOfRevenue": 308789000,
    "grossProfit": 886622000,
    "grossProfitRatio": 0.7416880052,
    "researchAndDevelopmentExpenses": 0,
    "generalAndAdministrativeExpenses": 0,
    "sellingAndMarketingExpenses": 0,
    "sellingGeneralAndAdministrativeExpenses": 0,
    "otherExpenses": 417231000,
    "operatingExpenses": 417231000,
    "costAndExpenses": 726020000,
    "interestIncome": 0,
    "interestExpense": 0,
    "depreciationAndAmortization": 102822000,
    "ebitda": 572213000,
    "ebitdaratio": 0.4786746985,
    "operatingIncome": 469391000,
    "operatingIncomeRatio": 0.3926607669,
    "totalOtherIncomeExpensesNet": -49548000,
    "incomeBeforeTax": 419843000,
    "incomeBeforeTaxRatio": 0.3512122609,
    "incomeTaxExpense": 163706000,
    "netIncome": 256137000,
    "netIncomeRatio": 0.2142668923,
    "eps": 1.87,
    "epsdiluted": 1.87,
    "weightedAverageShsOut": 137215462,
    "weightedAverageShsOutDil": 137215462,
    "link": "https://www.sec.gov/Archives/edgar/data/1002910/000095012400006987/0000950124-00-006987-index.htm",
    "finalLink": "https://www.sec.gov/Archives/edgar/data/1002910/000095012400006987/0000950124-00-006987-0001.txt"
  },
  {
    "date": "2000-06-30",
    "symbol": "AEE",
    "reportedCurrency": "USD",
    "cik": "0001002910",
    "fillingDate": "2000-08-14",
    "acceptedDate": "2000-08-14 00:00:00",
    "calendarYear": "2000",
    "period": "Q2",
    "revenue": 940304000,
    "costOfRevenue": 270094000,
    "grossProfit": 670614000,
    "grossProfitRatio": 0.7131885007,
    "researchAndDevelopmentExpenses": 0,
    "generalAndAdministrativeExpenses": 0,
    "sellingAndMarketingExpenses": 0,
    "sellingGeneralAndAdministrativeExpenses": 0,
    "otherExpenses": 432169000,
    "operatingExpenses": 432169000,
    "costAndExpenses": 702263000,
    "interestIncome": 0,
    "interestExpense": 0,
    "depreciationAndAmortization": 99379000,
    "ebitda": 337824000,
    "ebitdaratio": 0.3592710443,
    "operatingIncome": 238445000,
    "operatingIncomeRatio": 0.2535828838,
    "totalOtherIncomeExpensesNet": -45621000,
    "incomeBeforeTax": 192824000,
    "incomeBeforeTaxRatio": 0.2050655958,
    "incomeTaxExpense": 79239000,
    "netIncome": 113585000,
    "netIncomeRatio": 0.1207960404,
    "eps": 0.83,
    "epsdiluted": 0.83,
    "weightedAverageShsOut": 137215000,
    "weightedAverageShsOutDil": 137215000,
    "link": "https://www.sec.gov/Archives/edgar/data/1002910/000100291000000067/0001002910-00-000067-index.htm",
    "finalLink": "https://www.sec.gov/Archives/edgar/data/1002910/000100291000000067/0001002910-00-000067-0001.txt"
  },
  {
    "date": "2000-03-31",
    "symbol": "AEE",
    "reportedCurrency": "USD",
    "cik": "0001002910",
    "fillingDate": "2000-05-15",
    "acceptedDate": "2000-05-15 00:00:00",
    "calendarYear": "2000",
    "period": "Q1",
    "revenue": 825376000,
    "costOfRevenue": 297925000,
    "grossProfit": 527451000,
    "grossProfitRatio": 0.6390432966,
    "researchAndDevelopmentExpenses": 0,
    "generalAndAdministrativeExpenses": 0,
    "sellingAndMarketingExpenses": 0,
    "sellingGeneralAndAdministrativeExpenses": 0,
    "otherExpenses": 374622000,
    "operatingExpenses": 374622000,
    "costAndExpenses": 672547000,
    "interestIncome": 0,
    "interestExpense": 0,
    "depreciationAndAmortization": 99354000,
    "ebitda": 252183000,
    "ebitdaratio": 0.3055371128,
    "operatingIncome": 152829000,
    "operatingIncomeRatio": 0.1851628833,
    "totalOtherIncomeExpensesNet": -47185000,
    "incomeBeforeTax": 105644000,
    "incomeBeforeTaxRatio": 0.1279949986,
    "incomeTaxExpense": 44251000,
    "netIncome": 61393000,
    "netIncomeRatio": 0.0743818575,
    "eps": 0.45,
    "epsdiluted": 0.45,
    "weightedAverageShsOut": 137215462,
    "weightedAverageShsOutDil": 137215462,
    "link": "https://www.sec.gov/Archives/edgar/data/1002910/000100291000000038/0001002910-00-000038-index.html",
    "finalLink": "https://www.sec.gov/Archives/edgar/data/1002910/000100291000000038/"
  },
  {
    "date": "1999-12-31",
    "symbol": "AEE",
    "reportedCurrency": "USD",
    "cik": "0001002910",
    "fillingDate": "2000-03-30",
    "acceptedDate": "2000-03-30 00:00:00",
    "calendarYear": "1999",
    "period": "Q4",
    "revenue": 734300000,
    "costOfRevenue": 319900000,
    "grossProfit": 414400000,
    "grossProfitRatio": 0.5643469971,
    "researchAndDevelopmentExpenses": 0,
    "generalAndAdministrativeExpenses": 0,
    "sellingAndMarketingExpenses": 0,
    "sellingGeneralAndAdministrativeExpenses": 0,
    "otherExpenses": 380000000,
    "operatingExpenses": 380000000,
    "costAndExpenses": 699900000,
    "interestIncome": 0,
    "interestExpense": 0,
    "depreciationAndAmortization": 0,
    "ebitda": 120500000,
    "ebitdaratio": 0.1641018657,
    "operatingIncome": 34400000,
    "operatingIncomeRatio": 0.0468473376,
    "totalOtherIncomeExpensesNet": -41100000,
    "incomeBeforeTax": -6700000,
    "incomeBeforeTaxRatio": -0.0091243361,
    "incomeTaxExpense": -1100000,
    "netIncome": -5600000,
    "netIncomeRatio": -0.0076263108,
    "eps": -0.0408,
    "epsdiluted": -0.0408,
    "weightedAverageShsOut": 137215462,
    "weightedAverageShsOutDil": 137215462,
    "link": "https://www.sec.gov/Archives/edgar/data/1002910/000095012400001810/0000950124-00-001810-index.html",
    "finalLink": "https://www.sec.gov/Archives/edgar/data/1002910/000095012400001810/"
  },
  {
    "date": "1999-09-30",
    "symbol": "AEE",
    "reportedCurrency": "USD",
    "cik": "0001002910",
    "fillingDate": "1999-11-15",
    "acceptedDate": "1999-11-15 00:00:00",
    "calendarYear": "1999",
    "period": "Q3",
    "revenue": 1193500000,
    "costOfRevenue": 304700000,
    "grossProfit": 888800000,
    "grossProfitRatio": 0.7447004608,
    "researchAndDevelopmentExpenses": 0,
    "generalAndAdministrativeExpenses": 0,
    "sellingAndMarketingExpenses": 0,
    "sellingGeneralAndAdministrativeExpenses": 0,
    "otherExpenses": 429000000,
    "operatingExpenses": 429000000,
    "costAndExpenses": 733700000,
    "interestIncome": 0,
    "interestExpense": 0,
    "depreciationAndAmortization": 0,
    "ebitda": 1193500000,
    "ebitdaratio": 1,
    "operatingIncome": 459800000,
    "operatingIncomeRatio": 0.3852534562,
    "totalOtherIncomeExpensesNet": -47000000,
    "incomeBeforeTax": 412800000,
    "incomeBeforeTaxRatio": 0.3458734814,
    "incomeTaxExpense": 163000000,
    "netIncome": 249800000,
    "netIncomeRatio": 0.209300377,
    "eps": 1.82,
    "epsdiluted": 1.82,
    "weightedAverageShsOut": 137215462,
    "weightedAverageShsOutDil": 137215462,
    "link": "https://www.sec.gov/Archives/edgar/data/1002910/000100291099000073/0001002910-99-000073-index.html",
    "finalLink": "https://www.sec.gov/Archives/edgar/data/1002910/000100291099000073/"
  },
  {
    "date": "1999-06-30",
    "symbol": "AEE",
    "reportedCurrency": "USD",
    "cik": "0001002910",
    "fillingDate": "1999-08-13",
    "acceptedDate": "1999-08-13 00:00:00",
    "calendarYear": "1999",
    "period": "Q2",
    "revenue": 859900000,
    "costOfRevenue": 248000000,
    "grossProfit": 611884000,
    "grossProfitRatio": 0.7115757646,
    "researchAndDevelopmentExpenses": 0,
    "generalAndAdministrativeExpenses": 0,
    "sellingAndMarketingExpenses": 0,
    "sellingGeneralAndAdministrativeExpenses": 0,
    "otherExpenses": 419600000,
    "operatingExpenses": 419600000,
    "costAndExpenses": 667600000,
    "interestIncome": 0,
    "interestExpense": 0,
    "depreciationAndAmortization": 95358000,
    "ebitda": 287684000,
    "ebitdaratio": 0.3345551808,
    "operatingIncome": 192284000,
    "operatingIncomeRatio": 0.2236120479,
    "totalOtherIncomeExpensesNet": -43984000,
    "incomeBeforeTax": 148300000,
    "incomeBeforeTaxRatio": 0.1724619142,
    "incomeTaxExpense": 61800000,
    "netIncome": 86500000,
    "netIncomeRatio": 0.1005930922,
    "eps": 0.63,
    "epsdiluted": 0.63,
    "weightedAverageShsOut": 137301587,
    "weightedAverageShsOutDil": 137301587,
    "link": "https://www.sec.gov/Archives/edgar/data/1002910/000100291099000051/0001002910-99-000051-index.html",
    "finalLink": "https://www.sec.gov/Archives/edgar/data/1002910/000100291099000051/"
  },
  {
    "date": "1999-03-31",
    "symbol": "AEE",
    "reportedCurrency": "USD",
    "cik": "0001002910",
    "fillingDate": "1999-05-14",
    "acceptedDate": "1999-05-14 00:00:00",
    "calendarYear": "1999",
    "period": "Q1",
    "revenue": 735900000,
    "costOfRevenue": 240045000,
    "grossProfit": 495857000,
    "grossProfitRatio": 0.6738103003,
    "researchAndDevelopmentExpenses": 0,
    "generalAndAdministrativeExpenses": 0,
    "sellingAndMarketingExpenses": 0,
    "sellingGeneralAndAdministrativeExpenses": 0,
    "otherExpenses": 360940000,
    "operatingExpenses": 360940000,
    "costAndExpenses": 600985000,
    "interestIncome": 0,
    "interestExpense": 0,
    "depreciationAndAmortization": 97442000,
    "ebitda": 232359000,
    "ebitdaratio": 0.3157480636,
    "operatingIncome": 134917000,
    "operatingIncomeRatio": 0.1833360511,
    "totalOtherIncomeExpensesNet": -45328000,
    "incomeBeforeTax": 89589000,
    "incomeBeforeTaxRatio": 0.1217407256,
    "incomeTaxExpense": 35230000,
    "netIncome": 54359000,
    "netIncomeRatio": 0.0738673733,
    "eps": 0.4,
    "epsdiluted": 0.4,
    "weightedAverageShsOut": 137215462,
    "weightedAverageShsOutDil": 137215462,
    "link": "https://www.sec.gov/Archives/edgar/data/1002910/000100291099000031/0001002910-99-000031-index.html",
    "finalLink": "https://www.sec.gov/Archives/edgar/data/1002910/"
  },
  {
    "date": "1998-12-31",
    "symbol": "AEE",
    "reportedCurrency": "USD",
    "cik": "0001002910",
    "fillingDate": "1999-03-30",
    "acceptedDate": "1999-03-30 00:00:00",
    "calendarYear": "1998",
    "period": "Q4",
    "revenue": 678500000,
    "costOfRevenue": 182900000,
    "grossProfit": 495600000,
    "grossProfitRatio": 0.7304347826,
    "researchAndDevelopmentExpenses": 0,
    "generalAndAdministrativeExpenses": 0,
    "sellingAndMarketingExpenses": 0,
    "sellingGeneralAndAdministrativeExpenses": 0,
    "otherExpenses": 401300000,
    "operatingExpenses": 401300000,
    "costAndExpenses": 584200000,
    "interestIncome": 0,
    "interestExpense": 0,
    "depreciationAndAmortization": 0,
    "ebitda": 191200000,
    "ebitdaratio": 0.281798084,
    "operatingIncome": 94300000,
    "operatingIncomeRatio": 0.1389830508,
    "totalOtherIncomeExpensesNet": -42600000,
    "incomeBeforeTax": 51700000,
    "incomeBeforeTaxRatio": 0.0761974945,
    "incomeTaxExpense": 25400000,
    "netIncome": 26300000,
    "netIncomeRatio": 0.0387619749,
    "eps": 0.19,
    "epsdiluted": 0.19,
    "weightedAverageShsOut": 136000000,
    "weightedAverageShsOutDil": 136000000,
    "link": "https://www.sec.gov/Archives/edgar/data/1002910/000095012499002196/0000950124-99-002196-index.html",
    "finalLink": "https://www.sec.gov/Archives/edgar/data/1002910/"
  },
  {
    "date": "1998-09-30",
    "symbol": "AEE",
    "reportedCurrency": "USD",
    "cik": "0001002910",
    "fillingDate": "1998-11-13",
    "acceptedDate": "1998-11-13 00:00:00",
    "calendarYear": "1998",
    "period": "Q3",
    "revenue": 1117100000,
    "costOfRevenue": 252800000,
    "grossProfit": 864300000,
    "grossProfitRatio": 0.7736997583,
    "researchAndDevelopmentExpenses": 0,
    "generalAndAdministrativeExpenses": 0,
    "sellingAndMarketingExpenses": 0,
    "sellingGeneralAndAdministrativeExpenses": 0,
    "otherExpenses": 427100000,
    "operatingExpenses": 427100000,
    "costAndExpenses": 679900000,
    "interestIncome": 0,
    "interestExpense": 0,
    "depreciationAndAmortization": 0,
    "ebitda": 531600000,
    "ebitdaratio": 0.4758750336,
    "operatingIncome": 437200000,
    "operatingIncomeRatio": 0.3913705129,
    "totalOtherIncomeExpensesNet": -46900000,
    "incomeBeforeTax": 390300000,
    "incomeBeforeTaxRatio": 0.3493868051,
    "incomeTaxExpense": 153600000,
    "netIncome": 236700000,
    "netIncomeRatio": 0.2118879241,
    "eps": 1.73,
    "epsdiluted": 1.73,
    "weightedAverageShsOut": 136820809,
    "weightedAverageShsOutDil": 136820809,
    "link": "https://www.sec.gov/Archives/edgar/data/1002910/000100291098000034/0001002910-98-000034-index.html",
    "finalLink": "https://www.sec.gov/Archives/edgar/data/1002910/"
  },
  {
    "date": "1998-06-30",
    "symbol": "AEE",
    "reportedCurrency": "USD",
    "cik": "0001002910",
    "fillingDate": "1998-08-13",
    "acceptedDate": "1998-08-13 00:00:00",
    "calendarYear": "1998",
    "period": "Q2",
    "revenue": 821800000,
    "costOfRevenue": 226300000,
    "grossProfit": 595500000,
    "grossProfitRatio": 0.7246288635,
    "researchAndDevelopmentExpenses": 0,
    "generalAndAdministrativeExpenses": 0,
    "sellingAndMarketingExpenses": 0,
    "sellingGeneralAndAdministrativeExpenses": 0,
    "otherExpenses": 408400000,
    "operatingExpenses": 408400000,
    "costAndExpenses": 634700000,
    "interestIncome": 0,
    "interestExpense": 0,
    "depreciationAndAmortization": 0,
    "ebitda": 277100000,
    "ebitdaratio": 0.3371866634,
    "operatingIncome": 187100000,
    "operatingIncomeRatio": 0.2276709662,
    "totalOtherIncomeExpensesNet": -44700000,
    "incomeBeforeTax": 142400000,
    "incomeBeforeTaxRatio": 0.1732781699,
    "incomeTaxExpense": 58800000,
    "netIncome": 83600000,
    "netIncomeRatio": 0.1017279143,
    "eps": 0.61,
    "epsdiluted": 0.61,
    "weightedAverageShsOut": 137049180,
    "weightedAverageShsOutDil": 137049180,
    "link": "https://www.sec.gov/Archives/edgar/data/1002910/000010082698000048/0000100826-98-000048-index.html",
    "finalLink": "https://www.sec.gov/Archives/edgar/data/1002910/"
  },
  {
    "date": "1998-03-31",
    "symbol": "AEE",
    "reportedCurrency": "USD",
    "cik": "0001002910",
    "fillingDate": "1998-05-13",
    "acceptedDate": "1998-05-13 00:00:00",
    "calendarYear": "1998",
    "period": "Q1",
    "revenue": 700800000,
    "costOfRevenue": 209900000,
    "grossProfit": 490900000,
    "grossProfitRatio": 0.7004851598,
    "researchAndDevelopmentExpenses": 0,
    "generalAndAdministrativeExpenses": 0,
    "sellingAndMarketingExpenses": 0,
    "sellingGeneralAndAdministrativeExpenses": 0,
    "otherExpenses": 370600000,
    "operatingExpenses": 370600000,
    "costAndExpenses": 580500000,
    "interestIncome": 0,
    "interestExpense": 0,
    "depreciationAndAmortization": 0,
    "ebitda": 214400000,
    "ebitdaratio": 0.3059360731,
    "operatingIncome": 120300000,
    "operatingIncomeRatio": 0.1716609589,
    "totalOtherIncomeExpensesNet": -50500000,
    "incomeBeforeTax": 69800000,
    "incomeBeforeTaxRatio": 0.0996004566,
    "incomeTaxExpense": 29900000,
    "netIncome": 39900000,
    "netIncomeRatio": 0.0569349315,
    "eps": 0.29,
    "epsdiluted": 0.29,
    "weightedAverageShsOut": 137586207,
    "weightedAverageShsOutDil": 137586207,
    "link": "https://www.sec.gov/Archives/edgar/data/1002910/000010082698000037/0000100826-98-000037-index.html",
    "finalLink": "https://www.sec.gov/Archives/edgar/data/1002910/"
  },
  {
    "date": "1997-12-31",
    "symbol": "AEE",
    "reportedCurrency": "USD",
    "cik": "0001002910",
    "fillingDate": "1998-03-30",
    "acceptedDate": "1998-03-30 00:00:00",
    "calendarYear": "1997",
    "period": "Q4",
    "revenue": 732000000,
    "costOfRevenue": 0,
    "grossProfit": 0,
    "grossProfitRatio": 0,
    "researchAndDevelopmentExpenses": 0,
    "generalAndAdministrativeExpenses": 0,
    "sellingAndMarketingExpenses": 0,
    "sellingGeneralAndAdministrativeExpenses": 0,
    "otherExpenses": 732000000,
    "operatingExpenses": 732000000,
    "costAndExpenses": 732000000,
    "interestIncome": 0,
    "interestExpense": 0,
    "depreciationAndAmortization": 0,
    "ebitda": -1778200000,
    "ebitdaratio": -2.4292349727,
    "operatingIncome": -1778200000,
    "operatingIncomeRatio": -2.4292349727,
    "totalOtherIncomeExpensesNet": 1778200000,
    "incomeBeforeTax": 0,
    "incomeBeforeTaxRatio": 0,
    "incomeTaxExpense": 0,
    "netIncome": -5400000,
    "netIncomeRatio": -0.0073770492,
    "eps": -0.0393,
    "epsdiluted": -0.0392,
    "weightedAverageShsOut": 137277234,
    "weightedAverageShsOutDil": 137586207,
    "link": "https://www.sec.gov/Archives/edgar/data/1002910/000095012498001751/0000950124-98-001751-index.html",
    "finalLink": "https://www.sec.gov/Archives/edgar/data/1002910/"
  },
  {
    "date": "1997-09-30",
    "symbol": "AEE",
    "reportedCurrency": "USD",
    "cik": "0001002910",
    "fillingDate": "1997-09-30",
    "acceptedDate": "1997-09-29 20:00:00",
    "calendarYear": "1997",
    "period": "Q3",
    "revenue": 1043100000,
    "costOfRevenue": 0,
    "grossProfit": 0,
    "grossProfitRatio": 0,
    "researchAndDevelopmentExpenses": 0,
    "generalAndAdministrativeExpenses": 0,
    "sellingAndMarketingExpenses": 0,
    "sellingGeneralAndAdministrativeExpenses": 0,
    "otherExpenses": 1043100000,
    "operatingExpenses": 1043100000,
    "costAndExpenses": 1043100000,
    "interestIncome": 0,
    "interestExpense": 0,
    "depreciationAndAmortization": 0,
    "ebitda": 1043100000,
    "ebitdaratio": 1,
    "operatingIncome": 1043100000,
    "operatingIncomeRatio": 1,
    "totalOtherIncomeExpensesNet": -1043100000,
    "incomeBeforeTax": 0,
    "incomeBeforeTaxRatio": 0,
    "incomeTaxExpense": 0,
    "netIncome": 215400000,
    "netIncomeRatio": 0.2064998562,
    "eps": 1.57,
    "epsdiluted": 1.57,
    "weightedAverageShsOut": 137197452,
    "weightedAverageShsOutDil": 137197452,
    "link": "",
    "finalLink": ""
  },
  {
    "date": "1997-06-30",
    "symbol": "AEE",
    "reportedCurrency": "USD",
    "cik": "0001002910",
    "fillingDate": "1997-06-30",
    "acceptedDate": "1997-06-29 20:00:00",
    "calendarYear": "1997",
    "period": "Q2",
    "revenue": 791800000,
    "costOfRevenue": 0,
    "grossProfit": 0,
    "grossProfitRatio": 0,
    "researchAndDevelopmentExpenses": 0,
    "generalAndAdministrativeExpenses": 0,
    "sellingAndMarketingExpenses": 0,
    "sellingGeneralAndAdministrativeExpenses": 0,
    "otherExpenses": 791800000,
    "operatingExpenses": 791800000,
    "costAndExpenses": 791800000,
    "interestIncome": 0,
    "interestExpense": 0,
    "depreciationAndAmortization": 0,
    "ebitda": 791800000,
    "ebitdaratio": 1,
    "operatingIncome": 791800000,
    "operatingIncomeRatio": 1,
    "totalOtherIncomeExpensesNet": -791800000,
    "incomeBeforeTax": 0,
    "incomeBeforeTaxRatio": 0,
    "incomeTaxExpense": 0,
    "netIncome": 79700000,
    "netIncomeRatio": 0.1006567315,
    "eps": 0.58,
    "epsdiluted": 0.58,
    "weightedAverageShsOut": 137413793,
    "weightedAverageShsOutDil": 137413793,
    "link": "",
    "finalLink": ""
  },
  {
    "date": "1997-03-31",
    "symbol": "AEE",
    "reportedCurrency": "USD",
    "cik": "0001002910",
    "fillingDate": "1997-03-31",
    "acceptedDate": "1997-03-30 19:00:00",
    "calendarYear": "1997",
    "period": "Q1",
    "revenue": 759700000,
    "costOfRevenue": 0,
    "grossProfit": 0,
    "grossProfitRatio": 0,
    "researchAndDevelopmentExpenses": 0,
    "generalAndAdministrativeExpenses": 0,
    "sellingAndMarketingExpenses": 0,
    "sellingGeneralAndAdministrativeExpenses": 0,
    "otherExpenses": 759700000,
    "operatingExpenses": 759700000,
    "costAndExpenses": 759700000,
    "interestIncome": 0,
    "interestExpense": 0,
    "depreciationAndAmortization": 0,
    "ebitda": 759700000,
    "ebitdaratio": 1,
    "operatingIncome": 759700000,
    "operatingIncomeRatio": 1,
    "totalOtherIncomeExpensesNet": -759700000,
    "incomeBeforeTax": 0,
    "incomeBeforeTaxRatio": 0,
    "incomeTaxExpense": 0,
    "netIncome": 45000000,
    "netIncomeRatio": 0.0592339081,
    "eps": 0.33,
    "epsdiluted": 0.33,
    "weightedAverageShsOut": 136363636,
    "weightedAverageShsOutDil": 136363636,
    "link": "",
    "finalLink": ""
  }
]