[
  {
    "date": "2024-12-31",
    "symbol": "AEE",
    "reportedCurrency": "USD",
    "cik": "0001002910",
    "fillingDate": "2025-02-18",
    "acceptedDate": "2025-02-18 16:09:43",
    "calendarYear": "2024",
    "period": "FY",
    "revenue": 7623000000,
    "costOfRevenue": 3970000000,
    "grossProfit": 3653000000,
    "grossProfitRatio": 0.479207661,
    "researchAndDevelopmentExpenses": 0,
    "generalAndAdministrativeExpenses": 0,
    "sellingAndMarketingExpenses": 0,
    "sellingGeneralAndAdministrativeExpenses": 0,
    "otherExpenses": 2137000000,
    "operatingExpenses": 2137000000,
    "costAndExpenses": 6107000000,
    "interestIncome": 41000000,
    "interestExpense": 663000000,
    "depreciationAndAmortization": 1605000000,
    "ebitda": 3538000000,
    "ebitdaratio": 0.4641217368,
    "operatingIncome": 1516000000,
    "operatingIncomeRatio": 0.1988718352,
    "totalOtherIncomeExpensesNet": -246000000,
    "incomeBeforeTax": 1270000000,
    "incomeBeforeTaxRatio": 0.1666010757,
    "incomeTaxExpense": 83000000,
    "netIncome": 1182000000,
    "netIncomeRatio": 0.1550570641,
    "eps": 4.43,
    "epsdiluted": 4.42,
    "weightedAverageShsOut": 266800000,
    "weightedAverageShsOutDil": 267400000,
    "link": "https://www.sec.gov/Archives/edgar/data/1002910/000100291025000055/0001002910-25-000055-index.htm",
    "finalLink": "https://www.sec.gov/Archives/edgar/data/18654/000100291025000055/aee-20241231.htm"
  },
  {
    "date": "2023-12-31",
    "symbol": "AEE",
    "reportedCurrency": "USD",
    "cik": "0001002910",
    "fillingDate": "2024-02-29",
    "acceptedDate": "2024-02-29 14:48:22",
    "calendarYear": "2023",
    "period": "FY",
    "revenue": 7500000000,
    "costOfRevenue": 4033000000,
    "grossProfit": 3467000000,
    "grossProfitRatio": 0.4622666667,
    "researchAndDevelopmentExpenses": 0,
    "generalAndAdministrativeExpenses": -295000000,
    "sellingAndMarketingExpenses": 0,
    "sellingGeneralAndAdministrativeExpenses": -295000000,
    "otherExpenses": 2204000000,
    "operatingExpenses": 1909000000,
    "costAndExpenses": 5942000000,
    "interestIncome": 33000000,
    "interestExpense": 566000000,
    "depreciationAndAmortization": 1500000000,
    "ebitda": 3406000000,
    "ebitdaratio": 0.4541333333,
    "operatingIncome": 1558000000,
    "operatingIncomeRatio": 0.2077333333,
    "totalOtherIncomeExpensesNet": -218000000,
    "incomeBeforeTax": 1340000000,
    "incomeBeforeTaxRatio": 0.1786666667,
    "incomeTaxExpense": 183000000,
    "netIncome": 1152000000,
    "netIncomeRatio": 0.1536,
    "eps": 4.38,
    "epsdiluted": 4.38,
    "weightedAverageShsOut": 262800000,
    "weightedAverageShsOutDil": 263399999,
    "link": "https://www.sec.gov/Archives/edgar/data/1002910/000100291024000056/0001002910-24-000056-index.htm",
    "finalLink": "https://www.sec.gov/Archives/edgar/data/18654/000100291024000056/aee-20231231.htm"
  },
  {
    "date": "2022-12-31",
    "symbol": "AEE",
    "reportedCurrency": "USD",
    "cik": "0001002910",
    "fillingDate": "2023-02-22",
    "acceptedDate": "2023-02-21 20:28:07",
    "calendarYear": "2022",
    "period": "FY",
    "revenue": 7957000000,
    "costOfRevenue": 4614000000,
    "grossProfit": 3343000000,
    "grossProfitRatio": 0.420133216,
    "researchAndDevelopmentExpenses": 0,
    "generalAndAdministrativeExpenses": -184000000,
    "sellingAndMarketingExpenses": 0,
    "sellingGeneralAndAdministrativeExpenses": -184000000,
    "otherExpenses": 2012000000,
    "operatingExpenses": 1828000000,
    "costAndExpenses": 6442000000,
    "interestIncome": 35000000,
    "interestExpense": 486000000,
    "depreciationAndAmortization": 1438000000,
    "ebitda": 3179000000,
    "ebitdaratio": 0.3995224331,
    "operatingIncome": 1515000000,
    "operatingIncomeRatio": 0.1903983914,
    "totalOtherIncomeExpensesNet": -260000000,
    "incomeBeforeTax": 1255000000,
    "incomeBeforeTaxRatio": 0.1577227598,
    "incomeTaxExpense": 176000000,
    "netIncome": 1074000000,
    "netIncomeRatio": 0.1349754933,
    "eps": 4.16,
    "epsdiluted": 4.14,
    "weightedAverageShsOut": 258399999,
    "weightedAverageShsOutDil": 259500000,
    "link": "https://www.sec.gov/Archives/edgar/data/1002910/000100291023000053/0001002910-23-000053-index.htm",
    "finalLink": "https://www.sec.gov/Archives/edgar/data/18654/000100291023000053/aee-20221231.htm"
  },
  {
    "date": "2021-12-31",
    "symbol": "AEE",
    "reportedCurrency": "USD",
    "cik": "0001002910",
    "fillingDate": "2022-02-23",
    "acceptedDate": "2022-02-22 18:43:23",
    "calendarYear": "2021",
    "period": "FY",
    "revenue": 6394000000,
    "costOfRevenue": 3403000000,
    "grossProfit": 2991000000,
    "grossProfitRatio": 0.4677822959,
    "researchAndDevelopmentExpenses": 0,
    "generalAndAdministrativeExpenses": -136000000,
    "sellingAndMarketingExpenses": 0,
    "sellingGeneralAndAdministrativeExpenses": -136000000,
    "otherExpenses": 1794000000,
    "operatingExpenses": 1658000000,
    "costAndExpenses": 5061000000,
    "interestIncome": 27000000,
    "interestExpense": 383000000,
    "depreciationAndAmortization": 1277000000,
    "ebitda": 2812000000,
    "ebitdaratio": 0.4397873006,
    "operatingIncome": 1333000000,
    "operatingIncomeRatio": 0.2084766969,
    "totalOtherIncomeExpensesNet": -181000000,
    "incomeBeforeTax": 1152000000,
    "incomeBeforeTaxRatio": 0.1801689084,
    "incomeTaxExpense": 157000000,
    "netIncome": 990000000,
    "netIncomeRatio": 0.1548326556,
    "eps": 3.86,
    "epsdiluted": 3.84,
    "weightedAverageShsOut": 256300000,
    "weightedAverageShsOutDil": 257600000,
    "link": "https://www.sec.gov/Archives/edgar/data/1002910/000100291022000038/0001002910-22-000038-index.htm",
    "finalLink": "https://www.sec.gov/Archives/edgar/data/18654/000100291022000038/aee-20211231.htm"
  },
  {
    "date": "2020-12-31",
    "symbol": "AEE",
    "reportedCurrency": "USD",
    "cik": "0001002910",
    "fillingDate": "2021-02-22",
    "acceptedDate": "2021-02-22 17:22:26",
    "calendarYear": "2020",
    "period": "FY",
    "revenue": 5794000000,
    "costOfRevenue": 2936000000,
    "grossProfit": 2858000000,
    "grossProfitRatio": 0.4932688989,
    "researchAndDevelopmentExpenses": 0,
    "generalAndAdministrativeExpenses": 0,
    "sellingAndMarketingExpenses": 0,
    "sellingGeneralAndAdministrativeExpenses": 0,
    "otherExpenses": 1558000000,
    "operatingExpenses": 1558000000,
    "costAndExpenses": 4494000000,
    "interestIncome": 29000000,
    "interestExpense": 419000000,
    "depreciationAndAmortization": 1153000000,
    "ebitda": 2604000000,
    "ebitdaratio": 0.4494304453,
    "operatingIncome": 1300000000,
    "operatingIncomeRatio": 0.224370038,
    "totalOtherIncomeExpensesNet": -268000000,
    "incomeBeforeTax": 1032000000,
    "incomeBeforeTaxRatio": 0.1781152917,
    "incomeTaxExpense": 155000000,
    "netIncome": 871000000,
    "netIncomeRatio": 0.1503279254,
    "eps": 3.53,
    "epsdiluted": 3.5,
    "weightedAverageShsOut": 247000000,
    "weightedAverageShsOutDil": 248700000,
    "link": "https://www.sec.gov/Archives/edgar/data/1002910/000100291021000065/0001002910-21-000065-index.htm",
    "finalLink": "https://www.sec.gov/Archives/edgar/data/18654/000100291021000065/aee-20201231.htm"
  },
  {
    "date": "2019-12-31",
    "symbol": "AEE",
    "reportedCurrency": "USD",
    "cik": "0001002910",
    "fillingDate": "2020-02-28",
    "acceptedDate": "2020-02-28 17:34:34",
    "calendarYear": "2019",
    "period": "FY",
    "revenue": 5910000000,
    "costOfRevenue": 3167000000,
    "grossProfit": 2743000000,
    "grossProfitRatio": 0.4641285956,
    "researchAndDevelopmentExpenses": 0,
    "generalAndAdministrativeExpenses": -90000000,
    "sellingAndMarketingExpenses": 0,
    "sellingGeneralAndAdministrativeExpenses": -90000000,
    "otherExpenses": 1566000000,
    "operatingExpenses": 1476000000,
    "costAndExpenses": 4643000000,
    "interestIncome": 33000000,
    "interestExpense": 381000000,
    "depreciationAndAmortization": 1081000000,
    "ebitda": 2478000000,
    "ebitdaratio": 0.4192893401,
    "operatingIncome": 1267000000,
    "operatingIncomeRatio": 0.2143824027,
    "totalOtherIncomeExpensesNet": -251000000,
    "incomeBeforeTax": 1016000000,
    "incomeBeforeTaxRatio": 0.1719120135,
    "incomeTaxExpense": 182000000,
    "netIncome": 828000000,
    "netIncomeRatio": 0.1401015228,
    "eps": 3.37,
    "epsdiluted": 3.35,
    "weightedAverageShsOut": 245600000,
    "weightedAverageShsOutDil": 247100000,
    "link": "https://www.sec.gov/Archives/edgar/data/1002910/000100291020000077/0001002910-20-000077-index.htm",
    "finalLink": "https://www.sec.gov/Archives/edgar/data/18654/000100291020000077/aee201910-k.htm"
  },
  {
    "date": "2018-12-31",
    "symbol": "AEE",
    "reportedCurrency": "USD",
    "cik": "0001002910",
    "fillingDate": "2019-02-26",
    "acceptedDate": "2019-02-26 17:21:39",
    "calendarYear": "2018",
    "period": "FY",
    "revenue": 6291000000,
    "costOfRevenue": 3496000000,
    "grossProfit": 2795000000,
    "grossProfitRatio": 0.4442854872,
    "researchAndDevelopmentExpenses": 0,
    "generalAndAdministrativeExpenses": -70000000,
    "sellingAndMarketingExpenses": 0,
    "sellingGeneralAndAdministrativeExpenses": -70000000,
    "otherExpenses": 1508000000,
    "operatingExpenses": 1438000000,
    "costAndExpenses": 4934000000,
    "interestIncome": 33000000,
    "interestExpense": 401000000,
    "depreciationAndAmortization": 1033000000,
    "ebitda": 2492000000,
    "ebitdaratio": 0.3961214433,
    "operatingIncome": 1357000000,
    "operatingIncomeRatio": 0.2157049754,
    "totalOtherIncomeExpensesNet": -299000000,
    "incomeBeforeTax": 1058000000,
    "incomeBeforeTaxRatio": 0.1681767605,
    "incomeTaxExpense": 237000000,
    "netIncome": 815000000,
    "netIncomeRatio": 0.129550151,
    "eps": 3.34,
    "epsdiluted": 3.32,
    "weightedAverageShsOut": 243800000,
    "weightedAverageShsOutDil": 245800000,
    "link": "https://www.sec.gov/Archives/edgar/data/1002910/000100291019000094/0001002910-19-000094-index.htm",
    "finalLink": "https://www.sec.gov/Archives/edgar/data/18654/000100291019000094/aee201810-k.htm"
  },
  {
    "date": "2017-12-31",
    "symbol": "AEE",
    "reportedCurrency": "USD",
    "cik": "0001002910",
    "fillingDate": "2018-02-28",
    "acceptedDate": "2018-02-28 16:42:56",
    "calendarYear": "2017",
    "period": "FY",
    "revenue": 6174000000,
    "costOfRevenue": 3391000000,
    "grossProfit": 2783000000,
    "grossProfitRatio": 0.4507612569,
    "researchAndDevelopmentExpenses": 0,
    "generalAndAdministrativeExpenses": -44000000,
    "sellingAndMarketingExpenses": 0,
    "sellingGeneralAndAdministrativeExpenses": -44000000,
    "otherExpenses": 1417000000,
    "operatingExpenses": 1373000000,
    "costAndExpenses": 4764000000,
    "interestIncome": 34000000,
    "interestExpense": 391000000,
    "depreciationAndAmortization": 952000000,
    "ebitda": 2448000000,
    "ebitdaratio": 0.3965014577,
    "operatingIncome": 1410000000,
    "operatingIncomeRatio": 0.2283770651,
    "totalOtherIncomeExpensesNet": -305000000,
    "incomeBeforeTax": 1105000000,
    "incomeBeforeTaxRatio": 0.1789763524,
    "incomeTaxExpense": 576000000,
    "netIncome": 523000000,
    "netIncomeRatio": 0.0847100745,
    "eps": 2.16,
    "epsdiluted": 2.14,
    "weightedAverageShsOut": 242600000,
    "weightedAverageShsOutDil": 244200000,
    "link": "https://www.sec.gov/Archives/edgar/data/1002910/000100291018000069/0001002910-18-000069-index.htm",
    "finalLink": "https://www.sec.gov/Archives/edgar/data/18654/000100291018000069/aee201710-k.htm"
  },
  {
    "date": "2016-12-31",
    "symbol": "AEE",
    "reportedCurrency": "USD",
    "cik": "0001002910",
    "fillingDate": "2017-02-28",
    "acceptedDate": "2017-02-28 11:06:25",
    "calendarYear": "2016",
    "period": "FY",
    "revenue": 6076000000,
    "costOfRevenue": 3442000000,
    "grossProfit": 2634000000,
    "grossProfitRatio": 0.4335088874,
    "researchAndDevelopmentExpenses": 0,
    "generalAndAdministrativeExpenses": -56000000,
    "sellingAndMarketingExpenses": 0,
    "sellingGeneralAndAdministrativeExpenses": -56000000,
    "otherExpenses": 1368000000,
    "operatingExpenses": 1312000000,
    "costAndExpenses": 4754000000,
    "interestIncome": 40000000,
    "interestExpense": 382000000,
    "depreciationAndAmortization": 923000000,
    "ebitda": 2346000000,
    "ebitdaratio": 0.3861092824,
    "operatingIncome": 1322000000,
    "operatingIncomeRatio": 0.2175773535,
    "totalOtherIncomeExpensesNet": -281000000,
    "incomeBeforeTax": 1041000000,
    "incomeBeforeTaxRatio": 0.1713298223,
    "incomeTaxExpense": 382000000,
    "netIncome": 653000000,
    "netIncomeRatio": 0.1074720211,
    "eps": 2.69,
    "epsdiluted": 2.68,
    "weightedAverageShsOut": 242600000,
    "weightedAverageShsOutDil": 243400000,
    "link": "https://www.sec.gov/Archives/edgar/data/1002910/000100291017000054/0001002910-17-000054-index.htm",
    "finalLink": "https://www.sec.gov/Archives/edgar/data/18654/000100291017000054/aee201610-k.htm"
  },
  {
    "date": "2015-12-31",
    "symbol": "AEE",
    "reportedCurrency": "USD",
    "cik": "0001002910",
    "fillingDate": "2016-02-26",
    "acceptedDate": "2016-02-26 17:49:07",
    "calendarYear": "2015",
    "period": "FY",
    "revenue": 6098000000,
    "costOfRevenue": 3501000000,
    "grossProfit": 2597000000,
    "grossProfitRatio": 0.4258773368,
    "researchAndDevelopmentExpenses": 0,
    "generalAndAdministrativeExpenses": 0,
    "sellingAndMarketingExpenses": 0,
    "sellingGeneralAndAdministrativeExpenses": 0,
    "otherExpenses": 1338000000,
    "operatingExpenses": 1338000000,
    "costAndExpenses": 4839000000,
    "interestIncome": 41000000,
    "interestExpense": 355000000,
    "depreciationAndAmortization": 874000000,
    "ebitda": 2177000000,
    "ebitdaratio": 0.3570022958,
    "operatingIncome": 1259000000,
    "operatingIncomeRatio": 0.2064611348,
    "totalOtherIncomeExpensesNet": -311000000,
    "incomeBeforeTax": 948000000,
    "incomeBeforeTaxRatio": 0.1554608068,
    "incomeTaxExpense": 363000000,
    "netIncome": 630000000,
    "netIncomeRatio": 0.1033125615,
    "eps": 2.6,
    "epsdiluted": 2.59,
    "weightedAverageShsOut": 242600000,
    "weightedAverageShsOutDil": 243600000,
    "link": "https://www.sec.gov/Archives/edgar/data/1002910/000100291016000205/0001002910-16-000205-index.htm",
    "finalLink": "https://www.sec.gov/Archives/edgar/data/18654/000100291016000205/aee201510-k.htm"
  },
  {
    "date": "2014-12-31",
    "symbol": "AEE",
    "reportedCurrency": "USD",
    "cik": "0001002910",
    "fillingDate": "2015-03-02",
    "acceptedDate": "2015-03-02 14:33:36",
    "calendarYear": "2014",
    "period": "FY",
    "revenue": 6053000000,
    "costOfRevenue": 3586000000,
    "grossProfit": 2467000000,
    "grossProfitRatio": 0.407566496,
    "researchAndDevelopmentExpenses": 0,
    "generalAndAdministrativeExpenses": 0,
    "sellingAndMarketingExpenses": 0,
    "sellingGeneralAndAdministrativeExpenses": 0,
    "otherExpenses": 1213000000,
    "operatingExpenses": 1213000000,
    "costAndExpenses": 4799000000,
    "interestIncome": 37000000,
    "interestExpense": 341000000,
    "depreciationAndAmortization": 791000000,
    "ebitda": 2102000000,
    "ebitdaratio": 0.3472658186,
    "operatingIncome": 1254000000,
    "operatingIncomeRatio": 0.2071699983,
    "totalOtherIncomeExpensesNet": -284000000,
    "incomeBeforeTax": 970000000,
    "incomeBeforeTaxRatio": 0.1602511151,
    "incomeTaxExpense": 377000000,
    "netIncome": 586000000,
    "netIncomeRatio": 0.0968114984,
    "eps": 2.42,
    "epsdiluted": 2.4,
    "weightedAverageShsOut": 242600000,
    "weightedAverageShsOutDil": 244400000,
    "link": "https://www.sec.gov/Archives/edgar/data/1002910/000100291015000075/0001002910-15-000075-index.htm",
    "finalLink": "https://www.sec.gov/Archives/edgar/data/18654/000100291015000075/aee201410-k.htm"
  },
  {
    "date": "2013-12-31",
    "symbol": "AEE",
    "reportedCurrency": "USD",
    "cik": "0001002910",
    "fillingDate": "2014-03-03",
    "acceptedDate": "2014-03-03 11:59:22",
    "calendarYear": "2013",
    "period": "FY",
    "revenue": 5838000000,
    "costOfRevenue": 3490000000,
    "grossProfit": 2348000000,
    "grossProfitRatio": 0.4021925317,
    "researchAndDevelopmentExpenses": 0,
    "generalAndAdministrativeExpenses": 0,
    "sellingAndMarketingExpenses": 0,
    "sellingGeneralAndAdministrativeExpenses": 0,
    "otherExpenses": 1164000000,
    "operatingExpenses": 1164000000,
    "costAndExpenses": 4654000000,
    "interestIncome": 30000000,
    "interestExpense": 398000000,
    "depreciationAndAmortization": 737000000,
    "ebitda": 1964000000,
    "ebitdaratio": 0.336416581,
    "operatingIncome": 1184000000,
    "operatingIncomeRatio": 0.2028091812,
    "totalOtherIncomeExpensesNet": -355000000,
    "incomeBeforeTax": 829000000,
    "incomeBeforeTaxRatio": 0.1420006852,
    "incomeTaxExpense": 311000000,
    "netIncome": 289000000,
    "netIncomeRatio": 0.0495032545,
    "eps": 1.19,
    "epsdiluted": 1.18,
    "weightedAverageShsOut": 242600000,
    "weightedAverageShsOutDil": 244500000,
    "link": "https://www.sec.gov/Archives/edgar/data/1002910/000100291014000054/0001002910-14-000054-index.htm",
    "finalLink": "https://www.sec.gov/Archives/edgar/data/18654/000100291014000054/aee201310-k.htm"
  },
  {
    "date": "2012-12-31",
    "symbol": "AEE",
    "reportedCurrency": "USD",
    "cik": "0001002910",
    "fillingDate": "2013-03-01",
    "acceptedDate": "2013-03-01 12:15:39",
    "calendarYear": "2012",
    "period": "FY",
    "revenue": 5781000000,
    "costOfRevenue": 3477000000,
    "grossProfit": 2304000000,
    "grossProfitRatio": 0.3985469642,
    "researchAndDevelopmentExpenses": 0,
    "generalAndAdministrativeExpenses": 0,
    "sellingAndMarketingExpenses": 0,
    "sellingGeneralAndAdministrativeExpenses": 0,
    "otherExpenses": 1116000000,
    "operatingExpenses": 1116000000,
    "costAndExpenses": 4593000000,
    "interestIncome": 32000000,
    "interestExpense": 392000000,
    "depreciationAndAmortization": 716000000,
    "ebitda": 1937000000,
    "ebitdaratio": 0.3350631379,
    "operatingIncome": 1188000000,
    "operatingIncomeRatio": 0.2055007784,
    "totalOtherIncomeExpensesNet": -359000000,
    "incomeBeforeTax": 829000000,
    "incomeBeforeTaxRatio": 0.1434007957,
    "incomeTaxExpense": 307000000,
    "netIncome": -974000000,
    "netIncomeRatio": -0.1684829614,
    "eps": -4.01,
    "epsdiluted": -4.01,
    "weightedAverageShsOut": 242600000,
    "weightedAverageShsOutDil": 242600000,
    "link": "https://www.sec.gov/Archives/edgar/data/1002910/000144530513000414/0001445305-13-000414-index.htm",
    "finalLink": "https://www.sec.gov/Archives/edgar/data/18654/000144530513000414/aee-2012x1231x10k.htm"
  },
  {
    "date": "2011-12-31",
    "symbol": "AEE",
    "reportedCurrency": "USD",
    "cik": "0001002910",
    "fillingDate": "2012-02-28",
    "acceptedDate": "2012-02-28 16:43:40",
    "calendarYear": "2011",
    "period": "FY",
    "revenue": 7531000000,
    "costOfRevenue": 3950000000,
    "grossProfit": 2198000000,
    "grossProfitRatio": 0.2918603107,
    "researchAndDevelopmentExpenses": 0,
    "generalAndAdministrativeExpenses": 0,
    "sellingAndMarketingExpenses": 0,
    "sellingGeneralAndAdministrativeExpenses": 0,
    "otherExpenses": 1165000000,
    "operatingExpenses": 1165000000,
    "costAndExpenses": 5115000000,
    "interestIncome": 31000000,
    "interestExpense": 387000000,
    "depreciationAndAmortization": 663000000,
    "ebitda": 1741000000,
    "ebitdaratio": 0.2311777984,
    "operatingIncome": 1033000000,
    "operatingIncomeRatio": 0.137166379,
    "totalOtherIncomeExpensesNet": -342000000,
    "incomeBeforeTax": 691000000,
    "incomeBeforeTaxRatio": 0.0917540831,
    "incomeTaxExpense": 254000000,
    "netIncome": 519000000,
    "netIncomeRatio": 0.0689151507,
    "eps": 2.15,
    "epsdiluted": 2.15,
    "weightedAverageShsOut": 241500000,
    "weightedAverageShsOutDil": 241500000,
    "link": "https://www.sec.gov/Archives/edgar/data/1002910/000119312512085489/0001193125-12-085489-index.htm",
    "finalLink": "https://www.sec.gov/Archives/edgar/data/18654/000119312512085489/d260990d10k.htm"
  },
  {
    "date": "2010-12-31",
    "symbol": "AEE",
    "reportedCurrency": "USD",
    "cik": "0001002910",
    "fillingDate": "2011-02-24",
    "acceptedDate": "2011-02-24 12:28:24",
    "calendarYear": "2010",
    "period": "FY",
    "revenue": 7638000000,
    "costOfRevenue": 4919000000,
    "grossProfit": 2719000000,
    "grossProfitRatio": 0.3559832417,
    "researchAndDevelopmentExpenses": 0,
    "generalAndAdministrativeExpenses": 0,
    "sellingAndMarketingExpenses": 0,
    "sellingGeneralAndAdministrativeExpenses": 0,
    "otherExpenses": 1803000000,
    "operatingExpenses": 1803000000,
    "costAndExpenses": 6722000000,
    "interestIncome": 33000000,
    "interestExpense": 497000000,
    "depreciationAndAmortization": 800000000,
    "ebitda": 1773000000,
    "ebitdaratio": 0.2321288295,
    "operatingIncome": 916000000,
    "operatingIncomeRatio": 0.1199266824,
    "totalOtherIncomeExpensesNet": -440000000,
    "incomeBeforeTax": 476000000,
    "incomeBeforeTaxRatio": 0.0623199791,
    "incomeTaxExpense": 325000000,
    "netIncome": 139000000,
    "netIncomeRatio": 0.0181984813,
    "eps": 0.58,
    "epsdiluted": 0.58,
    "weightedAverageShsOut": 238800000,
    "weightedAverageShsOutDil": 238800000,
    "link": "https://www.sec.gov/Archives/edgar/data/1002910/000119312511044880/0001193125-11-044880-index.htm",
    "finalLink": "https://www.sec.gov/Archives/edgar/data/18654/000119312511044880/d10k.htm"
  },
  {
    "date": "2009-12-31",
    "symbol": "AEE",
    "reportedCurrency": "USD",
    "cik": "0001002910",
    "fillingDate": "2010-02-26",
    "acceptedDate": "2010-02-26 17:20:43",
    "calendarYear": "2009",
    "period": "FY",
    "revenue": 7135000000,
    "costOfRevenue": 2799000000,
    "grossProfit": 4336000000,
    "grossProfitRatio": 0.6077084793,
    "researchAndDevelopmentExpenses": 0,
    "generalAndAdministrativeExpenses": 0,
    "sellingAndMarketingExpenses": 0,
    "sellingGeneralAndAdministrativeExpenses": 0,
    "otherExpenses": 2920000000,
    "operatingExpenses": 2920000000,
    "costAndExpenses": 5719000000,
    "interestIncome": 0,
    "interestExpense": 508000000,
    "depreciationAndAmortization": 748000000,
    "ebitda": 2212000000,
    "ebitdaratio": 0.3100210231,
    "operatingIncome": 1416000000,
    "operatingIncomeRatio": 0.1984583041,
    "totalOtherIncomeExpensesNet": -460000000,
    "incomeBeforeTax": 956000000,
    "incomeBeforeTaxRatio": 0.1339873861,
    "incomeTaxExpense": 332000000,
    "netIncome": 612000000,
    "netIncomeRatio": 0.0857743518,
    "eps": 2.78,
    "epsdiluted": 2.78,
    "weightedAverageShsOut": 220400000,
    "weightedAverageShsOutDil": 220400000,
    "link": "https://www.sec.gov/Archives/edgar/data/1002910/000119312510043155/0001193125-10-043155-index.htm",
    "finalLink": "https://www.sec.gov/Archives/edgar/data/18651/000119312510043155/d10k.htm"
  },
  {
    "date": "2008-12-31",
    "symbol": "AEE",
    "reportedCurrency": "USD",
    "cik": "0001002910",
    "fillingDate": "2009-03-02",
    "acceptedDate": "2009-03-02 16:41:12",
    "calendarYear": "2008",
    "period": "FY",
    "revenue": 7869000000,
    "costOfRevenue": 3542000000,
    "grossProfit": 4327000000,
    "grossProfitRatio": 0.5498792731,
    "researchAndDevelopmentExpenses": 0,
    "generalAndAdministrativeExpenses": 0,
    "sellingAndMarketingExpenses": 0,
    "sellingGeneralAndAdministrativeExpenses": 0,
    "otherExpenses": 2965000000,
    "operatingExpenses": 2965000000,
    "costAndExpenses": 6507000000,
    "interestIncome": 0,
    "interestExpense": 440000000,
    "depreciationAndAmortization": 705000000,
    "ebitda": 2116000000,
    "ebitdaratio": 0.2689032914,
    "operatingIncome": 1362000000,
    "operatingIncomeRatio": 0.1730842547,
    "totalOtherIncomeExpensesNet": -391000000,
    "incomeBeforeTax": 971000000,
    "incomeBeforeTaxRatio": 0.123395603,
    "incomeTaxExpense": 327000000,
    "netIncome": 605000000,
    "netIncomeRatio": 0.0768839751,
    "eps": 2.88,
    "epsdiluted": 2.88,
    "weightedAverageShsOut": 210100000,
    "weightedAverageShsOutDil": 210100000,
    "link": "https://www.sec.gov/Archives/edgar/data/1002910/000119312509042636/0001193125-09-042636-index.htm",
    "finalLink": "https://www.sec.gov/Archives/edgar/data/18651/000119312509042636/d10k.htm"
  },
  {
    "date": "2007-12-31",
    "symbol": "AEE",
    "reportedCurrency": "USD",
    "cik": "0001002910",
    "fillingDate": "2008-02-29",
    "acceptedDate": "2008-02-29 15:18:41",
    "calendarYear": "2007",
    "period": "FY",
    "revenue": 7546000000,
    "costOfRevenue": 3454000000,
    "grossProfit": 4092000000,
    "grossProfitRatio": 0.5422740525,
    "researchAndDevelopmentExpenses": 0,
    "generalAndAdministrativeExpenses": 0,
    "sellingAndMarketingExpenses": 0,
    "sellingGeneralAndAdministrativeExpenses": 0,
    "otherExpenses": 2750000000,
    "operatingExpenses": 2750000000,
    "costAndExpenses": 6204000000,
    "interestIncome": 0,
    "interestExpense": 0,
    "depreciationAndAmortization": 791000000,
    "ebitda": 2133000000,
    "ebitdaratio": 0.2826663133,
    "operatingIncome": 1342000000,
    "operatingIncomeRatio": 0.1778425656,
    "totalOtherIncomeExpensesNet": -394000000,
    "incomeBeforeTax": 948000000,
    "incomeBeforeTaxRatio": 0.1256294726,
    "incomeTaxExpense": 330000000,
    "netIncome": 618000000,
    "netIncomeRatio": 0.0818976941,
    "eps": 2.98,
    "epsdiluted": 2.98,
    "weightedAverageShsOut": 207400000,
    "weightedAverageShsOutDil": 207400000,
    "link": "https://www.sec.gov/Archives/edgar/data/1002910/000095013708003079/0000950137-08-003079-index.htm",
    "finalLink": "https://www.sec.gov/Archives/edgar/data/18651/000095013708003079/c23635e10vk.htm"
  },
  {
    "date": "2006-12-31",
    "symbol": "AEE",
    "reportedCurrency": "USD",
    "cik": "0001002910",
    "fillingDate": "2007-03-01",
    "acceptedDate": "2007-03-01 16:44:57",
    "calendarYear": "2006",
    "period": "FY",
    "revenue": 6880000000,
    "costOfRevenue": 3099000000,
    "grossProfit": 3781000000,
    "grossProfitRatio": 0.5495639535,
    "researchAndDevelopmentExpenses": 0,
    "generalAndAdministrativeExpenses": 0,
    "sellingAndMarketingExpenses": 0,
    "sellingGeneralAndAdministrativeExpenses": 0,
    "otherExpenses": 2608000000,
    "operatingExpenses": 2608000000,
    "costAndExpenses": 5707000000,
    "interestIncome": 0,
    "interestExpense": 350000000,
    "depreciationAndAmortization": 656000000,
    "ebitda": 1834000000,
    "ebitdaratio": 0.2665697674,
    "operatingIncome": 1173000000,
    "operatingIncomeRatio": 0.170494186,
    "totalOtherIncomeExpensesNet": -342000000,
    "incomeBeforeTax": 831000000,
    "incomeBeforeTaxRatio": 0.1207848837,
    "incomeTaxExpense": 284000000,
    "netIncome": 547000000,
    "netIncomeRatio": 0.079505814,
    "eps": 2.66,
    "epsdiluted": 2.66,
    "weightedAverageShsOut": 205600000,
    "weightedAverageShsOutDil": 205600000,
    "link": "https://www.sec.gov/Archives/edgar/data/1002910/000095013707003131/0000950137-07-003131-index.htm",
    "finalLink": "https://www.sec.gov/Archives/edgar/data/18651/000095013707003131/c11768e10vk.htm"
  },
  {
    "date": "2005-12-31",
    "symbol": "AEE",
    "reportedCurrency": "USD",
    "cik": "0001002910",
    "fillingDate": "2006-03-07",
    "acceptedDate": "2006-03-07 17:13:18",
    "calendarYear": "2005",
    "period": "FY",
    "revenue": 6780000000,
    "costOfRevenue": 3012000000,
    "grossProfit": 3768000000,
    "grossProfitRatio": 0.5557522124,
    "researchAndDevelopmentExpenses": 0,
    "generalAndAdministrativeExpenses": 0,
    "sellingAndMarketingExpenses": 0,
    "sellingGeneralAndAdministrativeExpenses": 0,
    "otherExpenses": 2484000000,
    "operatingExpenses": 2484000000,
    "costAndExpenses": 5496000000,
    "interestIncome": 0,
    "interestExpense": 317000000,
    "depreciationAndAmortization": 699000000,
    "ebitda": 1983000000,
    "ebitdaratio": 0.2924778761,
    "operatingIncome": 1284000000,
    "operatingIncomeRatio": 0.189380531,
    "totalOtherIncomeExpensesNet": -300000000,
    "incomeBeforeTax": 984000000,
    "incomeBeforeTaxRatio": 0.1451327434,
    "incomeTaxExpense": 356000000,
    "netIncome": 606000000,
    "netIncomeRatio": 0.089380531,
    "eps": 3.02,
    "epsdiluted": 3.02,
    "weightedAverageShsOut": 200800000,
    "weightedAverageShsOutDil": 200800000,
    "link": "https://www.sec.gov/Archives/edgar/data/1002910/000119312506047272/0001193125-06-047272-index.htm",
    "finalLink": "https://www.sec.gov/Archives/edgar/data/18651/000119312506047272/d10k.htm"
  },
  {
    "date": "2004-12-31",
    "symbol": "AEE",
    "reportedCurrency": "USD",
    "cik": "0001002910",
    "fillingDate": "2005-03-09",
    "acceptedDate": "2005-03-09 08:32:52",
    "calendarYear": "2004",
    "period": "FY",
    "revenue": 5160000000,
    "costOfRevenue": 1851000000,
    "grossProfit": 3284000000,
    "grossProfitRatio": 0.6364341085,
    "researchAndDevelopmentExpenses": 0,
    "generalAndAdministrativeExpenses": 0,
    "sellingAndMarketingExpenses": 0,
    "sellingGeneralAndAdministrativeExpenses": 0,
    "otherExpenses": 2206000000,
    "operatingExpenses": 2206000000,
    "costAndExpenses": 4057000000,
    "interestIncome": 0,
    "interestExpense": 0,
    "depreciationAndAmortization": 601000000,
    "ebitda": 1679000000,
    "ebitdaratio": 0.3253875969,
    "operatingIncome": 1078000000,
    "operatingIncomeRatio": 0.2089147287,
    "totalOtherIncomeExpensesNet": -266000000,
    "incomeBeforeTax": 812000000,
    "incomeBeforeTaxRatio": 0.1573643411,
    "incomeTaxExpense": 282000000,
    "netIncome": 530000000,
    "netIncomeRatio": 0.1027131783,
    "eps": 2.84,
    "epsdiluted": 2.84,
    "weightedAverageShsOut": 186619718,
    "weightedAverageShsOutDil": 186619718,
    "link": "https://www.sec.gov/Archives/edgar/data/1002910/000100291005000168/0001002910-05-000168-index.htm",
    "finalLink": "https://www.sec.gov/Archives/edgar/data/18651/000100291005000168/amerenform10-k.htm"
  },
  {
    "date": "2003-12-31",
    "symbol": "AEE",
    "reportedCurrency": "USD",
    "cik": "0001002910",
    "fillingDate": "2004-03-09",
    "acceptedDate": "2004-03-09 17:23:59",
    "calendarYear": "2003",
    "period": "FY",
    "revenue": 4593000000,
    "costOfRevenue": 1493000000,
    "grossProfit": 3081000000,
    "grossProfitRatio": 0.6708033965,
    "researchAndDevelopmentExpenses": 0,
    "generalAndAdministrativeExpenses": 0,
    "sellingAndMarketingExpenses": 0,
    "sellingGeneralAndAdministrativeExpenses": 0,
    "otherExpenses": 1991000000,
    "operatingExpenses": 1991000000,
    "costAndExpenses": 3484000000,
    "interestIncome": 0,
    "interestExpense": 288000000,
    "depreciationAndAmortization": 562000000,
    "ebitda": 1652000000,
    "ebitdaratio": 0.3596777705,
    "operatingIncome": 1090000000,
    "operatingIncomeRatio": 0.2373176573,
    "totalOtherIncomeExpensesNet": -283000000,
    "incomeBeforeTax": 807000000,
    "incomeBeforeTaxRatio": 0.1757021555,
    "incomeTaxExpense": 301000000,
    "netIncome": 524000000,
    "netIncomeRatio": 0.1140866536,
    "eps": 3.25,
    "epsdiluted": 3.25,
    "weightedAverageShsOut": 161230769,
    "weightedAverageShsOutDil": 161230769,
    "link": "https://www.sec.gov/Archives/edgar/data/1002910/000100291004000118/0001002910-04-000118-index.htm",
    "finalLink": "https://www.sec.gov/Archives/edgar/data/18651/000100291004000118/amc10-kcomb123103.txt"
  },
  {
    "date": "2002-12-31",
    "symbol": "AEE",
    "reportedCurrency": "USD",
    "cik": "0001002910",
    "fillingDate": "2003-03-31",
    "acceptedDate": "2003-03-31 17:01:12",
    "calendarYear": "2002",
    "period": "FY",
    "revenue": 3841000000,
    "costOfRevenue": 825000000,
    "grossProfit": 3016000000,
    "grossProfitRatio": 0.7852121843,
    "researchAndDevelopmentExpenses": 0,
    "generalAndAdministrativeExpenses": 0,
    "sellingAndMarketingExpenses": 0,
    "sellingGeneralAndAdministrativeExpenses": 0,
    "otherExpenses": 2143000000,
    "operatingExpenses": 2143000000,
    "costAndExpenses": 2968000000,
    "interestIncome": 0,
    "interestExpense": 0,
    "depreciationAndAmortization": 469000000,
    "ebitda": 1342000000,
    "ebitdaratio": 0.3493881802,
    "operatingIncome": 873000000,
    "operatingIncomeRatio": 0.2272845613,
    "totalOtherIncomeExpensesNet": -254000000,
    "incomeBeforeTax": 619000000,
    "incomeBeforeTaxRatio": 0.161155949,
    "incomeTaxExpense": 237000000,
    "netIncome": 382000000,
    "netIncomeRatio": 0.0994532674,
    "eps": 2.61,
    "epsdiluted": 2.61,
    "weightedAverageShsOut": 146360153,
    "weightedAverageShsOutDil": 146360153,
    "link": "https://www.sec.gov/Archives/edgar/data/1002910/000100291003000226/0001002910-03-000226-index.htm",
    "finalLink": "https://www.sec.gov/Archives/edgar/data/1002910/000100291003000226/amc10-k123102.txt"
  },
  {
    "date": "2001-12-31",
    "symbol": "AEE",
    "reportedCurrency": "USD",
    "cik": "0001002910",
    "fillingDate": "2002-03-28",
    "acceptedDate": "2002-03-28 00:00:00",
    "calendarYear": "2001",
    "period": "FY",
    "revenue": 4505867000,
    "costOfRevenue": 914000000,
    "grossProfit": 2944000000,
    "grossProfitRatio": 0.6533703724,
    "researchAndDevelopmentExpenses": 0,
    "generalAndAdministrativeExpenses": 0,
    "sellingAndMarketingExpenses": 0,
    "sellingGeneralAndAdministrativeExpenses": 0,
    "otherExpenses": 1979000000,
    "operatingExpenses": 1979000000,
    "costAndExpenses": 2893000000,
    "interestIncome": 0,
    "interestExpense": 0,
    "depreciationAndAmortization": 422000000,
    "ebitda": 1387000000,
    "ebitdaratio": 0.3078208922,
    "operatingIncome": 965000000,
    "operatingIncomeRatio": 0.2141652206,
    "totalOtherIncomeExpensesNet": -184000000,
    "incomeBeforeTax": 781000000,
    "incomeBeforeTaxRatio": 0.1733295723,
    "incomeTaxExpense": 305000000,
    "netIncome": 469000000,
    "netIncomeRatio": 0.1040865165,
    "eps": 3.41,
    "epsdiluted": 3.4,
    "weightedAverageShsOut": 137300000,
    "weightedAverageShsOutDil": 137941176,
    "link": "https://www.sec.gov/Archives/edgar/data/1002910/000095013402002873/0000950134-02-002873-index.htm",
    "finalLink": "https://www.sec.gov/Archives/edgar/data/1002910/000095013402002873/c68313e10-k405.txt"
  },
  {
    "date": "2000-12-31",
    "symbol": "AEE",
    "reportedCurrency": "USD",
    "cik": "0001002910",
    "fillingDate": "2001-03-30",
    "acceptedDate": "2001-03-30 00:00:00",
    "calendarYear": "2000",
    "period": "FY",
    "revenue": 3855849000,
    "costOfRevenue": 1234688000,
    "grossProfit": 2621161000,
    "grossProfitRatio": 0.6797882905,
    "researchAndDevelopmentExpenses": 0,
    "generalAndAdministrativeExpenses": 0,
    "sellingAndMarketingExpenses": 0,
    "sellingGeneralAndAdministrativeExpenses": 0,
    "otherExpenses": 1679659000,
    "operatingExpenses": 1679659000,
    "costAndExpenses": 2914347000,
    "interestIncome": 0,
    "interestExpense": 179706000,
    "depreciationAndAmortization": 369795000,
    "ebitda": 1323631000,
    "ebitdaratio": 0.3432787435,
    "operatingIncome": 941502000,
    "operatingIncomeRatio": 0.2441750183,
    "totalOtherIncomeExpensesNet": -183216000,
    "incomeBeforeTax": 758286000,
    "incomeBeforeTaxRatio": 0.1966586347,
    "incomeTaxExpense": 301192000,
    "netIncome": 457094000,
    "netIncomeRatio": 0.1185456173,
    "eps": 3.33,
    "epsdiluted": 3.33,
    "weightedAverageShsOut": 137265465,
    "weightedAverageShsOutDil": 137265465,
    "link": "https://www.sec.gov/Archives/edgar/data/1002910/000095012401001827/0000950124-01-001827-index.htm",
    "finalLink": "https://www.sec.gov/Archives/edgar/data/1002910/000095012401001827/c61193e10-k405.txt"
  },
  {
    "date": "1999-12-31",
    "symbol": "AEE",
    "reportedCurrency": "USD",
    "cik": "0001002910",
    "fillingDate": "2000-03-30",
    "acceptedDate": "2000-03-30 00:00:00",
    "calendarYear": "1999",
    "period": "FY",
    "revenue": 3523600000,
    "costOfRevenue": 1104700000,
    "grossProfit": 2418931000,
    "grossProfitRatio": 0.6864942105,
    "researchAndDevelopmentExpenses": 0,
    "generalAndAdministrativeExpenses": 0,
    "sellingAndMarketingExpenses": 0,
    "sellingGeneralAndAdministrativeExpenses": 0,
    "otherExpenses": 1597500000,
    "operatingExpenses": 1597500000,
    "costAndExpenses": 2702200000,
    "interestIncome": 0,
    "interestExpense": 0,
    "depreciationAndAmortization": 376400000,
    "ebitda": 1197831000,
    "ebitdaratio": 0.3399452265,
    "operatingIncome": 821431000,
    "operatingIncomeRatio": 0.2331226586,
    "totalOtherIncomeExpensesNet": -177431000,
    "incomeBeforeTax": 644000000,
    "incomeBeforeTaxRatio": 0.182767624,
    "incomeTaxExpense": 258900000,
    "netIncome": 385100000,
    "netIncomeRatio": 0.1092916336,
    "eps": 2.81,
    "epsdiluted": 2.81,
    "weightedAverageShsOut": 137215462,
    "weightedAverageShsOutDil": 137215462,
    "link": "https://www.sec.gov/Archives/edgar/data/1002910/000095012400001810/0000950124-00-001810-index.html",
    "finalLink": "https://www.sec.gov/Archives/edgar/data/1002910/000095012400001810/"
  },
  {
    "date": "1998-12-31",
    "symbol": "AEE",
    "reportedCurrency": "USD",
    "cik": "0001002910",
    "fillingDate": "1999-03-30",
    "acceptedDate": "1999-03-30 00:00:00",
    "calendarYear": "1998",
    "period": "FY",
    "revenue": 3318200000,
    "costOfRevenue": 872000000,
    "grossProfit": 2446208000,
    "grossProfitRatio": 0.7372093304,
    "researchAndDevelopmentExpenses": 0,
    "generalAndAdministrativeExpenses": 0,
    "sellingAndMarketingExpenses": 0,
    "sellingGeneralAndAdministrativeExpenses": 0,
    "otherExpenses": 1607300000,
    "operatingExpenses": 1607300000,
    "costAndExpenses": 2479300000,
    "interestIncome": 0,
    "interestExpense": 0,
    "depreciationAndAmortization": 375300000,
    "ebitda": 1214208000,
    "ebitdaratio": 0.3659236936,
    "operatingIncome": 838908000,
    "operatingIncomeRatio": 0.2528202037,
    "totalOtherIncomeExpensesNet": -184708000,
    "incomeBeforeTax": 654200000,
    "incomeBeforeTaxRatio": 0.1971550841,
    "incomeTaxExpense": 267700000,
    "netIncome": 386500000,
    "netIncomeRatio": 0.1164788138,
    "eps": 2.82,
    "epsdiluted": 2.82,
    "weightedAverageShsOut": 137215462,
    "weightedAverageShsOutDil": 137215462,
    "link": "https://www.sec.gov/Archives/edgar/data/1002910/000095012499002196/0000950124-99-002196-index.html",
    "finalLink": "https://www.sec.gov/Archives/edgar/data/1002910/"
  },
  {
    "date": "1997-12-31",
    "symbol": "AEE",
    "reportedCurrency": "USD",
    "cik": "0001002910",
    "fillingDate": "1998-03-30",
    "acceptedDate": "1998-03-30 00:00:00",
    "calendarYear": "1997",
    "period": "FY",
    "revenue": 3326600000,
    "costOfRevenue": 965900000,
    "grossProfit": 2360700000,
    "grossProfitRatio": 0.7096434798,
    "researchAndDevelopmentExpenses": 0,
    "generalAndAdministrativeExpenses": 0,
    "sellingAndMarketingExpenses": 0,
    "sellingGeneralAndAdministrativeExpenses": 0,
    "otherExpenses": 1544200000,
    "operatingExpenses": 1544200000,
    "costAndExpenses": 2510100000,
    "interestIncome": 0,
    "interestExpense": 0,
    "depreciationAndAmortization": 0,
    "ebitda": 3326500000,
    "ebitdaratio": 0.9999699393,
    "operatingIncome": 816400000,
    "operatingIncomeRatio": 0.2454157398,
    "totalOtherIncomeExpensesNet": -195700000,
    "incomeBeforeTax": 620700000,
    "incomeBeforeTaxRatio": 0.1865869055,
    "incomeTaxExpense": 234200000,
    "netIncome": 334700000,
    "netIncomeRatio": 0.1006132387,
    "eps": 2.44,
    "epsdiluted": 2.44,
    "weightedAverageShsOut": 137172131,
    "weightedAverageShsOutDil": 137172131,
    "link": "https://www.sec.gov/Archives/edgar/data/1002910/000095012498001751/0000950124-98-001751-index.html",
    "finalLink": "https://www.sec.gov/Archives/edgar/data/1002910/"
  }
]