[
  {
    "date": "2025-06-30",
    "symbol": "AEP",
    "reportedCurrency": "USD",
    "cik": "0000004904",
    "fillingDate": "2025-07-30",
    "acceptedDate": "2025-07-30 10:17:51",
    "calendarYear": "2025",
    "period": "Q2",
    "revenue": 5087600000,
    "costOfRevenue": 3323100000,
    "grossProfit": 1764500000,
    "grossProfitRatio": 0.3468236497,
    "researchAndDevelopmentExpenses": 0,
    "generalAndAdministrativeExpenses": 0,
    "sellingAndMarketingExpenses": 0,
    "sellingGeneralAndAdministrativeExpenses": 0,
    "otherExpenses": 365000000,
    "operatingExpenses": 365000000,
    "costAndExpenses": 3688100000,
    "interestIncome": 0,
    "interestExpense": 490700000,
    "depreciationAndAmortization": 853100000,
    "ebitda": 2360600000,
    "ebitdaratio": 0.4639908798,
    "operatingIncome": 1399500000,
    "operatingIncomeRatio": 0.2750805881,
    "totalOtherIncomeExpensesNet": -362100000,
    "incomeBeforeTax": 1037400000,
    "incomeBeforeTaxRatio": 0.2039075399,
    "incomeTaxExpense": -250900000,
    "netIncome": 1225800000,
    "netIncomeRatio": 0.240938753,
    "eps": 2.29,
    "epsdiluted": 2.29,
    "weightedAverageShsOut": 534283554,
    "weightedAverageShsOutDil": 536425635,
    "link": "https://www.sec.gov/Archives/edgar/data/4904/000000490425000141/0000004904-25-000141-index.htm",
    "finalLink": "https://www.sec.gov/Archives/edgar/data/4904/000000490425000141/aep-20250630.htm"
  },
  {
    "date": "2025-03-31",
    "symbol": "AEP",
    "reportedCurrency": "USD",
    "cik": "0000004904",
    "fillingDate": "2025-05-06",
    "acceptedDate": "2025-05-06 10:13:35",
    "calendarYear": "2025",
    "period": "Q1",
    "revenue": 5639200000,
    "costOfRevenue": 3760000000,
    "grossProfit": 1879200000,
    "grossProfitRatio": 0.3332387573,
    "researchAndDevelopmentExpenses": 0,
    "generalAndAdministrativeExpenses": 0,
    "sellingAndMarketingExpenses": 0,
    "sellingGeneralAndAdministrativeExpenses": 0,
    "otherExpenses": 422000000,
    "operatingExpenses": 422000000,
    "costAndExpenses": 4182000000,
    "interestIncome": 0,
    "interestExpense": 496300000,
    "depreciationAndAmortization": 833400000,
    "ebitda": 2219200000,
    "ebitdaratio": 0.3935309973,
    "operatingIncome": 1457200000,
    "operatingIncomeRatio": 0.2584054476,
    "totalOtherIncomeExpensesNet": -529500000,
    "incomeBeforeTax": 927700000,
    "incomeBeforeTaxRatio": 0.1645091502,
    "incomeTaxExpense": 125500000,
    "netIncome": 800200000,
    "netIncomeRatio": 0.1418995602,
    "eps": 1.5,
    "epsdiluted": 1.5,
    "weightedAverageShsOut": 533391000,
    "weightedAverageShsOutDil": 534663000,
    "link": "https://www.sec.gov/Archives/edgar/data/4904/000000490425000061/0000004904-25-000061-index.htm",
    "finalLink": "https://www.sec.gov/Archives/edgar/data/4904/000000490425000061/aep-20250331.htm"
  },
  {
    "date": "2024-12-31",
    "symbol": "AEP",
    "reportedCurrency": "USD",
    "cik": "0000004904",
    "fillingDate": "2025-02-13",
    "acceptedDate": "2025-02-13 10:25:44",
    "calendarYear": "2024",
    "period": "Q4",
    "revenue": 4704200000,
    "costOfRevenue": 3220700000,
    "grossProfit": 1483500000,
    "grossProfitRatio": 0.3153564899,
    "researchAndDevelopmentExpenses": 0,
    "generalAndAdministrativeExpenses": 0,
    "sellingAndMarketingExpenses": 0,
    "sellingGeneralAndAdministrativeExpenses": 0,
    "otherExpenses": 385100000,
    "operatingExpenses": 385100000,
    "costAndExpenses": 3605800000,
    "interestIncome": 0,
    "interestExpense": 464000000,
    "depreciationAndAmortization": 828200000,
    "ebitda": 1989900000,
    "ebitdaratio": 0.4230049743,
    "operatingIncome": 1098400000,
    "operatingIncomeRatio": 0.2334934739,
    "totalOtherIncomeExpensesNet": -374000000,
    "incomeBeforeTax": 724400000,
    "incomeBeforeTaxRatio": 0.1539900514,
    "incomeTaxExpense": 58500000,
    "netIncome": 664100000,
    "netIncomeRatio": 0.1411717189,
    "eps": 1.25,
    "epsdiluted": 1.25,
    "weightedAverageShsOut": 530092672,
    "weightedAverageShsOutDil": 531337703,
    "link": "https://www.sec.gov/Archives/edgar/data/4904/000000490425000027/0000004904-25-000027-index.htm",
    "finalLink": "https://www.sec.gov/Archives/edgar/data/4904/000000490425000027/aep-20241231.htm"
  },
  {
    "date": "2024-09-30",
    "symbol": "AEP",
    "reportedCurrency": "USD",
    "cik": "0000004904",
    "fillingDate": "2024-11-06",
    "acceptedDate": "2024-11-06 07:05:51",
    "calendarYear": "2024",
    "period": "Q3",
    "revenue": 5488300000,
    "costOfRevenue": 3661200000,
    "grossProfit": 1827100000,
    "grossProfitRatio": 0.3329081865,
    "researchAndDevelopmentExpenses": 0,
    "generalAndAdministrativeExpenses": 0,
    "sellingAndMarketingExpenses": 0,
    "sellingGeneralAndAdministrativeExpenses": 0,
    "otherExpenses": 407200000,
    "operatingExpenses": 407200000,
    "costAndExpenses": 4068400000,
    "interestIncome": 0,
    "interestExpense": 490000000,
    "depreciationAndAmortization": 852700000,
    "ebitda": 2324600000,
    "ebitdaratio": 0.4235555637,
    "operatingIncome": 1419900000,
    "operatingIncomeRatio": 0.2587139916,
    "totalOtherIncomeExpensesNet": -420700000,
    "incomeBeforeTax": 999200000,
    "incomeBeforeTaxRatio": 0.1820600186,
    "incomeTaxExpense": 37500000,
    "netIncome": 959600000,
    "netIncomeRatio": 0.1748446696,
    "eps": 1.8,
    "epsdiluted": 1.8,
    "weightedAverageShsOut": 532208876,
    "weightedAverageShsOutDil": 533600842,
    "link": "https://www.sec.gov/Archives/edgar/data/4904/000000490424000100/0000004904-24-000100-index.htm",
    "finalLink": "https://www.sec.gov/Archives/edgar/data/4904/000000490424000100/aep-20240930.htm"
  },
  {
    "date": "2024-06-30",
    "symbol": "AEP",
    "reportedCurrency": "USD",
    "cik": "0000004904",
    "fillingDate": "2024-07-30",
    "acceptedDate": "2024-07-30 07:18:58",
    "calendarYear": "2024",
    "period": "Q2",
    "revenue": 4627900000,
    "costOfRevenue": 3358000000,
    "grossProfit": 1269900000,
    "grossProfitRatio": 0.2744009162,
    "researchAndDevelopmentExpenses": 0,
    "generalAndAdministrativeExpenses": 0,
    "sellingAndMarketingExpenses": 0,
    "sellingGeneralAndAdministrativeExpenses": 0,
    "otherExpenses": 393600000,
    "operatingExpenses": 393600000,
    "costAndExpenses": 3751600000,
    "interestIncome": 0,
    "interestExpense": 466700000,
    "depreciationAndAmortization": 821900000,
    "ebitda": 1612600000,
    "ebitdaratio": 0.3484517816,
    "operatingIncome": 876300000,
    "operatingIncomeRatio": 0.1893515417,
    "totalOtherIncomeExpensesNet": -527100000,
    "incomeBeforeTax": 349200000,
    "incomeBeforeTaxRatio": 0.0754553901,
    "incomeTaxExpense": 6700000,
    "netIncome": 340300000,
    "netIncomeRatio": 0.0735322717,
    "eps": 0.64,
    "epsdiluted": 0.64,
    "weightedAverageShsOut": 528898816,
    "weightedAverageShsOutDil": 530140990,
    "link": "https://www.sec.gov/Archives/edgar/data/4904/000000490424000081/0000004904-24-000081-index.htm",
    "finalLink": "https://www.sec.gov/Archives/edgar/data/4904/000000490424000081/aep-20240630.htm"
  },
  {
    "date": "2024-03-31",
    "symbol": "AEP",
    "reportedCurrency": "USD",
    "cik": "0000004904",
    "fillingDate": "2024-04-30",
    "acceptedDate": "2024-04-30 07:07:56",
    "calendarYear": "2024",
    "period": "Q1",
    "revenue": 5096100000,
    "costOfRevenue": 3443600000,
    "grossProfit": 1652500000,
    "grossProfitRatio": 0.3242675772,
    "researchAndDevelopmentExpenses": 0,
    "generalAndAdministrativeExpenses": 0,
    "sellingAndMarketingExpenses": 0,
    "sellingGeneralAndAdministrativeExpenses": 0,
    "otherExpenses": 410400000,
    "operatingExpenses": 410400000,
    "costAndExpenses": 3854000000,
    "interestIncome": 0,
    "interestExpense": 436800000,
    "depreciationAndAmortization": 787100000,
    "ebitda": 2063200000,
    "ebitdaratio": 0.4048586174,
    "operatingIncome": 1242100000,
    "operatingIncomeRatio": 0.2437354055,
    "totalOtherIncomeExpensesNet": -378300000,
    "incomeBeforeTax": 863800000,
    "incomeBeforeTaxRatio": 0.1695021683,
    "incomeTaxExpense": -141900000,
    "netIncome": 1003100000,
    "netIncomeRatio": 0.1968367968,
    "eps": 1.91,
    "epsdiluted": 1.9,
    "weightedAverageShsOut": 526552036,
    "weightedAverageShsOutDil": 527596395,
    "link": "https://www.sec.gov/Archives/edgar/data/4904/000000490424000046/0000004904-24-000046-index.htm",
    "finalLink": "https://www.sec.gov/Archives/edgar/data/4904/000000490424000046/aep-20240331.htm"
  },
  {
    "date": "2023-12-31",
    "symbol": "AEP",
    "reportedCurrency": "USD",
    "cik": "0000004904",
    "fillingDate": "2024-02-26",
    "acceptedDate": "2024-02-26 16:44:18",
    "calendarYear": "2023",
    "period": "Q4",
    "revenue": 4688000000,
    "costOfRevenue": 3544400000,
    "grossProfit": 1143600000,
    "grossProfitRatio": 0.2439419795,
    "researchAndDevelopmentExpenses": 0,
    "generalAndAdministrativeExpenses": 0,
    "sellingAndMarketingExpenses": 0,
    "sellingGeneralAndAdministrativeExpenses": 0,
    "otherExpenses": 343100000,
    "operatingExpenses": 343100000,
    "costAndExpenses": 3887500000,
    "interestIncome": 0,
    "interestExpense": 462200000,
    "depreciationAndAmortization": 877600000,
    "ebitda": 1631400000,
    "ebitdaratio": 0.3479948805,
    "operatingIncome": 800500000,
    "operatingIncomeRatio": 0.1707551195,
    "totalOtherIncomeExpensesNet": -511300000,
    "incomeBeforeTax": 289200000,
    "incomeBeforeTaxRatio": 0.0616894198,
    "incomeTaxExpense": -48600000,
    "netIncome": 336200000,
    "netIncomeRatio": 0.0717150171,
    "eps": 0.64,
    "epsdiluted": 0.64,
    "weightedAverageShsOut": 522727859,
    "weightedAverageShsOutDil": 523901327,
    "link": "https://www.sec.gov/Archives/edgar/data/4904/000000490424000020/0000004904-24-000020-index.htm",
    "finalLink": "https://www.sec.gov/Archives/edgar/data/4904/000000490424000020/aep-20231231.htm"
  },
  {
    "date": "2023-09-30",
    "symbol": "AEP",
    "reportedCurrency": "USD",
    "cik": "0000004904",
    "fillingDate": "2023-11-02",
    "acceptedDate": "2023-11-02 07:14:40",
    "calendarYear": "2023",
    "period": "Q3",
    "revenue": 5352600000,
    "costOfRevenue": 3594300000,
    "grossProfit": 1758300000,
    "grossProfitRatio": 0.3284945634,
    "researchAndDevelopmentExpenses": 0,
    "generalAndAdministrativeExpenses": 0,
    "sellingAndMarketingExpenses": 0,
    "sellingGeneralAndAdministrativeExpenses": 0,
    "otherExpenses": 393900000,
    "operatingExpenses": 393900000,
    "costAndExpenses": 3988200000,
    "interestIncome": 0,
    "interestExpense": 471600000,
    "depreciationAndAmortization": 792300000,
    "ebitda": 2265100000,
    "ebitdaratio": 0.4231775212,
    "operatingIncome": 1364400000,
    "operatingIncomeRatio": 0.2549041587,
    "totalOtherIncomeExpensesNet": -341900000,
    "incomeBeforeTax": 1022500000,
    "incomeBeforeTaxRatio": 0.191028659,
    "incomeTaxExpense": 64200000,
    "netIncome": 953700000,
    "netIncomeRatio": 0.1781750925,
    "eps": 1.83,
    "epsdiluted": 1.83,
    "weightedAverageShsOut": 520459880,
    "weightedAverageShsOutDil": 521444125,
    "link": "https://www.sec.gov/Archives/edgar/data/4904/000000490423000121/0000004904-23-000121-index.htm",
    "finalLink": "https://www.sec.gov/Archives/edgar/data/4904/000000490423000121/aep-20230930.htm"
  },
  {
    "date": "2023-06-30",
    "symbol": "AEP",
    "reportedCurrency": "USD",
    "cik": "0000004904",
    "fillingDate": "2023-07-27",
    "acceptedDate": "2023-07-27 07:10:45",
    "calendarYear": "2023",
    "period": "Q2",
    "revenue": 4497300000,
    "costOfRevenue": 3138300000,
    "grossProfit": 1359000000,
    "grossProfitRatio": 0.3021813088,
    "researchAndDevelopmentExpenses": 0,
    "generalAndAdministrativeExpenses": 0,
    "sellingAndMarketingExpenses": 0,
    "sellingGeneralAndAdministrativeExpenses": 0,
    "otherExpenses": 360400000,
    "operatingExpenses": 360400000,
    "costAndExpenses": 3498700000,
    "interestIncome": 0,
    "interestExpense": 460500000,
    "depreciationAndAmortization": 741600000,
    "ebitda": 1727400000,
    "ebitdaratio": 0.3840971249,
    "operatingIncome": 998600000,
    "operatingIncomeRatio": 0.2220443377,
    "totalOtherIncomeExpensesNet": -453900000,
    "incomeBeforeTax": 544699999,
    "incomeBeforeTaxRatio": 0.1211171145,
    "incomeTaxExpense": 28600000,
    "netIncome": 521200000,
    "netIncomeRatio": 0.1158917573,
    "eps": 1.01,
    "epsdiluted": 1.01,
    "weightedAverageShsOut": 514879144,
    "weightedAverageShsOutDil": 516242919,
    "link": "https://www.sec.gov/Archives/edgar/data/4904/000000490423000104/0000004904-23-000104-index.htm",
    "finalLink": "https://www.sec.gov/Archives/edgar/data/4904/000000490423000104/aep-20230630.htm"
  },
  {
    "date": "2023-03-31",
    "symbol": "AEP",
    "reportedCurrency": "USD",
    "cik": "0000004904",
    "fillingDate": "2023-05-04",
    "acceptedDate": "2023-05-04 07:08:19",
    "calendarYear": "2023",
    "period": "Q1",
    "revenue": 4843600000,
    "costOfRevenue": 3479800000,
    "grossProfit": 1363800000,
    "grossProfitRatio": 0.2815674292,
    "researchAndDevelopmentExpenses": 0,
    "generalAndAdministrativeExpenses": 0,
    "sellingAndMarketingExpenses": 0,
    "sellingGeneralAndAdministrativeExpenses": 0,
    "otherExpenses": 394900000,
    "operatingExpenses": 394900000,
    "costAndExpenses": 3874700000,
    "interestIncome": 0,
    "interestExpense": 415000000,
    "depreciationAndAmortization": 800500000,
    "ebitda": 1606100000,
    "ebitdaratio": 0.3315922041,
    "operatingIncome": 968900000,
    "operatingIncomeRatio": 0.2000371624,
    "totalOtherIncomeExpensesNet": -558100000,
    "incomeBeforeTax": 410800000,
    "incomeBeforeTaxRatio": 0.084812949,
    "incomeTaxExpense": 10400000,
    "netIncome": 397000000,
    "netIncomeRatio": 0.0819638286,
    "eps": 0.77,
    "epsdiluted": 0.77,
    "weightedAverageShsOut": 514176648,
    "weightedAverageShsOutDil": 515598090,
    "link": "https://www.sec.gov/Archives/edgar/data/4904/000000490423000072/0000004904-23-000072-index.htm",
    "finalLink": "https://www.sec.gov/Archives/edgar/data/4904/000000490423000072/aep-20230331.htm"
  },
  {
    "date": "2022-12-31",
    "symbol": "AEP",
    "reportedCurrency": "USD",
    "cik": "0000004904",
    "fillingDate": "2023-02-23",
    "acceptedDate": "2023-02-23 08:24:42",
    "calendarYear": "2022",
    "period": "Q4",
    "revenue": 4948400000,
    "costOfRevenue": 3850100000,
    "grossProfit": 1098300000,
    "grossProfitRatio": 0.2219505295,
    "researchAndDevelopmentExpenses": 0,
    "generalAndAdministrativeExpenses": 0,
    "sellingAndMarketingExpenses": 0,
    "sellingGeneralAndAdministrativeExpenses": 0,
    "otherExpenses": 351300000,
    "operatingExpenses": 351300000,
    "costAndExpenses": 4201399999,
    "interestIncome": 0,
    "interestExpense": 393500000,
    "depreciationAndAmortization": 868900000,
    "ebitda": 1530800000,
    "ebitdaratio": 0.309352518,
    "operatingIncome": 747000000,
    "operatingIncomeRatio": 0.1509578854,
    "totalOtherIncomeExpensesNet": -448900000,
    "incomeBeforeTax": 298099999,
    "incomeBeforeTaxRatio": 0.0602416941,
    "incomeTaxExpense": -85300000,
    "netIncome": 384300000,
    "netIncomeRatio": 0.0776614663,
    "eps": 0.75,
    "epsdiluted": 0.75,
    "weightedAverageShsOut": 512786071,
    "weightedAverageShsOutDil": 514400302,
    "link": "https://www.sec.gov/Archives/edgar/data/4904/000000490423000011/0000004904-23-000011-index.htm",
    "finalLink": "https://www.sec.gov/Archives/edgar/data/4904/000000490423000011/aep-20221231.htm"
  },
  {
    "date": "2022-09-30",
    "symbol": "AEP",
    "reportedCurrency": "USD",
    "cik": "0000004904",
    "fillingDate": "2022-10-27",
    "acceptedDate": "2022-10-27 07:14:24",
    "calendarYear": "2022",
    "period": "Q3",
    "revenue": 5407300000,
    "costOfRevenue": 4033100000,
    "grossProfit": 1374200000,
    "grossProfitRatio": 0.2541379247,
    "researchAndDevelopmentExpenses": 0,
    "generalAndAdministrativeExpenses": 0,
    "sellingAndMarketingExpenses": 0,
    "sellingGeneralAndAdministrativeExpenses": 0,
    "otherExpenses": 384800000,
    "operatingExpenses": 384800000,
    "costAndExpenses": 4417900000,
    "interestIncome": 0,
    "interestExpense": 359800000,
    "depreciationAndAmortization": 821800000,
    "ebitda": 1838600000,
    "ebitdaratio": 0.3400218224,
    "operatingIncome": 989400000,
    "operatingIncomeRatio": 0.1829748673,
    "totalOtherIncomeExpensesNet": -322200000,
    "incomeBeforeTax": 667200000,
    "incomeBeforeTaxRatio": 0.1233887522,
    "incomeTaxExpense": -16100000,
    "netIncome": 683700000,
    "netIncomeRatio": 0.1264401827,
    "eps": 1.33,
    "epsdiluted": 1.33,
    "weightedAverageShsOut": 513730196,
    "weightedAverageShsOutDil": 515315994,
    "link": "https://www.sec.gov/Archives/edgar/data/4904/000000490422000093/0000004904-22-000093-index.htm",
    "finalLink": "https://www.sec.gov/Archives/edgar/data/4904/000000490422000093/aep-20220930.htm"
  },
  {
    "date": "2022-06-30",
    "symbol": "AEP",
    "reportedCurrency": "USD",
    "cik": "0000004904",
    "fillingDate": "2022-07-27",
    "acceptedDate": "2022-07-27 07:07:34",
    "calendarYear": "2022",
    "period": "Q2",
    "revenue": 4518600000,
    "costOfRevenue": 3318300000,
    "grossProfit": 1200300000,
    "grossProfitRatio": 0.2656353738,
    "researchAndDevelopmentExpenses": 0,
    "generalAndAdministrativeExpenses": 0,
    "sellingAndMarketingExpenses": 0,
    "sellingGeneralAndAdministrativeExpenses": 0,
    "otherExpenses": 369500000,
    "operatingExpenses": 369500000,
    "costAndExpenses": 3687800000,
    "interestIncome": 0,
    "interestExpense": 326500000,
    "depreciationAndAmortization": 818700000,
    "ebitda": 1885000000,
    "ebitdaratio": 0.4171646085,
    "operatingIncome": 830800000,
    "operatingIncomeRatio": 0.1838622582,
    "totalOtherIncomeExpensesNet": -256000000,
    "incomeBeforeTax": 574800000,
    "incomeBeforeTaxRatio": 0.1272075422,
    "incomeTaxExpense": 54000000,
    "netIncome": 524500000,
    "netIncomeRatio": 0.1160757757,
    "eps": 1.02,
    "epsdiluted": 1.02,
    "weightedAverageShsOut": 513623431,
    "weightedAverageShsOutDil": 515162210,
    "link": "https://www.sec.gov/Archives/edgar/data/4904/000000490422000074/0000004904-22-000074-index.htm",
    "finalLink": "https://www.sec.gov/Archives/edgar/data/4904/000000490422000074/aep-20220630.htm"
  },
  {
    "date": "2022-03-31",
    "symbol": "AEP",
    "reportedCurrency": "USD",
    "cik": "0000004904",
    "fillingDate": "2022-04-28",
    "acceptedDate": "2022-04-28 07:07:58",
    "calendarYear": "2022",
    "period": "Q1",
    "revenue": 4440300000,
    "costOfRevenue": 3243200000,
    "grossProfit": 1197100000,
    "grossProfitRatio": 0.269598901,
    "researchAndDevelopmentExpenses": 0,
    "generalAndAdministrativeExpenses": 0,
    "sellingAndMarketingExpenses": 0,
    "sellingGeneralAndAdministrativeExpenses": 0,
    "otherExpenses": 364200000,
    "operatingExpenses": 364200000,
    "costAndExpenses": 3607400000,
    "interestIncome": 0,
    "interestExpense": 312300000,
    "depreciationAndAmortization": 815300000,
    "ebitda": 1882800000,
    "ebitdaratio": 0.4240254037,
    "operatingIncome": 832900000,
    "operatingIncomeRatio": 0.1875774159,
    "totalOtherIncomeExpensesNet": -62000000,
    "incomeBeforeTax": 770900000,
    "incomeBeforeTaxRatio": 0.1736143954,
    "incomeTaxExpense": 52800000,
    "netIncome": 714700000,
    "netIncomeRatio": 0.160957593,
    "eps": 1.41,
    "epsdiluted": 1.41,
    "weightedAverageShsOut": 506050147,
    "weightedAverageShsOutDil": 507658522,
    "link": "https://www.sec.gov/Archives/edgar/data/4904/000000490422000053/0000004904-22-000053-index.htm",
    "finalLink": "https://www.sec.gov/Archives/edgar/data/4904/000000490422000053/aep-20220331.htm"
  },
  {
    "date": "2021-12-31",
    "symbol": "AEP",
    "reportedCurrency": "USD",
    "cik": "0000004904",
    "fillingDate": "2022-02-24",
    "acceptedDate": "2022-02-24 07:46:11",
    "calendarYear": "2021",
    "period": "Q4",
    "revenue": 4037200000,
    "costOfRevenue": 3012400000,
    "grossProfit": 1024800000,
    "grossProfitRatio": 0.2538392946,
    "researchAndDevelopmentExpenses": 0,
    "generalAndAdministrativeExpenses": 0,
    "sellingAndMarketingExpenses": 0,
    "sellingGeneralAndAdministrativeExpenses": 0,
    "otherExpenses": 346200000,
    "operatingExpenses": 346200000,
    "costAndExpenses": 3358600000,
    "interestIncome": 0,
    "interestExpense": 301900000,
    "depreciationAndAmortization": 745200000,
    "ebitda": 1499900000,
    "ebitdaratio": 0.3715198653,
    "operatingIncome": 678600000,
    "operatingIncomeRatio": 0.1680867928,
    "totalOtherIncomeExpensesNet": -210000000,
    "incomeBeforeTax": 468600000,
    "incomeBeforeTaxRatio": 0.1160705439,
    "incomeTaxExpense": -70000000,
    "netIncome": 538900000,
    "netIncomeRatio": 0.1334836025,
    "eps": 1.07,
    "epsdiluted": 1.07,
    "weightedAverageShsOut": 503286162,
    "weightedAverageShsOutDil": 504721277,
    "link": "https://www.sec.gov/Archives/edgar/data/4904/000000490422000024/0000004904-22-000024-index.htm",
    "finalLink": "https://www.sec.gov/Archives/edgar/data/4904/000000490422000024/aep-20211231.htm"
  },
  {
    "date": "2021-09-30",
    "symbol": "AEP",
    "reportedCurrency": "USD",
    "cik": "0000004904",
    "fillingDate": "2021-10-28",
    "acceptedDate": "2021-10-28 07:52:00",
    "calendarYear": "2021",
    "period": "Q3",
    "revenue": 4495100000,
    "costOfRevenue": 3157000000,
    "grossProfit": 1338100000,
    "grossProfitRatio": 0.2976796957,
    "researchAndDevelopmentExpenses": 0,
    "generalAndAdministrativeExpenses": 0,
    "sellingAndMarketingExpenses": 0,
    "sellingGeneralAndAdministrativeExpenses": 0,
    "otherExpenses": 360800000,
    "operatingExpenses": 360800000,
    "costAndExpenses": 3517800000,
    "interestIncome": 0,
    "interestExpense": 302200000,
    "depreciationAndAmortization": 721800000,
    "ebitda": 1873700000,
    "ebitdaratio": 0.4168316611,
    "operatingIncome": 977300000,
    "operatingIncomeRatio": 0.217414518,
    "totalOtherIncomeExpensesNet": -110600000,
    "incomeBeforeTax": 866700000,
    "incomeBeforeTaxRatio": 0.1928099486,
    "incomeTaxExpense": 69800000,
    "netIncome": 796000000,
    "netIncomeRatio": 0.1770817112,
    "eps": 1.59,
    "epsdiluted": 1.58,
    "weightedAverageShsOut": 501233680,
    "weightedAverageShsOutDil": 502606836,
    "link": "https://www.sec.gov/Archives/edgar/data/4904/000000490421000069/0000004904-21-000069-index.htm",
    "finalLink": "https://www.sec.gov/Archives/edgar/data/4904/000000490421000069/aep-20210930.htm"
  },
  {
    "date": "2021-06-30",
    "symbol": "AEP",
    "reportedCurrency": "USD",
    "cik": "0000004904",
    "fillingDate": "2021-07-22",
    "acceptedDate": "2021-07-22 07:40:57",
    "calendarYear": "2021",
    "period": "Q2",
    "revenue": 3809900000,
    "costOfRevenue": 2664600000,
    "grossProfit": 1145300000,
    "grossProfitRatio": 0.3006115646,
    "researchAndDevelopmentExpenses": 0,
    "generalAndAdministrativeExpenses": 0,
    "sellingAndMarketingExpenses": 0,
    "sellingGeneralAndAdministrativeExpenses": 0,
    "otherExpenses": 354100000,
    "operatingExpenses": 354100000,
    "costAndExpenses": 3018700000,
    "interestIncome": 0,
    "interestExpense": 299800000,
    "depreciationAndAmortization": 725000000,
    "ebitda": 1629400000,
    "ebitdaratio": 0.4276752671,
    "operatingIncome": 791200000,
    "operatingIncomeRatio": 0.2076694926,
    "totalOtherIncomeExpensesNet": -156200000,
    "incomeBeforeTax": 635000000,
    "incomeBeforeTaxRatio": 0.1666710412,
    "incomeTaxExpense": 61200000,
    "netIncome": 578200000,
    "netIncomeRatio": 0.1517625135,
    "eps": 1.16,
    "epsdiluted": 1.15,
    "weightedAverageShsOut": 499916640,
    "weightedAverageShsOutDil": 500983778,
    "link": "https://www.sec.gov/Archives/edgar/data/4904/000000490421000052/0000004904-21-000052-index.htm",
    "finalLink": "https://www.sec.gov/Archives/edgar/data/4904/000000490421000052/aep-20210630.htm"
  },
  {
    "date": "2021-03-31",
    "symbol": "AEP",
    "reportedCurrency": "USD",
    "cik": "0000004904",
    "fillingDate": "2021-04-22",
    "acceptedDate": "2021-04-22 08:10:34",
    "calendarYear": "2021",
    "period": "Q1",
    "revenue": 4281300000,
    "costOfRevenue": 3125500000,
    "grossProfit": 1155800000,
    "grossProfitRatio": 0.2699647303,
    "researchAndDevelopmentExpenses": 0,
    "generalAndAdministrativeExpenses": 0,
    "sellingAndMarketingExpenses": 0,
    "sellingGeneralAndAdministrativeExpenses": 0,
    "otherExpenses": 346500000,
    "operatingExpenses": 346500000,
    "costAndExpenses": 3472000000,
    "interestIncome": 0,
    "interestExpense": 288700000,
    "depreciationAndAmortization": 719000000,
    "ebitda": 1612500000,
    "ebitdaratio": 0.3766379371,
    "operatingIncome": 809300000,
    "operatingIncomeRatio": 0.189031369,
    "totalOtherIncomeExpensesNet": -176000000,
    "incomeBeforeTax": 633300000,
    "incomeBeforeTaxRatio": 0.14792236,
    "incomeTaxExpense": 54500000,
    "netIncome": 575000000,
    "netIncomeRatio": 0.1343050008,
    "eps": 1.16,
    "epsdiluted": 1.15,
    "weightedAverageShsOut": 497058635,
    "weightedAverageShsOutDil": 498164219,
    "link": "https://www.sec.gov/Archives/edgar/data/4904/000000490421000033/0000004904-21-000033-index.htm",
    "finalLink": "https://www.sec.gov/Archives/edgar/data/4904/000000490421000033/aep-20210331.htm"
  },
  {
    "date": "2020-12-31",
    "symbol": "AEP",
    "reportedCurrency": "USD",
    "cik": "0000004904",
    "fillingDate": "2021-02-25",
    "acceptedDate": "2021-02-25 08:27:36",
    "calendarYear": "2020",
    "period": "Q4",
    "revenue": 3612200000,
    "costOfRevenue": 2720100000,
    "grossProfit": 892100000,
    "grossProfitRatio": 0.2469686064,
    "researchAndDevelopmentExpenses": 0,
    "generalAndAdministrativeExpenses": 0,
    "sellingAndMarketingExpenses": 0,
    "sellingGeneralAndAdministrativeExpenses": 0,
    "otherExpenses": 319200000,
    "operatingExpenses": 319200000,
    "costAndExpenses": 3039300000,
    "interestIncome": 0,
    "interestExpense": 287000000,
    "depreciationAndAmortization": 706800000,
    "ebitda": 1383500000,
    "ebitdaratio": 0.3830075854,
    "operatingIncome": 572900000,
    "operatingIncomeRatio": 0.1586014063,
    "totalOtherIncomeExpensesNet": -155600000,
    "incomeBeforeTax": 417300000,
    "incomeBeforeTaxRatio": 0.1155251647,
    "incomeTaxExpense": -17400000,
    "netIncome": 435500000,
    "netIncomeRatio": 0.1205636454,
    "eps": 0.88,
    "epsdiluted": 0.88,
    "weightedAverageShsOut": 496388429,
    "weightedAverageShsOutDil": 497695543,
    "link": "https://www.sec.gov/Archives/edgar/data/4904/000000490421000010/0000004904-21-000010-index.htm",
    "finalLink": "https://www.sec.gov/Archives/edgar/data/4904/000000490421000010/aep-20201231.htm"
  },
  {
    "date": "2020-09-30",
    "symbol": "AEP",
    "reportedCurrency": "USD",
    "cik": "0000004904",
    "fillingDate": "2020-10-22",
    "acceptedDate": "2020-10-22 07:06:18",
    "calendarYear": "2020",
    "period": "Q3",
    "revenue": 4054400000,
    "costOfRevenue": 2784600000,
    "grossProfit": 1269800000,
    "grossProfitRatio": 0.3131906077,
    "researchAndDevelopmentExpenses": 0,
    "generalAndAdministrativeExpenses": 0,
    "sellingAndMarketingExpenses": 0,
    "sellingGeneralAndAdministrativeExpenses": 0,
    "otherExpenses": 337700000,
    "operatingExpenses": 337700000,
    "costAndExpenses": 3122300000,
    "interestIncome": 0,
    "interestExpense": 290000000,
    "depreciationAndAmortization": 666200000,
    "ebitda": 1688500000,
    "ebitdaratio": 0.4164611287,
    "operatingIncome": 932100000,
    "operatingIncomeRatio": 0.229898382,
    "totalOtherIncomeExpensesNet": -185100000,
    "incomeBeforeTax": 747000000,
    "incomeBeforeTaxRatio": 0.1842442778,
    "incomeTaxExpense": -1200000,
    "netIncome": 748600000,
    "netIncomeRatio": 0.1846389108,
    "eps": 1.51,
    "epsdiluted": 1.5,
    "weightedAverageShsOut": 496177968,
    "weightedAverageShsOutDil": 497458523,
    "link": "https://www.sec.gov/Archives/edgar/data/4904/000000490420000084/0000004904-20-000084-index.htm",
    "finalLink": "https://www.sec.gov/Archives/edgar/data/4904/000000490420000084/aep-20200930.htm"
  },
  {
    "date": "2020-06-30",
    "symbol": "AEP",
    "reportedCurrency": "USD",
    "cik": "0000004904",
    "fillingDate": "2020-08-06",
    "acceptedDate": "2020-08-06 07:16:52",
    "calendarYear": "2020",
    "period": "Q2",
    "revenue": 3484200000,
    "costOfRevenue": 2452600000,
    "grossProfit": 1031599999,
    "grossProfitRatio": 0.2960794441,
    "researchAndDevelopmentExpenses": 0,
    "generalAndAdministrativeExpenses": 0,
    "sellingAndMarketingExpenses": 0,
    "sellingGeneralAndAdministrativeExpenses": 0,
    "otherExpenses": 317500000,
    "operatingExpenses": 317500000,
    "costAndExpenses": 2770100000,
    "interestIncome": 0,
    "interestExpense": 292600000,
    "depreciationAndAmortization": 701700000,
    "ebitda": 1502200000,
    "ebitdaratio": 0.4311463177,
    "operatingIncome": 714100000,
    "operatingIncomeRatio": 0.2049537914,
    "totalOtherIncomeExpensesNet": -187000000,
    "incomeBeforeTax": 527100000,
    "incomeBeforeTaxRatio": 0.1512829344,
    "incomeTaxExpense": 12600000,
    "netIncome": 520800000,
    "netIncomeRatio": 0.1494747718,
    "eps": 1.05,
    "epsdiluted": 1.05,
    "weightedAverageShsOut": 495655053,
    "weightedAverageShsOutDil": 497337980,
    "link": "https://www.sec.gov/Archives/edgar/data/4904/000000490420000062/0000004904-20-000062-index.htm",
    "finalLink": "https://www.sec.gov/Archives/edgar/data/4904/000000490420000062/aep-20200630.htm"
  },
  {
    "date": "2020-03-31",
    "symbol": "AEP",
    "reportedCurrency": "USD",
    "cik": "0000004904",
    "fillingDate": "2020-05-06",
    "acceptedDate": "2020-05-06 07:19:05",
    "calendarYear": "2020",
    "period": "Q1",
    "revenue": 3757400000,
    "costOfRevenue": 2674500000,
    "grossProfit": 1082900000,
    "grossProfitRatio": 0.2882046096,
    "researchAndDevelopmentExpenses": 0,
    "generalAndAdministrativeExpenses": 0,
    "sellingAndMarketingExpenses": 0,
    "sellingGeneralAndAdministrativeExpenses": 0,
    "otherExpenses": 321100000,
    "operatingExpenses": 321100000,
    "costAndExpenses": 2995600000,
    "interestIncome": 0,
    "interestExpense": 291200000,
    "depreciationAndAmortization": 695600000,
    "ebitda": 1503000000,
    "ebitdaratio": 0.4000106457,
    "operatingIncome": 761800000,
    "operatingIncomeRatio": 0.2027465801,
    "totalOtherIncomeExpensesNet": -216000000,
    "incomeBeforeTax": 545800000,
    "incomeBeforeTaxRatio": 0.1452600202,
    "incomeTaxExpense": 46500000,
    "netIncome": 495200000,
    "netIncomeRatio": 0.1317932613,
    "eps": 1,
    "epsdiluted": 1,
    "weightedAverageShsOut": 494596869,
    "weightedAverageShsOutDil": 496608918,
    "link": "https://www.sec.gov/Archives/edgar/data/4904/000000490420000046/0000004904-20-000046-index.htm",
    "finalLink": "https://www.sec.gov/Archives/edgar/data/4904/000000490420000046/aep20201q10q.htm"
  },
  {
    "date": "2019-12-31",
    "symbol": "AEP",
    "reportedCurrency": "USD",
    "cik": "0000004904",
    "fillingDate": "2020-02-20",
    "acceptedDate": "2020-02-20 08:52:40",
    "calendarYear": "2019",
    "period": "Q4",
    "revenue": 3618400000,
    "costOfRevenue": 2863000000,
    "grossProfit": 755400000,
    "grossProfitRatio": 0.2087663055,
    "researchAndDevelopmentExpenses": 0,
    "generalAndAdministrativeExpenses": 0,
    "sellingAndMarketingExpenses": 0,
    "sellingGeneralAndAdministrativeExpenses": 0,
    "otherExpenses": 301800000,
    "operatingExpenses": 301800000,
    "costAndExpenses": 3164800000,
    "interestIncome": 0,
    "interestExpense": 289900000,
    "depreciationAndAmortization": 658400000,
    "ebitda": 1036400000,
    "ebitdaratio": 0.2864249392,
    "operatingIncome": 453600000,
    "operatingIncomeRatio": 0.1253592748,
    "totalOtherIncomeExpensesNet": -344500000,
    "incomeBeforeTax": 109100000,
    "incomeBeforeTaxRatio": 0.0301514482,
    "incomeTaxExpense": -43600000,
    "netIncome": 153500000,
    "netIncomeRatio": 0.042422065,
    "eps": 0.31,
    "epsdiluted": 0.31,
    "weightedAverageShsOut": 494145607,
    "weightedAverageShsOutDil": 495957578,
    "link": "https://www.sec.gov/Archives/edgar/data/4904/000000490420000007/0000004904-20-000007-index.htm",
    "finalLink": "https://www.sec.gov/Archives/edgar/data/4904/000000490420000007/aep10klegal20194q.htm"
  },
  {
    "date": "2019-09-30",
    "symbol": "AEP",
    "reportedCurrency": "USD",
    "cik": "0000004904",
    "fillingDate": "2019-10-24",
    "acceptedDate": "2019-10-24 13:41:51",
    "calendarYear": "2019",
    "period": "Q3",
    "revenue": 4293500000,
    "costOfRevenue": 3036400000,
    "grossProfit": 1257100000,
    "grossProfitRatio": 0.2927914289,
    "researchAndDevelopmentExpenses": 0,
    "generalAndAdministrativeExpenses": 0,
    "sellingAndMarketingExpenses": 0,
    "sellingGeneralAndAdministrativeExpenses": 0,
    "otherExpenses": 320500000,
    "operatingExpenses": 320500000,
    "costAndExpenses": 3356900000,
    "interestIncome": 0,
    "interestExpense": 275100000,
    "depreciationAndAmortization": 670700000,
    "ebitda": 1705100000,
    "ebitdaratio": 0.3971352044,
    "operatingIncome": 936600000,
    "operatingIncomeRatio": 0.2181437056,
    "totalOtherIncomeExpensesNet": -162100000,
    "incomeBeforeTax": 774500000,
    "incomeBeforeTaxRatio": 0.1803889601,
    "incomeTaxExpense": 40600000,
    "netIncome": 733500000,
    "netIncomeRatio": 0.1708396413,
    "eps": 1.49,
    "epsdiluted": 1.48,
    "weightedAverageShsOut": 493839034,
    "weightedAverageShsOutDil": 495461509,
    "link": "https://www.sec.gov/Archives/edgar/data/4904/000000490419000050/0000004904-19-000050-index.htm",
    "finalLink": "https://www.sec.gov/Archives/edgar/data/4904/000000490419000050/aep20193q10q.htm"
  },
  {
    "date": "2019-06-30",
    "symbol": "AEP",
    "reportedCurrency": "USD",
    "cik": "0000004904",
    "fillingDate": "2019-07-25",
    "acceptedDate": "2019-07-25 14:06:09",
    "calendarYear": "2019",
    "period": "Q2",
    "revenue": 3569900000,
    "costOfRevenue": 2720100000,
    "grossProfit": 849800000,
    "grossProfitRatio": 0.2380458836,
    "researchAndDevelopmentExpenses": 0,
    "generalAndAdministrativeExpenses": 0,
    "sellingAndMarketingExpenses": 0,
    "sellingGeneralAndAdministrativeExpenses": 0,
    "otherExpenses": 302300000,
    "operatingExpenses": 302300000,
    "costAndExpenses": 3022400000,
    "interestIncome": 0,
    "interestExpense": 250400000,
    "depreciationAndAmortization": 643600000,
    "ebitda": 1281300000,
    "ebitdaratio": 0.3589176167,
    "operatingIncome": 547500000,
    "operatingIncomeRatio": 0.1533656405,
    "totalOtherIncomeExpensesNet": -142800000,
    "incomeBeforeTax": 404700000,
    "incomeBeforeTaxRatio": 0.11336452,
    "incomeTaxExpense": -54400000,
    "netIncome": 461300000,
    "netIncomeRatio": 0.1292193059,
    "eps": 0.93,
    "epsdiluted": 0.93,
    "weightedAverageShsOut": 493584347,
    "weightedAverageShsOutDil": 495382966,
    "link": "https://www.sec.gov/Archives/edgar/data/4904/000000490419000040/0000004904-19-000040-index.htm",
    "finalLink": "https://www.sec.gov/Archives/edgar/data/4904/000000490419000040/aep20192q10q.htm"
  },
  {
    "date": "2019-03-31",
    "symbol": "AEP",
    "reportedCurrency": "USD",
    "cik": "0000004904",
    "fillingDate": "2019-04-26",
    "acceptedDate": "2019-04-25 18:13:15",
    "calendarYear": "2019",
    "period": "Q1",
    "revenue": 4053800000,
    "costOfRevenue": 2959000000,
    "grossProfit": 1094800000,
    "grossProfitRatio": 0.2700675909,
    "researchAndDevelopmentExpenses": 0,
    "generalAndAdministrativeExpenses": 0,
    "sellingAndMarketingExpenses": 0,
    "sellingGeneralAndAdministrativeExpenses": 0,
    "otherExpenses": 309900000,
    "operatingExpenses": 309900000,
    "costAndExpenses": 3268900000,
    "interestIncome": 0,
    "interestExpense": 255600000,
    "depreciationAndAmortization": 630900000,
    "ebitda": 1486600000,
    "ebitdaratio": 0.3667176476,
    "operatingIncome": 784900000,
    "operatingIncomeRatio": 0.1936208002,
    "totalOtherIncomeExpensesNet": -166300000,
    "incomeBeforeTax": 618600000,
    "incomeBeforeTaxRatio": 0.1525975628,
    "incomeTaxExpense": 44500000,
    "netIncome": 572800000,
    "netIncomeRatio": 0.1412995214,
    "eps": 1.16,
    "epsdiluted": 1.16,
    "weightedAverageShsOut": 493309076,
    "weightedAverageShsOutDil": 494484144,
    "link": "https://www.sec.gov/Archives/edgar/data/4904/000000490419000020/0000004904-19-000020-index.htm",
    "finalLink": "https://www.sec.gov/Archives/edgar/data/4904/000000490419000020/aep10q20191q.htm"
  },
  {
    "date": "2018-12-31",
    "symbol": "AEP",
    "reportedCurrency": "USD",
    "cik": "0000004904",
    "fillingDate": "2019-02-21",
    "acceptedDate": "2019-02-21 16:27:59",
    "calendarYear": "2018",
    "period": "Q4",
    "revenue": 3794900000,
    "costOfRevenue": 2900800000,
    "grossProfit": 894100000,
    "grossProfitRatio": 0.2356056813,
    "researchAndDevelopmentExpenses": 0,
    "generalAndAdministrativeExpenses": 0,
    "sellingAndMarketingExpenses": 0,
    "sellingGeneralAndAdministrativeExpenses": 0,
    "otherExpenses": 279700000,
    "operatingExpenses": 279700000,
    "costAndExpenses": 3180500000,
    "interestIncome": 300000,
    "interestExpense": 251100000,
    "depreciationAndAmortization": 622300000,
    "ebitda": 1242200000,
    "ebitdaratio": 0.3273340536,
    "operatingIncome": 614400000,
    "operatingIncomeRatio": 0.1619014994,
    "totalOtherIncomeExpensesNet": -227800000,
    "incomeBeforeTax": 386600000,
    "incomeBeforeTaxRatio": 0.1018735672,
    "incomeTaxExpense": 21800000,
    "netIncome": 363400000,
    "netIncomeRatio": 0.0957600991,
    "eps": 0.74,
    "epsdiluted": 0.74,
    "weightedAverageShsOut": 492879671,
    "weightedAverageShsOutDil": 493849410,
    "link": "https://www.sec.gov/Archives/edgar/data/4904/000000490419000009/0000004904-19-000009-index.htm",
    "finalLink": "https://www.sec.gov/Archives/edgar/data/4904/000000490419000009/aep10klegal20184q.htm"
  },
  {
    "date": "2018-09-30",
    "symbol": "AEP",
    "reportedCurrency": "USD",
    "cik": "0000004904",
    "fillingDate": "2018-10-25",
    "acceptedDate": "2018-10-25 17:16:31",
    "calendarYear": "2018",
    "period": "Q3",
    "revenue": 4314500000,
    "costOfRevenue": 3371700000,
    "grossProfit": 942800000,
    "grossProfitRatio": 0.2185189477,
    "researchAndDevelopmentExpenses": 0,
    "generalAndAdministrativeExpenses": 0,
    "sellingAndMarketingExpenses": 0,
    "sellingGeneralAndAdministrativeExpenses": 0,
    "otherExpenses": 294200000,
    "operatingExpenses": 294200000,
    "costAndExpenses": 3665900000,
    "interestIncome": 5400000,
    "interestExpense": 256399999,
    "depreciationAndAmortization": 633800000,
    "ebitda": 1371100000,
    "ebitdaratio": 0.3177888515,
    "operatingIncome": 648600000,
    "operatingIncomeRatio": 0.1503302816,
    "totalOtherIncomeExpensesNet": -149600000,
    "incomeBeforeTax": 499000000,
    "incomeBeforeTaxRatio": 0.1156565071,
    "incomeTaxExpense": -80700000,
    "netIncome": 577600000,
    "netIncomeRatio": 0.1338741453,
    "eps": 1.17,
    "epsdiluted": 1.17,
    "weightedAverageShsOut": 492984741,
    "weightedAverageShsOutDil": 493940543,
    "link": "https://www.sec.gov/Archives/edgar/data/4904/000000490418000055/0000004904-18-000055-index.htm",
    "finalLink": "https://www.sec.gov/Archives/edgar/data/4904/000000490418000055/aep20183q10q.htm"
  },
  {
    "date": "2018-06-30",
    "symbol": "AEP",
    "reportedCurrency": "USD",
    "cik": "0000004904",
    "fillingDate": "2018-07-26",
    "acceptedDate": "2018-07-26 07:28:21",
    "calendarYear": "2018",
    "period": "Q2",
    "revenue": 3988900000,
    "costOfRevenue": 2977100000,
    "grossProfit": 1011800000,
    "grossProfitRatio": 0.2536538895,
    "researchAndDevelopmentExpenses": 0,
    "generalAndAdministrativeExpenses": 0,
    "sellingAndMarketingExpenses": 0,
    "sellingGeneralAndAdministrativeExpenses": 0,
    "otherExpenses": 283200000,
    "operatingExpenses": 283200000,
    "costAndExpenses": 3260300000,
    "interestIncome": 3800000,
    "interestExpense": 242100000,
    "depreciationAndAmortization": 577200000,
    "ebitda": 1402900000,
    "ebitdaratio": 0.3517009702,
    "operatingIncome": 728600000,
    "operatingIncomeRatio": 0.1826568728,
    "totalOtherIncomeExpensesNet": -126300000,
    "incomeBeforeTax": 602300000,
    "incomeBeforeTaxRatio": 0.1509940084,
    "incomeTaxExpense": 72200000,
    "netIncome": 528400000,
    "netIncomeRatio": 0.1324675976,
    "eps": 1.07,
    "epsdiluted": 1.07,
    "weightedAverageShsOut": 492688342,
    "weightedAverageShsOutDil": 493505085,
    "link": "https://www.sec.gov/Archives/edgar/data/4904/000000490418000039/0000004904-18-000039-index.htm",
    "finalLink": "https://www.sec.gov/Archives/edgar/data/4904/000000490418000039/aep20182q10q.htm"
  },
  {
    "date": "2018-03-31",
    "symbol": "AEP",
    "reportedCurrency": "USD",
    "cik": "0000004904",
    "fillingDate": "2018-04-26",
    "acceptedDate": "2018-04-26 17:24:57",
    "calendarYear": "2018",
    "period": "Q1",
    "revenue": 4068900000,
    "costOfRevenue": 3062300000,
    "grossProfit": 1006600000,
    "grossProfitRatio": 0.2473887291,
    "researchAndDevelopmentExpenses": 0,
    "generalAndAdministrativeExpenses": 0,
    "sellingAndMarketingExpenses": 0,
    "sellingGeneralAndAdministrativeExpenses": 0,
    "otherExpenses": 285600000,
    "operatingExpenses": 285600000,
    "costAndExpenses": 3347900000,
    "interestIncome": 2100000,
    "interestExpense": 233700000,
    "depreciationAndAmortization": 567100000,
    "ebitda": 1341000000,
    "ebitdaratio": 0.3295731033,
    "operatingIncome": 721000000,
    "operatingIncomeRatio": 0.1771977684,
    "totalOtherIncomeExpensesNet": -162300000,
    "incomeBeforeTax": 558700000,
    "incomeBeforeTaxRatio": 0.137309838,
    "incomeTaxExpense": 102000000,
    "netIncome": 454400000,
    "netIncomeRatio": 0.1116763745,
    "eps": 0.92,
    "epsdiluted": 0.92,
    "weightedAverageShsOut": 492267402,
    "weightedAverageShsOutDil": 493127300,
    "link": "https://www.sec.gov/Archives/edgar/data/4904/000000490418000019/0000004904-18-000019-index.htm",
    "finalLink": "https://www.sec.gov/Archives/edgar/data/4904/000000490418000019/aep10q20181q.htm"
  },
  {
    "date": "2017-12-31",
    "symbol": "AEP",
    "reportedCurrency": "USD",
    "cik": "0000004904",
    "fillingDate": "2018-02-23",
    "acceptedDate": "2018-02-22 17:53:21",
    "calendarYear": "2017",
    "period": "Q4",
    "revenue": 3807000000,
    "costOfRevenue": 2725600000,
    "grossProfit": 1081400000,
    "grossProfitRatio": 0.2840556869,
    "researchAndDevelopmentExpenses": 0,
    "generalAndAdministrativeExpenses": 0,
    "sellingAndMarketingExpenses": 0,
    "sellingGeneralAndAdministrativeExpenses": 0,
    "otherExpenses": 267399999,
    "operatingExpenses": 267399999,
    "costAndExpenses": 2993000000,
    "interestIncome": 3300000,
    "interestExpense": 226700000,
    "depreciationAndAmortization": 535600000,
    "ebitda": 1316700000,
    "ebitdaratio": 0.3458628842,
    "operatingIncome": 814000000,
    "operatingIncomeRatio": 0.2138166535,
    "totalOtherIncomeExpensesNet": -240300000,
    "incomeBeforeTax": 573700000,
    "incomeBeforeTaxRatio": 0.1506960862,
    "incomeTaxExpense": 171900000,
    "netIncome": 400700000,
    "netIncomeRatio": 0.1052534804,
    "eps": 0.81,
    "epsdiluted": 0.81,
    "weightedAverageShsOut": 492041027,
    "weightedAverageShsOutDil": 492869184,
    "link": "https://www.sec.gov/Archives/edgar/data/4904/000000490418000009/0000004904-18-000009-index.htm",
    "finalLink": "https://www.sec.gov/Archives/edgar/data/4904/000000490418000009/aep10klegal20174q.htm"
  },
  {
    "date": "2017-09-30",
    "symbol": "AEP",
    "reportedCurrency": "USD",
    "cik": "0000004904",
    "fillingDate": "2017-10-27",
    "acceptedDate": "2017-10-26 17:59:43",
    "calendarYear": "2017",
    "period": "Q3",
    "revenue": 4086100000,
    "costOfRevenue": 2858200000,
    "grossProfit": 1227900000,
    "grossProfitRatio": 0.3005065955,
    "researchAndDevelopmentExpenses": 0,
    "generalAndAdministrativeExpenses": 0,
    "sellingAndMarketingExpenses": 0,
    "sellingGeneralAndAdministrativeExpenses": 0,
    "otherExpenses": 272600000,
    "operatingExpenses": 272600000,
    "costAndExpenses": 3130800000,
    "interestIncome": 2400000,
    "interestExpense": 222900000,
    "depreciationAndAmortization": 551700000,
    "ebitda": 1577700000,
    "ebitdaratio": 0.3861138983,
    "operatingIncome": 955300000,
    "operatingIncomeRatio": 0.233792614,
    "totalOtherIncomeExpensesNet": -134600000,
    "incomeBeforeTax": 820700000,
    "incomeBeforeTaxRatio": 0.2008516678,
    "incomeTaxExpense": 264000000,
    "netIncome": 544700000,
    "netIncomeRatio": 0.133305597,
    "eps": 1.11,
    "epsdiluted": 1.1,
    "weightedAverageShsOut": 491840722,
    "weightedAverageShsOutDil": 492986307,
    "link": "https://www.sec.gov/Archives/edgar/data/4904/000000490417000060/0000004904-17-000060-index.htm",
    "finalLink": "https://www.sec.gov/Archives/edgar/data/4904/000000490417000060/aep20173q10q.htm"
  },
  {
    "date": "2017-06-30",
    "symbol": "AEP",
    "reportedCurrency": "USD",
    "cik": "0000004904",
    "fillingDate": "2017-07-27",
    "acceptedDate": "2017-07-27 17:30:40",
    "calendarYear": "2017",
    "period": "Q2",
    "revenue": 3565600000,
    "costOfRevenue": 2585300000,
    "grossProfit": 980300000,
    "grossProfitRatio": 0.2749326902,
    "researchAndDevelopmentExpenses": 0,
    "generalAndAdministrativeExpenses": 0,
    "sellingAndMarketingExpenses": 0,
    "sellingGeneralAndAdministrativeExpenses": 0,
    "otherExpenses": 259600000,
    "operatingExpenses": 259600000,
    "costAndExpenses": 2844900000,
    "interestIncome": 2300000,
    "interestExpense": 222600000,
    "depreciationAndAmortization": 522000000,
    "ebitda": 1293500000,
    "ebitdaratio": 0.362772044,
    "operatingIncome": 720700000,
    "operatingIncomeRatio": 0.2021258694,
    "totalOtherIncomeExpensesNet": -153900000,
    "incomeBeforeTax": 566800000,
    "incomeBeforeTaxRatio": 0.1589634283,
    "incomeTaxExpense": 190600000,
    "netIncome": 375000000,
    "netIncomeRatio": 0.1051716401,
    "eps": 0.76,
    "epsdiluted": 0.76,
    "weightedAverageShsOut": 491790752,
    "weightedAverageShsOutDil": 492642100,
    "link": "https://www.sec.gov/Archives/edgar/data/4904/000000490417000045/0000004904-17-000045-index.htm",
    "finalLink": "https://www.sec.gov/Archives/edgar/data/4904/000000490417000045/aep20172q10q.htm"
  },
  {
    "date": "2017-03-31",
    "symbol": "AEP",
    "reportedCurrency": "USD",
    "cik": "0000004904",
    "fillingDate": "2017-04-28",
    "acceptedDate": "2017-04-27 17:44:02",
    "calendarYear": "2017",
    "period": "Q1",
    "revenue": 3917300000,
    "costOfRevenue": 2794500000,
    "grossProfit": 1122800000,
    "grossProfitRatio": 0.2866259924,
    "researchAndDevelopmentExpenses": 0,
    "generalAndAdministrativeExpenses": 0,
    "sellingAndMarketingExpenses": 0,
    "sellingGeneralAndAdministrativeExpenses": 0,
    "otherExpenses": 259800000,
    "operatingExpenses": 259800000,
    "costAndExpenses": 3054300000,
    "interestIncome": 8000000,
    "interestExpense": 221300000,
    "depreciationAndAmortization": 517000000,
    "ebitda": 1648700000,
    "ebitdaratio": 0.4208766242,
    "operatingIncome": 863000000,
    "operatingIncomeRatio": 0.2203048018,
    "totalOtherIncomeExpensesNet": 47400000,
    "incomeBeforeTax": 910400000,
    "incomeBeforeTaxRatio": 0.2324049728,
    "incomeTaxExpense": 343200000,
    "netIncome": 592200000,
    "netIncomeRatio": 0.1511755546,
    "eps": 1.2,
    "epsdiluted": 1.2,
    "weightedAverageShsOut": 491712042,
    "weightedAverageShsOutDil": 492031975,
    "link": "https://www.sec.gov/Archives/edgar/data/4904/000000490417000030/0000004904-17-000030-index.htm",
    "finalLink": "https://www.sec.gov/Archives/edgar/data/4904/000000490417000030/aep10q20171q.htm"
  },
  {
    "date": "2016-12-31",
    "symbol": "AEP",
    "reportedCurrency": "USD",
    "cik": "0000004904",
    "fillingDate": "2017-02-28",
    "acceptedDate": "2017-02-27 18:59:56",
    "calendarYear": "2016",
    "period": "Q4",
    "revenue": 3753800000,
    "costOfRevenue": 2962400000,
    "grossProfit": 791400000,
    "grossProfitRatio": 0.2108263626,
    "researchAndDevelopmentExpenses": 0,
    "generalAndAdministrativeExpenses": 0,
    "sellingAndMarketingExpenses": 0,
    "sellingGeneralAndAdministrativeExpenses": 0,
    "otherExpenses": 250100000,
    "operatingExpenses": 250100000,
    "costAndExpenses": 3212500000,
    "interestIncome": 9800000,
    "interestExpense": 209300000,
    "depreciationAndAmortization": 431000000,
    "ebitda": 1047400000,
    "ebitdaratio": 0.2790239224,
    "operatingIncome": 541300000,
    "operatingIncomeRatio": 0.1442005434,
    "totalOtherIncomeExpensesNet": -134200000,
    "incomeBeforeTax": 407100000,
    "incomeBeforeTaxRatio": 0.1084501039,
    "incomeTaxExpense": 60300000,
    "netIncome": 373400000,
    "netIncomeRatio": 0.0994725345,
    "eps": 0.76,
    "epsdiluted": 0.76,
    "weightedAverageShsOut": 491596634,
    "weightedAverageShsOutDil": 491737933,
    "link": "https://www.sec.gov/Archives/edgar/data/4904/000000490417000019/0000004904-17-000019-index.htm",
    "finalLink": "https://www.sec.gov/Archives/edgar/data/4904/000000490417000019/aep10klegal20164q.htm"
  },
  {
    "date": "2016-09-30",
    "symbol": "AEP",
    "reportedCurrency": "USD",
    "cik": "0000004904",
    "fillingDate": "2016-11-02",
    "acceptedDate": "2016-11-01 17:40:07",
    "calendarYear": "2016",
    "period": "Q3",
    "revenue": 4640500000,
    "costOfRevenue": 3251500000,
    "grossProfit": 1389000000,
    "grossProfitRatio": 0.2993211938,
    "researchAndDevelopmentExpenses": 0,
    "generalAndAdministrativeExpenses": 0,
    "sellingAndMarketingExpenses": 0,
    "sellingGeneralAndAdministrativeExpenses": 0,
    "otherExpenses": 264399999,
    "operatingExpenses": 264399999,
    "costAndExpenses": 3515900000,
    "interestIncome": 2000000,
    "interestExpense": 224700000,
    "depreciationAndAmortization": 575800000,
    "ebitda": -523400000,
    "ebitdaratio": -0.1127895701,
    "operatingIncome": 1124600000,
    "operatingIncomeRatio": 0.2423445749,
    "totalOtherIncomeExpensesNet": -2448500000,
    "incomeBeforeTax": -1323900000,
    "incomeBeforeTaxRatio": -0.2852925331,
    "incomeTaxExpense": -534500000,
    "netIncome": -765800000,
    "netIncomeRatio": -0.1650253205,
    "eps": -1.56,
    "epsdiluted": -1.56,
    "weightedAverageShsOut": 491697809,
    "weightedAverageShsOutDil": 491813858,
    "link": "https://www.sec.gov/Archives/edgar/data/4904/000000490416000102/0000004904-16-000102-index.htm",
    "finalLink": "https://www.sec.gov/Archives/edgar/data/4904/000000490416000102/aep20163q10q.htm"
  },
  {
    "date": "2016-06-30",
    "symbol": "AEP",
    "reportedCurrency": "USD",
    "cik": "0000004904",
    "fillingDate": "2016-07-28",
    "acceptedDate": "2016-07-28 16:49:45",
    "calendarYear": "2016",
    "period": "Q2",
    "revenue": 3892900000,
    "costOfRevenue": 1599000000,
    "grossProfit": 2293900000,
    "grossProfitRatio": 0.5892522284,
    "researchAndDevelopmentExpenses": 0,
    "generalAndAdministrativeExpenses": 0,
    "sellingAndMarketingExpenses": 0,
    "sellingGeneralAndAdministrativeExpenses": 0,
    "otherExpenses": 1427700000,
    "operatingExpenses": 1427700000,
    "costAndExpenses": 3026700000,
    "interestIncome": 2400000,
    "interestExpense": 224900000,
    "depreciationAndAmortization": 546500000,
    "ebitda": 1450200000,
    "ebitdaratio": 0.3725243392,
    "operatingIncome": 866200000,
    "operatingIncomeRatio": 0.2225076421,
    "totalOtherIncomeExpensesNet": -187400000,
    "incomeBeforeTax": 678800000,
    "incomeBeforeTaxRatio": 0.1743687225,
    "incomeTaxExpense": 165000000,
    "netIncome": 502100000,
    "netIncomeRatio": 0.1289783966,
    "eps": 1.02,
    "epsdiluted": 1.02,
    "weightedAverageShsOut": 491459541,
    "weightedAverageShsOutDil": 491641400,
    "link": "https://www.sec.gov/Archives/edgar/data/4904/000000490416000086/0000004904-16-000086-index.htm",
    "finalLink": "https://www.sec.gov/Archives/edgar/data/4904/000000490416000086/aep20162q10q.htm"
  },
  {
    "date": "2016-03-31",
    "symbol": "AEP",
    "reportedCurrency": "USD",
    "cik": "0000004904",
    "fillingDate": "2016-04-28",
    "acceptedDate": "2016-04-28 17:29:19",
    "calendarYear": "2016",
    "period": "Q1",
    "revenue": 4044900000,
    "costOfRevenue": 1685700000,
    "grossProfit": 2359200000,
    "grossProfitRatio": 0.5832529852,
    "researchAndDevelopmentExpenses": 0,
    "generalAndAdministrativeExpenses": 0,
    "sellingAndMarketingExpenses": 0,
    "sellingGeneralAndAdministrativeExpenses": 0,
    "otherExpenses": 1466300000,
    "operatingExpenses": 1466300000,
    "costAndExpenses": 3152000000,
    "interestIncome": 2100000,
    "interestExpense": 217000000,
    "depreciationAndAmortization": 537600000,
    "ebitda": 1468200000,
    "ebitdaratio": 0.3629755989,
    "operatingIncome": 892900000,
    "operatingIncomeRatio": 0.2207471136,
    "totalOtherIncomeExpensesNet": -179300000,
    "incomeBeforeTax": 713600000,
    "incomeBeforeTaxRatio": 0.176419689,
    "incomeTaxExpense": 235500000,
    "netIncome": 501200000,
    "netIncomeRatio": 0.1239091201,
    "eps": 1.02,
    "epsdiluted": 1.02,
    "weightedAverageShsOut": 491108392,
    "weightedAverageShsOutDil": 491332305,
    "link": "https://www.sec.gov/Archives/edgar/data/4904/000000490416000071/0000004904-16-000071-index.htm",
    "finalLink": "https://www.sec.gov/Archives/edgar/data/4904/000000490416000071/aep10q20161q.htm"
  },
  {
    "date": "2015-12-31",
    "symbol": "AEP",
    "reportedCurrency": "USD",
    "cik": "0000004904",
    "fillingDate": "2016-02-24",
    "acceptedDate": "2016-02-23 18:04:17",
    "calendarYear": "2015",
    "period": "Q4",
    "revenue": 3614200000,
    "costOfRevenue": 1678500000,
    "grossProfit": 1935700000,
    "grossProfitRatio": 0.5355818715,
    "researchAndDevelopmentExpenses": 0,
    "generalAndAdministrativeExpenses": 0,
    "sellingAndMarketingExpenses": 0,
    "sellingGeneralAndAdministrativeExpenses": 0,
    "otherExpenses": 1470200000,
    "operatingExpenses": 1470200000,
    "costAndExpenses": 3148700000,
    "interestIncome": 1900000,
    "interestExpense": 214900000,
    "depreciationAndAmortization": 524700000,
    "ebitda": 1032500000,
    "ebitdaratio": 0.2856787117,
    "operatingIncome": 465500000,
    "operatingIncomeRatio": 0.1287975209,
    "totalOtherIncomeExpensesNet": -172600000,
    "incomeBeforeTax": 292900000,
    "incomeBeforeTaxRatio": 0.0810414476,
    "incomeTaxExpense": 92600000,
    "netIncome": 469100000,
    "netIncomeRatio": 0.1297935919,
    "eps": 0.96,
    "epsdiluted": 0.96,
    "weightedAverageShsOut": 490724457,
    "weightedAverageShsOutDil": 490953437,
    "link": "https://www.sec.gov/Archives/edgar/data/4904/000000490416000056/0000004904-16-000056-index.htm",
    "finalLink": "https://www.sec.gov/Archives/edgar/data/4904/000000490416000056/ye15aep10k.htm"
  },
  {
    "date": "2015-09-30",
    "symbol": "AEP",
    "reportedCurrency": "USD",
    "cik": "0000004904",
    "fillingDate": "2015-10-22",
    "acceptedDate": "2015-10-22 16:59:57",
    "calendarYear": "2015",
    "period": "Q3",
    "revenue": 4431400000,
    "costOfRevenue": 1998200000,
    "grossProfit": 2433200000,
    "grossProfitRatio": 0.5490815544,
    "researchAndDevelopmentExpenses": 0,
    "generalAndAdministrativeExpenses": 0,
    "sellingAndMarketingExpenses": 0,
    "sellingGeneralAndAdministrativeExpenses": 0,
    "otherExpenses": 1473000000,
    "operatingExpenses": 1473000000,
    "costAndExpenses": 3471200000,
    "interestIncome": 1600000,
    "interestExpense": 220200000,
    "depreciationAndAmortization": 571000000,
    "ebitda": 1567200000,
    "ebitdaratio": 0.3536579862,
    "operatingIncome": 960200000,
    "operatingIncomeRatio": 0.2166809586,
    "totalOtherIncomeExpensesNet": -184200000,
    "incomeBeforeTax": 776000000,
    "incomeBeforeTaxRatio": 0.1751139595,
    "incomeTaxExpense": 275600000,
    "netIncome": 518300000,
    "netIncomeRatio": 0.1169607799,
    "eps": 1.06,
    "epsdiluted": 1.06,
    "weightedAverageShsOut": 490648929,
    "weightedAverageShsOutDil": 490800335,
    "link": "https://www.sec.gov/Archives/edgar/data/4904/000000490415000048/0000004904-15-000048-index.htm",
    "finalLink": "https://www.sec.gov/Archives/edgar/data/4904/000000490415000048/aep20153q10q.htm"
  },
  {
    "date": "2015-06-30",
    "symbol": "AEP",
    "reportedCurrency": "USD",
    "cik": "0000004904",
    "fillingDate": "2015-07-23",
    "acceptedDate": "2015-07-23 17:01:32",
    "calendarYear": "2015",
    "period": "Q2",
    "revenue": 3826700000,
    "costOfRevenue": 1682100000,
    "grossProfit": 2144600000,
    "grossProfitRatio": 0.5604306583,
    "researchAndDevelopmentExpenses": 0,
    "generalAndAdministrativeExpenses": 0,
    "sellingAndMarketingExpenses": 0,
    "sellingGeneralAndAdministrativeExpenses": 0,
    "otherExpenses": 1340500000,
    "operatingExpenses": 1340500000,
    "costAndExpenses": 3022600000,
    "interestIncome": 3100000,
    "interestExpense": 219200000,
    "depreciationAndAmortization": 524900000,
    "ebitda": 1374400000,
    "ebitdaratio": 0.3591606345,
    "operatingIncome": 804100000,
    "operatingIncomeRatio": 0.2101288316,
    "totalOtherIncomeExpensesNet": -173800000,
    "incomeBeforeTax": 630300000,
    "incomeBeforeTaxRatio": 0.1647111088,
    "incomeTaxExpense": 224300000,
    "netIncome": 430000000,
    "netIncomeRatio": 0.1123683592,
    "eps": 0.88,
    "epsdiluted": 0.88,
    "weightedAverageShsOut": 490207482,
    "weightedAverageShsOutDil": 490484450,
    "link": "https://www.sec.gov/Archives/edgar/data/4904/000000490415000031/0000004904-15-000031-index.htm",
    "finalLink": "https://www.sec.gov/Archives/edgar/data/4904/000000490415000031/aep20152q10q.htm"
  },
  {
    "date": "2015-03-31",
    "symbol": "AEP",
    "reportedCurrency": "USD",
    "cik": "0000004904",
    "fillingDate": "2015-04-23",
    "acceptedDate": "2015-04-23 16:27:27",
    "calendarYear": "2015",
    "period": "Q1",
    "revenue": 4580400000,
    "costOfRevenue": 2075200000,
    "grossProfit": 2505200000,
    "grossProfitRatio": 0.546939132,
    "researchAndDevelopmentExpenses": 0,
    "generalAndAdministrativeExpenses": 0,
    "sellingAndMarketingExpenses": 0,
    "sellingGeneralAndAdministrativeExpenses": 0,
    "otherExpenses": 1402400000,
    "operatingExpenses": 1402400000,
    "costAndExpenses": 3477600000,
    "interestIncome": 1400000,
    "interestExpense": 218700000,
    "depreciationAndAmortization": 533700000,
    "ebitda": 1676000000,
    "ebitdaratio": 0.3659069077,
    "operatingIncome": 1102800000,
    "operatingIncomeRatio": 0.2407649987,
    "totalOtherIncomeExpensesNet": -179200000,
    "incomeBeforeTax": 923600000,
    "incomeBeforeTaxRatio": 0.201641778,
    "incomeTaxExpense": 327200000,
    "netIncome": 629200000,
    "netIncomeRatio": 0.1373679155,
    "eps": 1.29,
    "epsdiluted": 1.29,
    "weightedAverageShsOut": 489597986,
    "weightedAverageShsOutDil": 489936726,
    "link": "https://www.sec.gov/Archives/edgar/data/4904/000000490415000018/0000004904-15-000018-index.htm",
    "finalLink": "https://www.sec.gov/Archives/edgar/data/4904/000000490415000018/aep10q20151q.htm"
  },
  {
    "date": "2014-12-31",
    "symbol": "AEP",
    "reportedCurrency": "USD",
    "cik": "0000004904",
    "fillingDate": "2015-02-20",
    "acceptedDate": "2015-02-20 17:19:29",
    "calendarYear": "2014",
    "period": "Q4",
    "revenue": 4026000000,
    "costOfRevenue": 1915000000,
    "grossProfit": 2111000000,
    "grossProfitRatio": 0.5243417784,
    "researchAndDevelopmentExpenses": 0,
    "generalAndAdministrativeExpenses": 0,
    "sellingAndMarketingExpenses": 0,
    "sellingGeneralAndAdministrativeExpenses": 0,
    "otherExpenses": 1612000000,
    "operatingExpenses": 1612000000,
    "costAndExpenses": 3527000000,
    "interestIncome": 2000000,
    "interestExpense": 223000000,
    "depreciationAndAmortization": 518000000,
    "ebitda": 1059000000,
    "ebitdaratio": 0.2630402385,
    "operatingIncome": 499000000,
    "operatingIncomeRatio": 0.1239443616,
    "totalOtherIncomeExpensesNet": -181000000,
    "incomeBeforeTax": 318000000,
    "incomeBeforeTaxRatio": 0.0789865872,
    "incomeTaxExpense": 151000000,
    "netIncome": 191000000,
    "netIncomeRatio": 0.0474416294,
    "eps": 0.39,
    "epsdiluted": 0.39,
    "weightedAverageShsOut": 489095492,
    "weightedAverageShsOutDil": 489418283,
    "link": "https://www.sec.gov/Archives/edgar/data/4904/000000490415000008/0000004904-15-000008-index.htm",
    "finalLink": "https://www.sec.gov/Archives/edgar/data/4904/000000490415000008/ye14aep10k.htm"
  },
  {
    "date": "2014-09-30",
    "symbol": "AEP",
    "reportedCurrency": "USD",
    "cik": "0000004904",
    "fillingDate": "2014-10-23",
    "acceptedDate": "2014-10-23 17:28:03",
    "calendarYear": "2014",
    "period": "Q3",
    "revenue": 4161000000,
    "costOfRevenue": 1842000000,
    "grossProfit": 2319000000,
    "grossProfitRatio": 0.5573179524,
    "researchAndDevelopmentExpenses": 0,
    "generalAndAdministrativeExpenses": 0,
    "sellingAndMarketingExpenses": 0,
    "sellingGeneralAndAdministrativeExpenses": 0,
    "otherExpenses": 1414000000,
    "operatingExpenses": 1414000000,
    "costAndExpenses": 3256000000,
    "interestIncome": 1000000,
    "interestExpense": 217000000,
    "depreciationAndAmortization": 519000000,
    "ebitda": 1459000000,
    "ebitdaratio": 0.3506368661,
    "operatingIncome": 905000000,
    "operatingIncomeRatio": 0.2174957943,
    "totalOtherIncomeExpensesNet": -182000000,
    "incomeBeforeTax": 723000000,
    "incomeBeforeTaxRatio": 0.1737563086,
    "incomeTaxExpense": 264000000,
    "netIncome": 493000000,
    "netIncomeRatio": 0.1184811343,
    "eps": 1.01,
    "epsdiluted": 1.01,
    "weightedAverageShsOut": 488912892,
    "weightedAverageShsOutDil": 488970647,
    "link": "https://www.sec.gov/Archives/edgar/data/4904/000000490414000097/0000004904-14-000097-index.htm",
    "finalLink": "https://www.sec.gov/Archives/edgar/data/4904/000000490414000097/aep20143q10q.htm"
  },
  {
    "date": "2014-06-30",
    "symbol": "AEP",
    "reportedCurrency": "USD",
    "cik": "0000004904",
    "fillingDate": "2014-07-25",
    "acceptedDate": "2014-07-25 13:26:48",
    "calendarYear": "2014",
    "period": "Q2",
    "revenue": 4044000000,
    "costOfRevenue": 1856000000,
    "grossProfit": 2188000000,
    "grossProfitRatio": 0.5410484669,
    "researchAndDevelopmentExpenses": 0,
    "generalAndAdministrativeExpenses": 0,
    "sellingAndMarketingExpenses": 0,
    "sellingGeneralAndAdministrativeExpenses": 0,
    "otherExpenses": 1421000000,
    "operatingExpenses": 1421000000,
    "costAndExpenses": 3277000000,
    "interestIncome": 3000000,
    "interestExpense": 221000000,
    "depreciationAndAmortization": 484000000,
    "ebitda": 1288000000,
    "ebitdaratio": 0.3184965381,
    "operatingIncome": 767000000,
    "operatingIncomeRatio": 0.1896636993,
    "totalOtherIncomeExpensesNet": -184000000,
    "incomeBeforeTax": 583000000,
    "incomeBeforeTaxRatio": 0.1441641939,
    "incomeTaxExpense": 215000000,
    "netIncome": 390000000,
    "netIncomeRatio": 0.0964391691,
    "eps": 0.8,
    "epsdiluted": 0.8,
    "weightedAverageShsOut": 488291576,
    "weightedAverageShsOutDil": 488538227,
    "link": "https://www.sec.gov/Archives/edgar/data/4904/000000490414000090/0000004904-14-000090-index.htm",
    "finalLink": "https://www.sec.gov/Archives/edgar/data/4904/000000490414000090/q214aep10q.htm"
  },
  {
    "date": "2014-03-31",
    "symbol": "AEP",
    "reportedCurrency": "USD",
    "cik": "0000004904",
    "fillingDate": "2014-04-25",
    "acceptedDate": "2014-04-25 13:07:17",
    "calendarYear": "2014",
    "period": "Q1",
    "revenue": 4648000000,
    "costOfRevenue": 2098000000,
    "grossProfit": 2550000000,
    "grossProfitRatio": 0.5486230637,
    "researchAndDevelopmentExpenses": 0,
    "generalAndAdministrativeExpenses": 0,
    "sellingAndMarketingExpenses": 0,
    "sellingGeneralAndAdministrativeExpenses": 0,
    "otherExpenses": 1509000000,
    "operatingExpenses": 1509000000,
    "costAndExpenses": 3607000000,
    "interestIncome": 1000000,
    "interestExpense": 220000000,
    "depreciationAndAmortization": 529000000,
    "ebitda": 1599000000,
    "ebitdaratio": 0.3440189329,
    "operatingIncome": 1041000000,
    "operatingIncomeRatio": 0.2239672978,
    "totalOtherIncomeExpensesNet": -191000000,
    "incomeBeforeTax": 850000000,
    "incomeBeforeTaxRatio": 0.1828743546,
    "incomeTaxExpense": 307000000,
    "netIncome": 560000000,
    "netIncomeRatio": 0.1204819277,
    "eps": 1.15,
    "epsdiluted": 1.15,
    "weightedAverageShsOut": 487867089,
    "weightedAverageShsOutDil": 488271167,
    "link": "https://www.sec.gov/Archives/edgar/data/4904/000000490414000049/0000004904-14-000049-index.htm",
    "finalLink": "https://www.sec.gov/Archives/edgar/data/4904/000000490414000049/q114aep10q.htm"
  },
  {
    "date": "2013-12-31",
    "symbol": "AEP",
    "reportedCurrency": "USD",
    "cik": "0000004904",
    "fillingDate": "2014-02-25",
    "acceptedDate": "2014-02-25 14:26:50",
    "calendarYear": "2013",
    "period": "Q4",
    "revenue": 3773000000,
    "costOfRevenue": 1689000000,
    "grossProfit": 2084000000,
    "grossProfitRatio": 0.5523456136,
    "researchAndDevelopmentExpenses": 0,
    "generalAndAdministrativeExpenses": 0,
    "sellingAndMarketingExpenses": 0,
    "sellingGeneralAndAdministrativeExpenses": 0,
    "otherExpenses": 1406000000,
    "operatingExpenses": 1406000000,
    "costAndExpenses": 3095000000,
    "interestIncome": 3000000,
    "interestExpense": 221000000,
    "depreciationAndAmortization": 463000000,
    "ebitda": 1176000000,
    "ebitdaratio": 0.3116883117,
    "operatingIncome": 678000000,
    "operatingIncomeRatio": 0.1796978532,
    "totalOtherIncomeExpensesNet": -186000000,
    "incomeBeforeTax": 492000000,
    "incomeBeforeTaxRatio": 0.130400212,
    "incomeTaxExpense": 164000000,
    "netIncome": 346000000,
    "netIncomeRatio": 0.0917042142,
    "eps": 0.71,
    "epsdiluted": 0.71,
    "weightedAverageShsOut": 487243322,
    "weightedAverageShsOutDil": 487656062,
    "link": "https://www.sec.gov/Archives/edgar/data/4904/000000490414000019/0000004904-14-000019-index.htm",
    "finalLink": "https://www.sec.gov/Archives/edgar/data/4904/000000490414000019/ye13aep10k.htm"
  },
  {
    "date": "2013-09-30",
    "symbol": "AEP",
    "reportedCurrency": "USD",
    "cik": "0000004904",
    "fillingDate": "2013-10-25",
    "acceptedDate": "2013-10-25 13:02:08",
    "calendarYear": "2013",
    "period": "Q3",
    "revenue": 4176000000,
    "costOfRevenue": 1802000000,
    "grossProfit": 2374000000,
    "grossProfitRatio": 0.56848659,
    "researchAndDevelopmentExpenses": 0,
    "generalAndAdministrativeExpenses": 0,
    "sellingAndMarketingExpenses": 0,
    "sellingGeneralAndAdministrativeExpenses": 0,
    "otherExpenses": 1499000000,
    "operatingExpenses": 1499000000,
    "costAndExpenses": 3301000000,
    "interestIncome": 3000000,
    "interestExpense": 225000000,
    "depreciationAndAmortization": 485000000,
    "ebitda": 1390000000,
    "ebitdaratio": 0.3328544061,
    "operatingIncome": 875000000,
    "operatingIncomeRatio": 0.2095306513,
    "totalOtherIncomeExpensesNet": -195000000,
    "incomeBeforeTax": 680000000,
    "incomeBeforeTaxRatio": 0.162835249,
    "incomeTaxExpense": 257000000,
    "netIncome": 433000000,
    "netIncomeRatio": 0.1036877395,
    "eps": 0.89,
    "epsdiluted": 0.89,
    "weightedAverageShsOut": 486932747,
    "weightedAverageShsOutDil": 487258905,
    "link": "https://www.sec.gov/Archives/edgar/data/4904/000000490413000083/0000004904-13-000083-index.htm",
    "finalLink": "https://www.sec.gov/Archives/edgar/data/4904/000000490413000083/q313aep10q.htm"
  },
  {
    "date": "2013-06-30",
    "symbol": "AEP",
    "reportedCurrency": "USD",
    "cik": "0000004904",
    "fillingDate": "2013-07-26",
    "acceptedDate": "2013-07-26 11:44:52",
    "calendarYear": "2013",
    "period": "Q2",
    "revenue": 3582000000,
    "costOfRevenue": 1552000000,
    "grossProfit": 2030000000,
    "grossProfitRatio": 0.5667225014,
    "researchAndDevelopmentExpenses": 0,
    "generalAndAdministrativeExpenses": 0,
    "sellingAndMarketingExpenses": 0,
    "sellingGeneralAndAdministrativeExpenses": 0,
    "otherExpenses": 1483000000,
    "operatingExpenses": 1483000000,
    "costAndExpenses": 3035000000,
    "interestIncome": 49000000,
    "interestExpense": 228000000,
    "depreciationAndAmortization": 472000000,
    "ebitda": 1093000000,
    "ebitdaratio": 0.3051367951,
    "operatingIncome": 547000000,
    "operatingIncomeRatio": 0.1527079844,
    "totalOtherIncomeExpensesNet": -154000000,
    "incomeBeforeTax": 393000000,
    "incomeBeforeTaxRatio": 0.1097152429,
    "incomeTaxExpense": 68000000,
    "netIncome": 338000000,
    "netIncomeRatio": 0.0943606924,
    "eps": 0.69,
    "epsdiluted": 0.69,
    "weightedAverageShsOut": 486293026,
    "weightedAverageShsOutDil": 486763615,
    "link": "https://www.sec.gov/Archives/edgar/data/4904/000000490413000072/0000004904-13-000072-index.htm",
    "finalLink": "https://www.sec.gov/Archives/edgar/data/4904/000000490413000072/q213aep10q.htm"
  },
  {
    "date": "2013-03-31",
    "symbol": "AEP",
    "reportedCurrency": "USD",
    "cik": "0000004904",
    "fillingDate": "2013-04-26",
    "acceptedDate": "2013-04-26 11:53:58",
    "calendarYear": "2013",
    "period": "Q1",
    "revenue": 3826000000,
    "costOfRevenue": 1695000000,
    "grossProfit": 2131000000,
    "grossProfitRatio": 0.5569785677,
    "researchAndDevelopmentExpenses": 0,
    "generalAndAdministrativeExpenses": 0,
    "sellingAndMarketingExpenses": 0,
    "sellingGeneralAndAdministrativeExpenses": 0,
    "otherExpenses": 1376000000,
    "operatingExpenses": 1376000000,
    "costAndExpenses": 3071000000,
    "interestIncome": 3000000,
    "interestExpense": 232000000,
    "depreciationAndAmortization": 454000000,
    "ebitda": 1231000000,
    "ebitdaratio": 0.3217459488,
    "operatingIncome": 755000000,
    "operatingIncomeRatio": 0.1973340303,
    "totalOtherIncomeExpensesNet": -210000000,
    "incomeBeforeTax": 545000000,
    "incomeBeforeTaxRatio": 0.1424464192,
    "incomeTaxExpense": 195000000,
    "netIncome": 363000000,
    "netIncomeRatio": 0.0948771563,
    "eps": 0.75,
    "epsdiluted": 0.75,
    "weightedAverageShsOut": 485823668,
    "weightedAverageShsOutDil": 486344036,
    "link": "https://www.sec.gov/Archives/edgar/data/4904/000000490413000050/0000004904-13-000050-index.htm",
    "finalLink": "https://www.sec.gov/Archives/edgar/data/4904/000000490413000050/q113aep10q.htm"
  },
  {
    "date": "2012-12-31",
    "symbol": "AEP",
    "reportedCurrency": "USD",
    "cik": "0000004904",
    "fillingDate": "2013-02-26",
    "acceptedDate": "2013-02-26 14:40:37",
    "calendarYear": "2012",
    "period": "Q4",
    "revenue": 3613000000,
    "costOfRevenue": 2403000000,
    "grossProfit": 1210000000,
    "grossProfitRatio": 0.3349017437,
    "researchAndDevelopmentExpenses": 0,
    "generalAndAdministrativeExpenses": 0,
    "sellingAndMarketingExpenses": 0,
    "sellingGeneralAndAdministrativeExpenses": 0,
    "otherExpenses": 961000000,
    "operatingExpenses": 961000000,
    "costAndExpenses": 3364000000,
    "interestIncome": 2000000,
    "interestExpense": 291000000,
    "depreciationAndAmortization": 565000000,
    "ebitda": 850000000,
    "ebitdaratio": 0.2352615555,
    "operatingIncome": 249000000,
    "operatingIncomeRatio": 0.0689177968,
    "totalOtherIncomeExpensesNet": -255000000,
    "incomeBeforeTax": -6000000,
    "incomeBeforeTaxRatio": -0.0016606698,
    "incomeTaxExpense": -16000000,
    "netIncome": 21000000,
    "netIncomeRatio": 0.0058123443,
    "eps": 0.0433,
    "epsdiluted": 0.0433,
    "weightedAverageShsOut": 484831006,
    "weightedAverageShsOutDil": 485223776,
    "link": "https://www.sec.gov/Archives/edgar/data/4904/000000490413000025/0000004904-13-000025-index.htm",
    "finalLink": "https://www.sec.gov/Archives/edgar/data/4904/000000490413000025/ye12aep10k.htm"
  },
  {
    "date": "2012-09-30",
    "symbol": "AEP",
    "reportedCurrency": "USD",
    "cik": "0000004904",
    "fillingDate": "2012-10-26",
    "acceptedDate": "2012-10-26 10:49:17",
    "calendarYear": "2012",
    "period": "Q3",
    "revenue": 4156000000,
    "costOfRevenue": 1762000000,
    "grossProfit": 2394000000,
    "grossProfitRatio": 0.5760346487,
    "researchAndDevelopmentExpenses": 0,
    "generalAndAdministrativeExpenses": 0,
    "sellingAndMarketingExpenses": 0,
    "sellingGeneralAndAdministrativeExpenses": 0,
    "otherExpenses": 1482000000,
    "operatingExpenses": 1482000000,
    "costAndExpenses": 3244000000,
    "interestIncome": 2000000,
    "interestExpense": 233000000,
    "depreciationAndAmortization": 506000000,
    "ebitda": 1454000000,
    "ebitdaratio": 0.3498556304,
    "operatingIncome": 912000000,
    "operatingIncomeRatio": 0.2194417709,
    "totalOtherIncomeExpensesNet": -197000000,
    "incomeBeforeTax": 715000000,
    "incomeBeforeTaxRatio": 0.1720404235,
    "incomeTaxExpense": 241000000,
    "netIncome": 487000000,
    "netIncomeRatio": 0.1171799808,
    "eps": 1,
    "epsdiluted": 1,
    "weightedAverageShsOut": 484979543,
    "weightedAverageShsOutDil": 485362858,
    "link": "https://www.sec.gov/Archives/edgar/data/4904/000000490412000077/0000004904-12-000077-index.htm",
    "finalLink": "https://www.sec.gov/Archives/edgar/data/4904/000000490412000077/q312aep10q.htm"
  },
  {
    "date": "2012-06-30",
    "symbol": "AEP",
    "reportedCurrency": "USD",
    "cik": "0000004904",
    "fillingDate": "2012-07-27",
    "acceptedDate": "2012-07-27 10:45:05",
    "calendarYear": "2012",
    "period": "Q2",
    "revenue": 3551000000,
    "costOfRevenue": 1424000000,
    "grossProfit": 2127000000,
    "grossProfitRatio": 0.5989862011,
    "researchAndDevelopmentExpenses": 0,
    "generalAndAdministrativeExpenses": 0,
    "sellingAndMarketingExpenses": 0,
    "sellingGeneralAndAdministrativeExpenses": 0,
    "otherExpenses": 1386000000,
    "operatingExpenses": 1386000000,
    "costAndExpenses": 2810000000,
    "interestIncome": 2000000,
    "interestExpense": 235000000,
    "depreciationAndAmortization": 490000000,
    "ebitda": 1268000000,
    "ebitdaratio": 0.357082512,
    "operatingIncome": 741000000,
    "operatingIncomeRatio": 0.2086736131,
    "totalOtherIncomeExpensesNet": -198000000,
    "incomeBeforeTax": 543000000,
    "incomeBeforeTaxRatio": 0.1529146719,
    "incomeTaxExpense": 190000000,
    "netIncome": 362000000,
    "netIncomeRatio": 0.1019431146,
    "eps": 0.75,
    "epsdiluted": 0.75,
    "weightedAverageShsOut": 484500029,
    "weightedAverageShsOutDil": 484860690,
    "link": "https://www.sec.gov/Archives/edgar/data/4904/000000490412000054/0000004904-12-000054-index.htm",
    "finalLink": "https://www.sec.gov/Archives/edgar/data/4904/000000490412000054/q212aep10q.htm"
  },
  {
    "date": "2012-03-31",
    "symbol": "AEP",
    "reportedCurrency": "USD",
    "cik": "0000004904",
    "fillingDate": "2012-04-27",
    "acceptedDate": "2012-04-27 13:01:54",
    "calendarYear": "2012",
    "period": "Q1",
    "revenue": 3625000000,
    "costOfRevenue": 1575000000,
    "grossProfit": 2050000000,
    "grossProfitRatio": 0.5655172414,
    "researchAndDevelopmentExpenses": 0,
    "generalAndAdministrativeExpenses": 0,
    "sellingAndMarketingExpenses": 0,
    "sellingGeneralAndAdministrativeExpenses": 0,
    "otherExpenses": 1296000000,
    "operatingExpenses": 1296000000,
    "costAndExpenses": 2871000000,
    "interestIncome": 2000000,
    "interestExpense": 229000000,
    "depreciationAndAmortization": 457000000,
    "ebitda": 1256000000,
    "ebitdaratio": 0.3464827586,
    "operatingIncome": 754000000,
    "operatingIncomeRatio": 0.208,
    "totalOtherIncomeExpensesNet": -184000000,
    "incomeBeforeTax": 570000000,
    "incomeBeforeTaxRatio": 0.1572413793,
    "incomeTaxExpense": 189000000,
    "netIncome": 389000000,
    "netIncomeRatio": 0.1073103448,
    "eps": 0.8,
    "epsdiluted": 0.8,
    "weightedAverageShsOut": 483828101,
    "weightedAverageShsOutDil": 484248868,
    "link": "https://www.sec.gov/Archives/edgar/data/4904/000000490412000032/0000004904-12-000032-index.htm",
    "finalLink": "https://www.sec.gov/Archives/edgar/data/4904/000000490412000032/q112aep10q.htm"
  },
  {
    "date": "2011-12-31",
    "symbol": "AEP",
    "reportedCurrency": "USD",
    "cik": "0000004904",
    "fillingDate": "2012-02-28",
    "acceptedDate": "2012-02-28 11:42:07",
    "calendarYear": "2011",
    "period": "Q4",
    "revenue": 3444000000,
    "costOfRevenue": 1349000000,
    "grossProfit": 2095000000,
    "grossProfitRatio": 0.6083042973,
    "researchAndDevelopmentExpenses": 0,
    "generalAndAdministrativeExpenses": 0,
    "sellingAndMarketingExpenses": 0,
    "sellingGeneralAndAdministrativeExpenses": 0,
    "otherExpenses": 1752000000,
    "operatingExpenses": 1752000000,
    "costAndExpenses": 3101000000,
    "interestIncome": 3000000,
    "interestExpense": 210000000,
    "depreciationAndAmortization": 534000000,
    "ebitda": 979000000,
    "ebitdaratio": 0.2842624855,
    "operatingIncome": 343000000,
    "operatingIncomeRatio": 0.0995934959,
    "totalOtherIncomeExpensesNet": -108000000,
    "incomeBeforeTax": 235000000,
    "incomeBeforeTaxRatio": 0.0682346109,
    "incomeTaxExpense": -1604000000,
    "netIncome": 311000000,
    "netIncomeRatio": 0.0903019744,
    "eps": 0.64,
    "epsdiluted": 0.64,
    "weightedAverageShsOut": 482998692,
    "weightedAverageShsOutDil": 483354598,
    "link": "https://www.sec.gov/Archives/edgar/data/4904/000000490412000013/0000004904-12-000013-index.htm",
    "finalLink": "https://www.sec.gov/Archives/edgar/data/4904/000000490412000013/ye11aep10k.htm"
  },
  {
    "date": "2011-09-30",
    "symbol": "AEP",
    "reportedCurrency": "USD",
    "cik": "0000004904",
    "fillingDate": "2011-10-28",
    "acceptedDate": "2011-10-28 11:33:06",
    "calendarYear": "2011",
    "period": "Q3",
    "revenue": 4333000000,
    "costOfRevenue": 1665000000,
    "grossProfit": 2668000000,
    "grossProfitRatio": 0.6157396723,
    "researchAndDevelopmentExpenses": 0,
    "generalAndAdministrativeExpenses": 0,
    "sellingAndMarketingExpenses": 0,
    "sellingGeneralAndAdministrativeExpenses": 0,
    "otherExpenses": 1778000000,
    "operatingExpenses": 1778000000,
    "costAndExpenses": 3443000000,
    "interestIncome": 19000000,
    "interestExpense": 242000000,
    "depreciationAndAmortization": 445000000,
    "ebitda": 1671000000,
    "ebitdaratio": 0.3856450496,
    "operatingIncome": 890000000,
    "operatingIncomeRatio": 0.2054004154,
    "totalOtherIncomeExpensesNet": 94000000,
    "incomeBeforeTax": 984000000,
    "incomeBeforeTaxRatio": 0.2270943919,
    "incomeTaxExpense": 334000000,
    "netIncome": 929000000,
    "netIncomeRatio": 0.2144011078,
    "eps": 1.92,
    "epsdiluted": 1.92,
    "weightedAverageShsOut": 482498734,
    "weightedAverageShsOutDil": 482796945,
    "link": "https://www.sec.gov/Archives/edgar/data/4904/000000490411000140/0000004904-11-000140-index.htm",
    "finalLink": "https://www.sec.gov/Archives/edgar/data/4904/000000490411000140/q311aep10q.htm"
  },
  {
    "date": "2011-06-30",
    "symbol": "AEP",
    "reportedCurrency": "USD",
    "cik": "0000004904",
    "fillingDate": "2011-07-29",
    "acceptedDate": "2011-07-29 14:53:58",
    "calendarYear": "2011",
    "period": "Q2",
    "revenue": 3609000000,
    "costOfRevenue": 1267000000,
    "grossProfit": 2342000000,
    "grossProfitRatio": 0.6489332225,
    "researchAndDevelopmentExpenses": 0,
    "generalAndAdministrativeExpenses": 0,
    "sellingAndMarketingExpenses": 0,
    "sellingGeneralAndAdministrativeExpenses": 0,
    "otherExpenses": 1625000000,
    "operatingExpenses": 1625000000,
    "costAndExpenses": 2892000000,
    "interestIncome": 3000000,
    "interestExpense": 239000000,
    "depreciationAndAmortization": 376000000,
    "ebitda": 1170000000,
    "ebitdaratio": 0.3241895262,
    "operatingIncome": 717000000,
    "operatingIncomeRatio": 0.1986699917,
    "totalOtherIncomeExpensesNet": -196000000,
    "incomeBeforeTax": 521000000,
    "incomeBeforeTaxRatio": 0.1443613189,
    "incomeTaxExpense": 168000000,
    "netIncome": 352000000,
    "netIncomeRatio": 0.0975339429,
    "eps": 0.73,
    "epsdiluted": 0.73,
    "weightedAverageShsOut": 481928494,
    "weightedAverageShsOutDil": 482203255,
    "link": "https://www.sec.gov/Archives/edgar/data/4904/000000490411000110/0000004904-11-000110-index.htm",
    "finalLink": "https://www.sec.gov/Archives/edgar/data/4904/000000490411000110/q211aep10q.htm"
  },
  {
    "date": "2011-03-31",
    "symbol": "AEP",
    "reportedCurrency": "USD",
    "cik": "0000004904",
    "fillingDate": "2011-05-03",
    "acceptedDate": "2011-05-03 13:03:39",
    "calendarYear": "2011",
    "period": "Q1",
    "revenue": 3730000000,
    "costOfRevenue": 1331000000,
    "grossProfit": 2399000000,
    "grossProfitRatio": 0.6431635389,
    "researchAndDevelopmentExpenses": 0,
    "generalAndAdministrativeExpenses": 0,
    "sellingAndMarketingExpenses": 0,
    "sellingGeneralAndAdministrativeExpenses": 0,
    "otherExpenses": 1567000000,
    "operatingExpenses": 1567000000,
    "costAndExpenses": 2898000000,
    "interestIncome": 2000000,
    "interestExpense": 242000000,
    "depreciationAndAmortization": 437000000,
    "ebitda": 1306000000,
    "ebitdaratio": 0.3501340483,
    "operatingIncome": 832000000,
    "operatingIncomeRatio": 0.2230563003,
    "totalOtherIncomeExpensesNet": -205000000,
    "incomeBeforeTax": 627000000,
    "incomeBeforeTaxRatio": 0.1680965147,
    "incomeTaxExpense": -278000000,
    "netIncome": 354000000,
    "netIncomeRatio": 0.0949061662,
    "eps": 0.73,
    "epsdiluted": 0.73,
    "weightedAverageShsOut": 481144270,
    "weightedAverageShsOutDil": 481365806,
    "link": "https://www.sec.gov/Archives/edgar/data/4904/000000490411000074/0000004904-11-000074-index.htm",
    "finalLink": "https://www.sec.gov/Archives/edgar/data/4904/000000490411000074/q111aep10q.htm"
  },
  {
    "date": "2010-12-31",
    "symbol": "AEP",
    "reportedCurrency": "USD",
    "cik": "0000004904",
    "fillingDate": "2011-02-25",
    "acceptedDate": "2011-02-25 13:48:40",
    "calendarYear": "2010",
    "period": "Q4",
    "revenue": 3434000000,
    "costOfRevenue": 1219000000,
    "grossProfit": 2215000000,
    "grossProfitRatio": 0.6450203844,
    "researchAndDevelopmentExpenses": 0,
    "generalAndAdministrativeExpenses": 0,
    "sellingAndMarketingExpenses": 0,
    "sellingGeneralAndAdministrativeExpenses": 0,
    "otherExpenses": 1729000000,
    "operatingExpenses": 1729000000,
    "costAndExpenses": 2948000000,
    "interestIncome": 14000000,
    "interestExpense": 249000000,
    "depreciationAndAmortization": 430000000,
    "ebitda": 966000000,
    "ebitdaratio": 0.281304601,
    "operatingIncome": 486000000,
    "operatingIncomeRatio": 0.1415259173,
    "totalOtherIncomeExpensesNet": -199000000,
    "incomeBeforeTax": 287000000,
    "incomeBeforeTaxRatio": 0.0835760047,
    "incomeTaxExpense": 113000000,
    "netIncome": 177000000,
    "netIncomeRatio": 0.0515433896,
    "eps": 0.37,
    "epsdiluted": 0.37,
    "weightedAverageShsOut": 480258788,
    "weightedAverageShsOutDil": 480483624,
    "link": "https://www.sec.gov/Archives/edgar/data/4904/000000490411000023/0000004904-11-000023-index.htm",
    "finalLink": "https://www.sec.gov/Archives/edgar/data/4904/000000490411000023/ye10aep10k.htm"
  },
  {
    "date": "2010-09-30",
    "symbol": "AEP",
    "reportedCurrency": "USD",
    "cik": "0000004904",
    "fillingDate": "2010-11-01",
    "acceptedDate": "2010-11-01 16:45:22",
    "calendarYear": "2010",
    "period": "Q3",
    "revenue": 4064000000,
    "costOfRevenue": 1436000000,
    "grossProfit": 2628000000,
    "grossProfitRatio": 0.6466535433,
    "researchAndDevelopmentExpenses": 0,
    "generalAndAdministrativeExpenses": 0,
    "sellingAndMarketingExpenses": 0,
    "sellingGeneralAndAdministrativeExpenses": 0,
    "otherExpenses": 1603000000,
    "operatingExpenses": 1603000000,
    "costAndExpenses": 3039000000,
    "interestIncome": 3000000,
    "interestExpense": 251000000,
    "depreciationAndAmortization": 424000000,
    "ebitda": 1487000000,
    "ebitdaratio": 0.3658956693,
    "operatingIncome": 1025000000,
    "operatingIncomeRatio": 0.2522145669,
    "totalOtherIncomeExpensesNet": -213000000,
    "incomeBeforeTax": 812000000,
    "incomeBeforeTaxRatio": 0.1998031496,
    "incomeTaxExpense": 258000000,
    "netIncome": 556000000,
    "netIncomeRatio": 0.1368110236,
    "eps": 1.16,
    "epsdiluted": 1.16,
    "weightedAverageShsOut": 479578139,
    "weightedAverageShsOutDil": 479750447,
    "link": "https://www.sec.gov/Archives/edgar/data/4904/000000490410000143/0000004904-10-000143-index.htm",
    "finalLink": "https://www.sec.gov/Archives/edgar/data/4904/000000490410000143/q310aep10q.htm"
  },
  {
    "date": "2010-06-30",
    "symbol": "AEP",
    "reportedCurrency": "USD",
    "cik": "0000004904",
    "fillingDate": "2010-07-30",
    "acceptedDate": "2010-07-30 13:31:45",
    "calendarYear": "2010",
    "period": "Q2",
    "revenue": 3360000000,
    "costOfRevenue": 1122000000,
    "grossProfit": 2238000000,
    "grossProfitRatio": 0.6660714286,
    "researchAndDevelopmentExpenses": 0,
    "generalAndAdministrativeExpenses": 0,
    "sellingAndMarketingExpenses": 0,
    "sellingGeneralAndAdministrativeExpenses": 0,
    "otherExpenses": 1844000000,
    "operatingExpenses": 1844000000,
    "costAndExpenses": 2966000000,
    "interestIncome": 18000000,
    "interestExpense": 249000000,
    "depreciationAndAmortization": 405000000,
    "ebitda": 855000000,
    "ebitdaratio": 0.2544642857,
    "operatingIncome": 394000000,
    "operatingIncomeRatio": 0.1172619048,
    "totalOtherIncomeExpensesNet": -193000000,
    "incomeBeforeTax": 201000000,
    "incomeBeforeTaxRatio": 0.0598214286,
    "incomeTaxExpense": 65000000,
    "netIncome": 136000000,
    "netIncomeRatio": 0.0404761905,
    "eps": 0.28,
    "epsdiluted": 0.28,
    "weightedAverageShsOut": 479050774,
    "weightedAverageShsOutDil": 479176543,
    "link": "https://www.sec.gov/Archives/edgar/data/4904/000000490410000112/0000004904-10-000112-index.htm",
    "finalLink": "https://www.sec.gov/Archives/edgar/data/4904/000000490410000112/q210aep10q.htm"
  },
  {
    "date": "2010-03-31",
    "symbol": "AEP",
    "reportedCurrency": "USD",
    "cik": "0000004904",
    "fillingDate": "2010-04-30",
    "acceptedDate": "2010-04-30 16:15:15",
    "calendarYear": "2010",
    "period": "Q1",
    "revenue": 3569000000,
    "costOfRevenue": 1252000000,
    "grossProfit": 2317000000,
    "grossProfitRatio": 0.649201457,
    "researchAndDevelopmentExpenses": 0,
    "generalAndAdministrativeExpenses": 0,
    "sellingAndMarketingExpenses": 0,
    "sellingGeneralAndAdministrativeExpenses": 0,
    "otherExpenses": 1559000000,
    "operatingExpenses": 1559000000,
    "costAndExpenses": 2811000000,
    "interestIncome": 3000000,
    "interestExpense": 250000000,
    "depreciationAndAmortization": 408000000,
    "ebitda": 1207000000,
    "ebitdaratio": 0.3381899692,
    "operatingIncome": 758000000,
    "operatingIncomeRatio": 0.2123844214,
    "totalOtherIncomeExpensesNet": -209000000,
    "incomeBeforeTax": 549000000,
    "incomeBeforeTaxRatio": 0.1538246007,
    "incomeTaxExpense": -207000000,
    "netIncome": 345000000,
    "netIncomeRatio": 0.0966657327,
    "eps": 0.72,
    "epsdiluted": 0.72,
    "weightedAverageShsOut": 478429535,
    "weightedAverageShsOutDil": 478844632,
    "link": "https://www.sec.gov/Archives/edgar/data/4904/000000490410000063/0000004904-10-000063-index.htm",
    "finalLink": "https://www.sec.gov/Archives/edgar/data/4904/000000490410000063/q110aep10q.htm"
  },
  {
    "date": "2009-12-31",
    "symbol": "AEP",
    "reportedCurrency": "USD",
    "cik": "0000004904",
    "fillingDate": "2010-02-26",
    "acceptedDate": "2010-02-26 15:29:54",
    "calendarYear": "2009",
    "period": "Q4",
    "revenue": 3282000000,
    "costOfRevenue": 1107000000,
    "grossProfit": 2175000000,
    "grossProfitRatio": 0.6627056673,
    "researchAndDevelopmentExpenses": 0,
    "generalAndAdministrativeExpenses": 0,
    "sellingAndMarketingExpenses": 0,
    "sellingGeneralAndAdministrativeExpenses": 0,
    "otherExpenses": 1694000000,
    "operatingExpenses": 1694000000,
    "costAndExpenses": 2801000000,
    "interestIncome": 6000000,
    "interestExpense": 247000000,
    "depreciationAndAmortization": 419000000,
    "ebitda": 943000000,
    "ebitdaratio": 0.287324802,
    "operatingIncome": 481000000,
    "operatingIncomeRatio": 0.1465569775,
    "totalOtherIncomeExpensesNet": -204000000,
    "incomeBeforeTax": 277000000,
    "incomeBeforeTaxRatio": 0.0843997562,
    "incomeTaxExpense": 40000000,
    "netIncome": 239000000,
    "netIncomeRatio": 0.0728214503,
    "eps": 0.51,
    "epsdiluted": 0.51,
    "weightedAverageShsOut": 467812839,
    "weightedAverageShsOutDil": 468046718,
    "link": "https://www.sec.gov/Archives/edgar/data/4904/000000490410000018/0000004904-10-000018-index.htm",
    "finalLink": "https://www.sec.gov/Archives/edgar/data/4904/000000490410000018/ye09aep10k.htm"
  },
  {
    "date": "2009-09-30",
    "symbol": "AEP",
    "reportedCurrency": "USD",
    "cik": "0000004904",
    "fillingDate": "2009-10-30",
    "acceptedDate": "2009-10-30 12:45:35",
    "calendarYear": "2009",
    "period": "Q3",
    "revenue": 3547000000,
    "costOfRevenue": 1178000000,
    "grossProfit": 2369000000,
    "grossProfitRatio": 0.6678883564,
    "researchAndDevelopmentExpenses": 0,
    "generalAndAdministrativeExpenses": 0,
    "sellingAndMarketingExpenses": 0,
    "sellingGeneralAndAdministrativeExpenses": 0,
    "otherExpenses": 1511000000,
    "operatingExpenses": 1511000000,
    "costAndExpenses": 2689000000,
    "interestIncome": 5000000,
    "interestExpense": 248000000,
    "depreciationAndAmortization": 437000000,
    "ebitda": 1335000000,
    "ebitdaratio": 0.3763744009,
    "operatingIncome": 858000000,
    "operatingIncomeRatio": 0.2418945588,
    "totalOtherIncomeExpensesNet": -208000000,
    "incomeBeforeTax": 650000000,
    "incomeBeforeTaxRatio": 0.1832534536,
    "incomeTaxExpense": 208000000,
    "netIncome": 444000000,
    "netIncomeRatio": 0.1251762052,
    "eps": 0.93,
    "epsdiluted": 0.93,
    "weightedAverageShsOut": 476948143,
    "weightedAverageShsOutDil": 477111144,
    "link": "https://www.sec.gov/Archives/edgar/data/4904/000000490409000174/0000004904-09-000174-index.htm",
    "finalLink": "https://www.sec.gov/Archives/edgar/data/4904/000000490409000174/q309aep10q.htm"
  },
  {
    "date": "2009-06-30",
    "symbol": "AEP",
    "reportedCurrency": "USD",
    "cik": "0000004904",
    "fillingDate": "2009-08-04",
    "acceptedDate": "2009-08-04 13:31:51",
    "calendarYear": "2009",
    "period": "Q2",
    "revenue": 3202000000,
    "costOfRevenue": 1022000000,
    "grossProfit": 2180000000,
    "grossProfitRatio": 0.6808244847,
    "researchAndDevelopmentExpenses": 0,
    "generalAndAdministrativeExpenses": 0,
    "sellingAndMarketingExpenses": 0,
    "sellingGeneralAndAdministrativeExpenses": 0,
    "otherExpenses": 1498000000,
    "operatingExpenses": 1498000000,
    "costAndExpenses": 2520000000,
    "interestIncome": 5000000,
    "interestExpense": 240000000,
    "depreciationAndAmortization": 409000000,
    "ebitda": 1118000000,
    "ebitdaratio": 0.349156777,
    "operatingIncome": 682000000,
    "operatingIncomeRatio": 0.2129918801,
    "totalOtherIncomeExpensesNet": -213000000,
    "incomeBeforeTax": 469000000,
    "incomeBeforeTaxRatio": 0.1464709557,
    "incomeTaxExpense": 148000000,
    "netIncome": 316000000,
    "netIncomeRatio": 0.0986883198,
    "eps": 0.67,
    "epsdiluted": 0.67,
    "weightedAverageShsOut": 472220041,
    "weightedAverageShsOutDil": 472222817,
    "link": "https://www.sec.gov/Archives/edgar/data/4904/000000490409000117/0000004904-09-000117-index.htm",
    "finalLink": "https://www.sec.gov/Archives/edgar/data/4904/000000490409000117/q209aep10q.htm"
  },
  {
    "date": "2009-03-31",
    "symbol": "AEP",
    "reportedCurrency": "USD",
    "cik": "0000004904",
    "fillingDate": "2009-05-01",
    "acceptedDate": "2009-05-01 15:15:27",
    "calendarYear": "2009",
    "period": "Q1",
    "revenue": 3458000000,
    "costOfRevenue": 1224000000,
    "grossProfit": 2234000000,
    "grossProfitRatio": 0.6460381724,
    "researchAndDevelopmentExpenses": 0,
    "generalAndAdministrativeExpenses": 0,
    "sellingAndMarketingExpenses": 0,
    "sellingGeneralAndAdministrativeExpenses": 0,
    "otherExpenses": 1484000000,
    "operatingExpenses": 1484000000,
    "costAndExpenses": 2708000000,
    "interestIncome": 5000000,
    "interestExpense": 238000000,
    "depreciationAndAmortization": 395000000,
    "ebitda": 1175000000,
    "ebitdaratio": 0.3397917872,
    "operatingIncome": 750000000,
    "operatingIncomeRatio": 0.2168883748,
    "totalOtherIncomeExpensesNet": -208000000,
    "incomeBeforeTax": 542000000,
    "incomeBeforeTaxRatio": 0.1567379988,
    "incomeTaxExpense": 179000000,
    "netIncome": 361000000,
    "netIncomeRatio": 0.1043956044,
    "eps": 0.89,
    "epsdiluted": 0.89,
    "weightedAverageShsOut": 406826606,
    "weightedAverageShsOutDil": 407381954,
    "link": "https://www.sec.gov/Archives/edgar/data/4904/000000490409000076/0000004904-09-000076-index.htm",
    "finalLink": "https://www.sec.gov/Archives/edgar/data/4904/000000490409000076/q109aep10q.htm"
  },
  {
    "date": "2008-12-31",
    "symbol": "AEP",
    "reportedCurrency": "USD",
    "cik": "0000004904",
    "fillingDate": "2009-02-27",
    "acceptedDate": "2009-02-27 17:13:37",
    "calendarYear": "2008",
    "period": "Q4",
    "revenue": 3236000000,
    "costOfRevenue": 1219000000,
    "grossProfit": 2017000000,
    "grossProfitRatio": 0.6233003708,
    "researchAndDevelopmentExpenses": 0,
    "generalAndAdministrativeExpenses": 0,
    "sellingAndMarketingExpenses": 0,
    "sellingGeneralAndAdministrativeExpenses": 0,
    "otherExpenses": 1582000000,
    "operatingExpenses": 1582000000,
    "costAndExpenses": 2801000000,
    "interestIncome": 0,
    "interestExpense": 0,
    "depreciationAndAmortization": 448000000,
    "ebitda": 1065000000,
    "ebitdaratio": 0.3291100124,
    "operatingIncome": 435000000,
    "operatingIncomeRatio": 0.1344252163,
    "totalOtherIncomeExpensesNet": -259000000,
    "incomeBeforeTax": 176000000,
    "incomeBeforeTaxRatio": 0.0543881335,
    "incomeTaxExpense": 34000000,
    "netIncome": 153000000,
    "netIncomeRatio": 0.0472805933,
    "eps": 0.38,
    "epsdiluted": 0.38,
    "weightedAverageShsOut": 404455227,
    "weightedAverageShsOutDil": 405511331,
    "link": "https://www.sec.gov/Archives/edgar/data/4904/000000490409000040/0000004904-09-000040-index.htm",
    "finalLink": "https://www.sec.gov/Archives/edgar/data/4904/000000490409000040/ye08aep10k.htm"
  },
  {
    "date": "2008-09-30",
    "symbol": "AEP",
    "reportedCurrency": "USD",
    "cik": "0000004904",
    "fillingDate": "2008-10-31",
    "acceptedDate": "2008-10-31 16:21:58",
    "calendarYear": "2008",
    "period": "Q3",
    "revenue": 4191000000,
    "costOfRevenue": 1874000000,
    "grossProfit": 2317000000,
    "grossProfitRatio": 0.5528513481,
    "researchAndDevelopmentExpenses": 0,
    "generalAndAdministrativeExpenses": 0,
    "sellingAndMarketingExpenses": 0,
    "sellingGeneralAndAdministrativeExpenses": 0,
    "otherExpenses": 1580000000,
    "operatingExpenses": 1580000000,
    "costAndExpenses": 3454000000,
    "interestIncome": 14000000,
    "interestExpense": 216000000,
    "depreciationAndAmortization": 414000000,
    "ebitda": 1197000000,
    "ebitdaratio": 0.2856120258,
    "operatingIncome": 737000000,
    "operatingIncomeRatio": 0.1758530184,
    "totalOtherIncomeExpensesNet": -170000000,
    "incomeBeforeTax": 567000000,
    "incomeBeforeTaxRatio": 0.1352899069,
    "incomeTaxExpense": 192000000,
    "netIncome": 375000000,
    "netIncomeRatio": 0.0894774517,
    "eps": 0.93,
    "epsdiluted": 0.93,
    "weightedAverageShsOut": 402286779,
    "weightedAverageShsOutDil": 403910309,
    "link": "https://www.sec.gov/Archives/edgar/data/4904/000000490408000148/0000004904-08-000148-index.htm",
    "finalLink": "https://www.sec.gov/Archives/edgar/data/4904/000000490408000148/q308aep10q.htm"
  },
  {
    "date": "2008-06-30",
    "symbol": "AEP",
    "reportedCurrency": "USD",
    "cik": "0000004904",
    "fillingDate": "2008-08-01",
    "acceptedDate": "2008-08-01 14:30:32",
    "calendarYear": "2008",
    "period": "Q2",
    "revenue": 3546000000,
    "costOfRevenue": 1419000000,
    "grossProfit": 2127000000,
    "grossProfitRatio": 0.5998307953,
    "researchAndDevelopmentExpenses": 0,
    "generalAndAdministrativeExpenses": 0,
    "sellingAndMarketingExpenses": 0,
    "sellingGeneralAndAdministrativeExpenses": 0,
    "otherExpenses": 1541000000,
    "operatingExpenses": 1541000000,
    "costAndExpenses": 2960000000,
    "interestIncome": 15000000,
    "interestExpense": 234000000,
    "depreciationAndAmortization": 418000000,
    "ebitda": 1056000000,
    "ebitdaratio": 0.2978003384,
    "operatingIncome": 586000000,
    "operatingIncomeRatio": 0.1652566272,
    "totalOtherIncomeExpensesNet": -182000000,
    "incomeBeforeTax": 404000000,
    "incomeBeforeTaxRatio": 0.1139311901,
    "incomeTaxExpense": 123000000,
    "netIncome": 281000000,
    "netIncomeRatio": 0.0792442188,
    "eps": 0.7,
    "epsdiluted": 0.7,
    "weightedAverageShsOut": 401513958,
    "weightedAverageShsOutDil": 402785942,
    "link": "https://www.sec.gov/Archives/edgar/data/4904/000000490408000125/0000004904-08-000125-index.htm",
    "finalLink": "https://www.sec.gov/Archives/edgar/data/4904/000000490408000125/q208aep10q.htm"
  },
  {
    "date": "2008-03-31",
    "symbol": "AEP",
    "reportedCurrency": "USD",
    "cik": "0000004904",
    "fillingDate": "2008-05-01",
    "acceptedDate": "2008-05-01 11:00:59",
    "calendarYear": "2008",
    "period": "Q1",
    "revenue": 3467000000,
    "costOfRevenue": 1243000000,
    "grossProfit": 2224000000,
    "grossProfitRatio": 0.6414767811,
    "researchAndDevelopmentExpenses": 0,
    "generalAndAdministrativeExpenses": 0,
    "sellingAndMarketingExpenses": 0,
    "sellingGeneralAndAdministrativeExpenses": 0,
    "otherExpenses": 1181000000,
    "operatingExpenses": 1181000000,
    "costAndExpenses": 2424000000,
    "interestIncome": 16000000,
    "interestExpense": 219000000,
    "depreciationAndAmortization": 363000000,
    "ebitda": 1449000000,
    "ebitdaratio": 0.4179405826,
    "operatingIncome": 1043000000,
    "operatingIncomeRatio": 0.300836458,
    "totalOtherIncomeExpensesNet": -176000000,
    "incomeBeforeTax": 867000000,
    "incomeBeforeTaxRatio": 0.2500721085,
    "incomeTaxExpense": 293000000,
    "netIncome": 574000000,
    "netIncomeRatio": 0.1655610037,
    "eps": 1.43,
    "epsdiluted": 1.43,
    "weightedAverageShsOut": 400797993,
    "weightedAverageShsOutDil": 402072098,
    "link": "https://www.sec.gov/Archives/edgar/data/4904/000000490408000061/0000004904-08-000061-index.htm",
    "finalLink": "https://www.sec.gov/Archives/edgar/data/4904/000000490408000061/q108aep10q.htm"
  },
  {
    "date": "2007-12-31",
    "symbol": "AEP",
    "reportedCurrency": "USD",
    "cik": "0000004904",
    "fillingDate": "2008-02-28",
    "acceptedDate": "2008-02-28 14:36:24",
    "calendarYear": "2007",
    "period": "Q4",
    "revenue": 3276000000,
    "costOfRevenue": 1219000000,
    "grossProfit": 2057000000,
    "grossProfitRatio": 0.6278998779,
    "researchAndDevelopmentExpenses": 0,
    "generalAndAdministrativeExpenses": 0,
    "sellingAndMarketingExpenses": 0,
    "sellingGeneralAndAdministrativeExpenses": 0,
    "otherExpenses": 1643000000,
    "operatingExpenses": 1643000000,
    "costAndExpenses": 2862000000,
    "interestIncome": 0,
    "interestExpense": 0,
    "depreciationAndAmortization": 386000000,
    "ebitda": 800000000,
    "ebitdaratio": 0.2442002442,
    "operatingIncome": 414000000,
    "operatingIncomeRatio": 0.1263736264,
    "totalOtherIncomeExpensesNet": -132000000,
    "incomeBeforeTax": 282000000,
    "incomeBeforeTaxRatio": 0.0860805861,
    "incomeTaxExpense": 73000000,
    "netIncome": 231000000,
    "netIncomeRatio": 0.0705128205,
    "eps": 0.58,
    "epsdiluted": 0.58,
    "weightedAverageShsOut": 399791369,
    "weightedAverageShsOutDil": 401135449,
    "link": "https://www.sec.gov/Archives/edgar/data/4904/000000490408000022/0000004904-08-000022-index.htm",
    "finalLink": "https://www.sec.gov/Archives/edgar/data/4904/000000490408000022/ye07aep10k.htm"
  },
  {
    "date": "2007-09-30",
    "symbol": "AEP",
    "reportedCurrency": "USD",
    "cik": "0000004904",
    "fillingDate": "2007-11-02",
    "acceptedDate": "2007-11-02 13:26:58",
    "calendarYear": "2007",
    "period": "Q3",
    "revenue": 3789000000,
    "costOfRevenue": 1457000000,
    "grossProfit": 2332000000,
    "grossProfitRatio": 0.6154658221,
    "researchAndDevelopmentExpenses": 0,
    "generalAndAdministrativeExpenses": 0,
    "sellingAndMarketingExpenses": 0,
    "sellingGeneralAndAdministrativeExpenses": 0,
    "otherExpenses": 1536000000,
    "operatingExpenses": 1536000000,
    "costAndExpenses": 2993000000,
    "interestIncome": 8000000,
    "interestExpense": 0,
    "depreciationAndAmortization": 396000000,
    "ebitda": 1192000000,
    "ebitdaratio": 0.3145948799,
    "operatingIncome": 796000000,
    "operatingIncomeRatio": 0.2100818158,
    "totalOtherIncomeExpensesNet": -184000000,
    "incomeBeforeTax": 612000000,
    "incomeBeforeTaxRatio": 0.16152019,
    "incomeTaxExpense": 205000000,
    "netIncome": 407000000,
    "netIncomeRatio": 0.1074162048,
    "eps": 1.02,
    "epsdiluted": 1.02,
    "weightedAverageShsOut": 399222569,
    "weightedAverageShsOutDil": 400215911,
    "link": "https://www.sec.gov/Archives/edgar/data/4904/000000490407000187/0000004904-07-000187-index.htm",
    "finalLink": "https://www.sec.gov/Archives/edgar/data/4904/000000490407000187/q307aep10q.htm"
  },
  {
    "date": "2007-06-30",
    "symbol": "AEP",
    "reportedCurrency": "USD",
    "cik": "0000004904",
    "fillingDate": "2007-08-03",
    "acceptedDate": "2007-08-03 16:08:48",
    "calendarYear": "2007",
    "period": "Q2",
    "revenue": 3146000000,
    "costOfRevenue": 1159000000,
    "grossProfit": 1987000000,
    "grossProfitRatio": 0.6315956771,
    "researchAndDevelopmentExpenses": 0,
    "generalAndAdministrativeExpenses": 0,
    "sellingAndMarketingExpenses": 0,
    "sellingGeneralAndAdministrativeExpenses": 0,
    "otherExpenses": 1441000000,
    "operatingExpenses": 1441000000,
    "costAndExpenses": 2600000000,
    "interestIncome": 8000000,
    "interestExpense": 0,
    "depreciationAndAmortization": 389000000,
    "ebitda": 935000000,
    "ebitdaratio": 0.2972027972,
    "operatingIncome": 546000000,
    "operatingIncomeRatio": 0.173553719,
    "totalOtherIncomeExpensesNet": -181000000,
    "incomeBeforeTax": 365000000,
    "incomeBeforeTaxRatio": 0.1160203433,
    "incomeTaxExpense": 108000000,
    "netIncome": 180000000,
    "netIncomeRatio": 0.0572155118,
    "eps": 0.45,
    "epsdiluted": 0.45,
    "weightedAverageShsOut": 398679242,
    "weightedAverageShsOutDil": 399868900,
    "link": "https://www.sec.gov/Archives/edgar/data/4904/000000490407000137/0000004904-07-000137-index.htm",
    "finalLink": "https://www.sec.gov/Archives/edgar/data/4904/000000490407000137/q207aep10q.htm"
  },
  {
    "date": "2007-03-31",
    "symbol": "AEP",
    "reportedCurrency": "USD",
    "cik": "0000004904",
    "fillingDate": "2007-05-04",
    "acceptedDate": "2007-05-04 12:03:42",
    "calendarYear": "2007",
    "period": "Q1",
    "revenue": 3169000000,
    "costOfRevenue": 1132000000,
    "grossProfit": 2037000000,
    "grossProfitRatio": 0.6427895235,
    "researchAndDevelopmentExpenses": 0,
    "generalAndAdministrativeExpenses": 0,
    "sellingAndMarketingExpenses": 0,
    "sellingGeneralAndAdministrativeExpenses": 0,
    "otherExpenses": 1515000000,
    "operatingExpenses": 1515000000,
    "costAndExpenses": 2647000000,
    "interestIncome": 0,
    "interestExpense": 0,
    "depreciationAndAmortization": 407000000,
    "ebitda": 929000000,
    "ebitdaratio": 0.293152414,
    "operatingIncome": 522000000,
    "operatingIncomeRatio": 0.1647207321,
    "totalOtherIncomeExpensesNet": -121000000,
    "incomeBeforeTax": 401000000,
    "incomeBeforeTaxRatio": 0.1265383402,
    "incomeTaxExpense": 130000000,
    "netIncome": 271000000,
    "netIncomeRatio": 0.0855159356,
    "eps": 0.68,
    "epsdiluted": 0.68,
    "weightedAverageShsOut": 397314642,
    "weightedAverageShsOutDil": 398552113,
    "link": "https://www.sec.gov/Archives/edgar/data/4904/000000490407000088/0000004904-07-000088-index.htm",
    "finalLink": "https://www.sec.gov/Archives/edgar/data/4904/000000490407000088/q107aep10q.htm"
  },
  {
    "date": "2006-12-31",
    "symbol": "AEP",
    "reportedCurrency": "USD",
    "cik": "0000004904",
    "fillingDate": "2007-02-28",
    "acceptedDate": "2007-02-28 16:00:13",
    "calendarYear": "2006",
    "period": "Q4",
    "revenue": 2984000000,
    "costOfRevenue": 1037000000,
    "grossProfit": 1947000000,
    "grossProfitRatio": 0.6524798928,
    "researchAndDevelopmentExpenses": 0,
    "generalAndAdministrativeExpenses": 0,
    "sellingAndMarketingExpenses": 0,
    "sellingGeneralAndAdministrativeExpenses": 0,
    "otherExpenses": 1577000000,
    "operatingExpenses": 1577000000,
    "costAndExpenses": 2614000000,
    "interestIncome": 0,
    "interestExpense": 0,
    "depreciationAndAmortization": 414000000,
    "ebitda": 784000000,
    "ebitdaratio": 0.2627345845,
    "operatingIncome": 370000000,
    "operatingIncomeRatio": 0.1239946381,
    "totalOtherIncomeExpensesNet": -102000000,
    "incomeBeforeTax": 268000000,
    "incomeBeforeTaxRatio": 0.0898123324,
    "incomeTaxExpense": 91000000,
    "netIncome": 181000000,
    "netIncomeRatio": 0.0606568365,
    "eps": 0.46,
    "epsdiluted": 0.46,
    "weightedAverageShsOut": 395767083,
    "weightedAverageShsOutDil": 397517789,
    "link": "https://www.sec.gov/Archives/edgar/data/4904/000000490407000041/0000004904-07-000041-index.htm",
    "finalLink": "https://www.sec.gov/Archives/edgar/data/4904/000000490407000041/ye06aep10k.htm"
  },
  {
    "date": "2006-09-30",
    "symbol": "AEP",
    "reportedCurrency": "USD",
    "cik": "0000004904",
    "fillingDate": "2006-11-06",
    "acceptedDate": "2006-11-06 11:04:36",
    "calendarYear": "2006",
    "period": "Q3",
    "revenue": 3594000000,
    "costOfRevenue": 1384000000,
    "grossProfit": 2210000000,
    "grossProfitRatio": 0.6149137451,
    "researchAndDevelopmentExpenses": 0,
    "generalAndAdministrativeExpenses": 0,
    "sellingAndMarketingExpenses": 0,
    "sellingGeneralAndAdministrativeExpenses": 0,
    "otherExpenses": 1675000000,
    "operatingExpenses": 1675000000,
    "costAndExpenses": 3059000000,
    "interestIncome": 22000,
    "interestExpense": 174000,
    "depreciationAndAmortization": 395000000,
    "ebitda": 930000000,
    "ebitdaratio": 0.2587646077,
    "operatingIncome": 535000000,
    "operatingIncomeRatio": 0.1488592098,
    "totalOtherIncomeExpensesNet": -137000000,
    "incomeBeforeTax": 398000000,
    "incomeBeforeTaxRatio": 0.1107401224,
    "incomeTaxExpense": 133000000,
    "netIncome": 265000000,
    "netIncomeRatio": 0.0737340011,
    "eps": 0.67,
    "epsdiluted": 0.67,
    "weightedAverageShsOut": 393913463,
    "weightedAverageShsOutDil": 396266250,
    "link": "https://www.sec.gov/Archives/edgar/data/4904/000000490406000211/0000004904-06-000211-index.htm",
    "finalLink": "https://www.sec.gov/Archives/edgar/data/4904/000000490406000211/q306aep10q.htm"
  },
  {
    "date": "2006-06-30",
    "symbol": "AEP",
    "reportedCurrency": "USD",
    "cik": "0000004904",
    "fillingDate": "2006-08-04",
    "acceptedDate": "2006-08-04 12:18:41",
    "calendarYear": "2006",
    "period": "Q2",
    "revenue": 2936000000,
    "costOfRevenue": 1125000000,
    "grossProfit": 1811000000,
    "grossProfitRatio": 0.6168256131,
    "researchAndDevelopmentExpenses": 0,
    "generalAndAdministrativeExpenses": 0,
    "sellingAndMarketingExpenses": 0,
    "sellingGeneralAndAdministrativeExpenses": 0,
    "otherExpenses": 1440000000,
    "operatingExpenses": 1440000000,
    "costAndExpenses": 2565000000,
    "interestIncome": 11000,
    "interestExpense": 176000,
    "depreciationAndAmortization": 365000000,
    "ebitda": 736000000,
    "ebitdaratio": 0.2506811989,
    "operatingIncome": 371000000,
    "operatingIncomeRatio": 0.1263623978,
    "totalOtherIncomeExpensesNet": -127000000,
    "incomeBeforeTax": 244000000,
    "incomeBeforeTaxRatio": 0.083106267,
    "incomeTaxExpense": 72000000,
    "netIncome": 175000000,
    "netIncomeRatio": 0.0596049046,
    "eps": 0.44,
    "epsdiluted": 0.44,
    "weightedAverageShsOut": 393722353,
    "weightedAverageShsOutDil": 395500506,
    "link": "https://www.sec.gov/Archives/edgar/data/4904/000000490406000148/0000004904-06-000148-index.htm",
    "finalLink": "https://www.sec.gov/Archives/edgar/data/4904/000000490406000148/q206aep10q.htm"
  },
  {
    "date": "2006-03-31",
    "symbol": "AEP",
    "reportedCurrency": "USD",
    "cik": "0000004904",
    "fillingDate": "2006-05-05",
    "acceptedDate": "2006-05-05 12:23:55",
    "calendarYear": "2006",
    "period": "Q1",
    "revenue": 3108000000,
    "costOfRevenue": 1127000000,
    "grossProfit": 1981000000,
    "grossProfitRatio": 0.6373873874,
    "researchAndDevelopmentExpenses": 0,
    "generalAndAdministrativeExpenses": 0,
    "sellingAndMarketingExpenses": 0,
    "sellingGeneralAndAdministrativeExpenses": 0,
    "otherExpenses": 1360000000,
    "operatingExpenses": 1360000000,
    "costAndExpenses": 2487000000,
    "interestIncome": 0,
    "interestExpense": 0,
    "depreciationAndAmortization": 362000000,
    "ebitda": 983000000,
    "ebitdaratio": 0.3162805663,
    "operatingIncome": 621000000,
    "operatingIncomeRatio": 0.1998069498,
    "totalOtherIncomeExpensesNet": -54000000,
    "incomeBeforeTax": 567000000,
    "incomeBeforeTaxRatio": 0.1824324324,
    "incomeTaxExpense": 189000000,
    "netIncome": 381000000,
    "netIncomeRatio": 0.1225868726,
    "eps": 0.97,
    "epsdiluted": 0.96,
    "weightedAverageShsOut": 393653162,
    "weightedAverageShsOutDil": 395580106,
    "link": "https://www.sec.gov/Archives/edgar/data/4904/000000490406000096/0000004904-06-000096-index.htm",
    "finalLink": "https://www.sec.gov/Archives/edgar/data/4904/000000490406000096/q106aep10q.htm"
  },
  {
    "date": "2005-12-31",
    "symbol": "AEP",
    "reportedCurrency": "USD",
    "cik": "0000004904",
    "fillingDate": "2006-03-01",
    "acceptedDate": "2006-02-28 18:52:47",
    "calendarYear": "2005",
    "period": "Q4",
    "revenue": 3055000000,
    "costOfRevenue": 1232000000,
    "grossProfit": 1823000000,
    "grossProfitRatio": 0.5967266776,
    "researchAndDevelopmentExpenses": 0,
    "generalAndAdministrativeExpenses": 0,
    "sellingAndMarketingExpenses": 0,
    "sellingGeneralAndAdministrativeExpenses": 0,
    "otherExpenses": 1496000000,
    "operatingExpenses": 1496000000,
    "costAndExpenses": 2728000000,
    "interestIncome": 0,
    "interestExpense": 0,
    "depreciationAndAmortization": 219000000,
    "ebitda": 657000000,
    "ebitdaratio": 0.2150572831,
    "operatingIncome": 327000000,
    "operatingIncomeRatio": 0.1070376432,
    "totalOtherIncomeExpensesNet": -276000000,
    "incomeBeforeTax": 51000000,
    "incomeBeforeTaxRatio": 0.0166939444,
    "incomeTaxExpense": -41000000,
    "netIncome": -149000000,
    "netIncomeRatio": -0.0487725041,
    "eps": -0.38,
    "epsdiluted": -0.38,
    "weightedAverageShsOut": 391811399,
    "weightedAverageShsOutDil": 393501974,
    "link": "https://www.sec.gov/Archives/edgar/data/4904/000000490406000034/0000004904-06-000034-index.htm",
    "finalLink": "https://www.sec.gov/Archives/edgar/data/4904/000000490406000034/ye05aep10k.htm"
  },
  {
    "date": "2005-09-30",
    "symbol": "AEP",
    "reportedCurrency": "USD",
    "cik": "0000004904",
    "fillingDate": "2005-11-08",
    "acceptedDate": "2005-11-08 10:39:08",
    "calendarYear": "2005",
    "period": "Q3",
    "revenue": 3328000000,
    "costOfRevenue": 1252000000,
    "grossProfit": 2076000000,
    "grossProfitRatio": 0.6237980769,
    "researchAndDevelopmentExpenses": 0,
    "generalAndAdministrativeExpenses": 0,
    "sellingAndMarketingExpenses": 0,
    "sellingGeneralAndAdministrativeExpenses": 0,
    "otherExpenses": 1453000000,
    "operatingExpenses": 1453000000,
    "costAndExpenses": 2705000000,
    "interestIncome": 0,
    "interestExpense": 145000,
    "depreciationAndAmortization": 351000000,
    "ebitda": 974000000,
    "ebitdaratio": 0.2926682692,
    "operatingIncome": 623000000,
    "operatingIncomeRatio": 0.1871995192,
    "totalOtherIncomeExpensesNet": -62000000,
    "incomeBeforeTax": 561000000,
    "incomeBeforeTaxRatio": 0.1685697115,
    "incomeTaxExpense": 196000000,
    "netIncome": 387000000,
    "netIncomeRatio": 0.1162860577,
    "eps": 0.99,
    "epsdiluted": 0.99,
    "weightedAverageShsOut": 389000000,
    "weightedAverageShsOutDil": 390000000,
    "link": "https://www.sec.gov/Archives/edgar/data/4904/000000490405000324/0000004904-05-000324-index.htm",
    "finalLink": "https://www.sec.gov/Archives/edgar/data/4904/000000490405000324/q30510q.htm"
  },
  {
    "date": "2005-06-30",
    "symbol": "AEP",
    "reportedCurrency": "USD",
    "cik": "0000004904",
    "fillingDate": "2005-08-04",
    "acceptedDate": "2005-08-04 13:01:01",
    "calendarYear": "2005",
    "period": "Q2",
    "revenue": 2819000000,
    "costOfRevenue": 988000000,
    "grossProfit": 1831000000,
    "grossProfitRatio": 0.6495211068,
    "researchAndDevelopmentExpenses": 0,
    "generalAndAdministrativeExpenses": 0,
    "sellingAndMarketingExpenses": 0,
    "sellingGeneralAndAdministrativeExpenses": 0,
    "otherExpenses": 1376000000,
    "operatingExpenses": 1376000000,
    "costAndExpenses": 2364000000,
    "interestIncome": 0,
    "interestExpense": 156000,
    "depreciationAndAmortization": 352000000,
    "ebitda": 807000000,
    "ebitdaratio": 0.2862717276,
    "operatingIncome": 455000000,
    "operatingIncomeRatio": 0.1614047535,
    "totalOtherIncomeExpensesNet": -134000000,
    "incomeBeforeTax": 321000000,
    "incomeBeforeTaxRatio": 0.1138701667,
    "incomeTaxExpense": 103000000,
    "netIncome": 221000000,
    "netIncomeRatio": 0.0783965945,
    "eps": 0.58,
    "epsdiluted": 0.58,
    "weightedAverageShsOut": 384000000,
    "weightedAverageShsOutDil": 385000000,
    "link": "https://www.sec.gov/Archives/edgar/data/4904/000000490405000219/0000004904-05-000219-index.htm",
    "finalLink": "https://www.sec.gov/Archives/edgar/data/4904/000000490405000219/q20510q.htm"
  },
  {
    "date": "2005-03-31",
    "symbol": "AEP",
    "reportedCurrency": "USD",
    "cik": "0000004904",
    "fillingDate": "2005-05-04",
    "acceptedDate": "2005-05-04 13:33:28",
    "calendarYear": "2005",
    "period": "Q1",
    "revenue": 3065000000,
    "costOfRevenue": 1168000000,
    "grossProfit": 1897000000,
    "grossProfitRatio": 0.6189233279,
    "researchAndDevelopmentExpenses": 0,
    "generalAndAdministrativeExpenses": 0,
    "sellingAndMarketingExpenses": 0,
    "sellingGeneralAndAdministrativeExpenses": 0,
    "otherExpenses": 1352000000,
    "operatingExpenses": 1352000000,
    "costAndExpenses": 2520000000,
    "interestIncome": 0,
    "interestExpense": 144000000,
    "depreciationAndAmortization": 327000000,
    "ebitda": 872000000,
    "ebitdaratio": 0.284502447,
    "operatingIncome": 545000000,
    "operatingIncomeRatio": 0.1778140294,
    "totalOtherIncomeExpensesNet": -19000000,
    "incomeBeforeTax": 526000000,
    "incomeBeforeTaxRatio": 0.1716150082,
    "incomeTaxExpense": 172000000,
    "netIncome": 355000000,
    "netIncomeRatio": 0.1158238173,
    "eps": 0.9,
    "epsdiluted": 0.9,
    "weightedAverageShsOut": 393000000,
    "weightedAverageShsOutDil": 394000000,
    "link": "https://www.sec.gov/Archives/edgar/data/4904/000000490405000089/0000004904-05-000089-index.htm",
    "finalLink": "https://www.sec.gov/Archives/edgar/data/4904/000000490405000089/q10510q.htm"
  },
  {
    "date": "2004-12-31",
    "symbol": "AEP",
    "reportedCurrency": "USD",
    "cik": "0000004904",
    "fillingDate": "2005-03-01",
    "acceptedDate": "2005-03-01 19:16:45",
    "calendarYear": "2004",
    "period": "Q4",
    "revenue": 3596000000,
    "costOfRevenue": 1781000000,
    "grossProfit": 1815000000,
    "grossProfitRatio": 0.504727475,
    "researchAndDevelopmentExpenses": 0,
    "generalAndAdministrativeExpenses": 0,
    "sellingAndMarketingExpenses": 0,
    "sellingGeneralAndAdministrativeExpenses": 0,
    "otherExpenses": 977000000,
    "operatingExpenses": 977000000,
    "costAndExpenses": 2758000000,
    "interestIncome": 0,
    "interestExpense": 0,
    "depreciationAndAmortization": 232000000,
    "ebitda": 1166000000,
    "ebitdaratio": 0.3242491657,
    "operatingIncome": 838000000,
    "operatingIncomeRatio": 0.2330367075,
    "totalOtherIncomeExpensesNet": -435000000,
    "incomeBeforeTax": 403000000,
    "incomeBeforeTaxRatio": 0.1120689655,
    "incomeTaxExpense": 128000000,
    "netIncome": 177000000,
    "netIncomeRatio": 0.0492213571,
    "eps": 0.45,
    "epsdiluted": 0.45,
    "weightedAverageShsOut": 394500000,
    "weightedAverageShsOutDil": 395000000,
    "link": "https://www.sec.gov/Archives/edgar/data/4904/000101540205001007/0001015402-05-001007-index.htm",
    "finalLink": "https://www.sec.gov/Archives/edgar/data/4904/000101540205001007/aep10k04.htm"
  },
  {
    "date": "2004-09-30",
    "symbol": "AEP",
    "reportedCurrency": "USD",
    "cik": "0000004904",
    "fillingDate": "2004-11-05",
    "acceptedDate": "2004-11-05 17:11:15",
    "calendarYear": "2004",
    "period": "Q3",
    "revenue": 3781000000,
    "costOfRevenue": 1781000000,
    "grossProfit": 2000000000,
    "grossProfitRatio": 0.5289605924,
    "researchAndDevelopmentExpenses": 0,
    "generalAndAdministrativeExpenses": 0,
    "sellingAndMarketingExpenses": 0,
    "sellingGeneralAndAdministrativeExpenses": 0,
    "otherExpenses": 1361000000,
    "operatingExpenses": 1361000000,
    "costAndExpenses": 3142000000,
    "interestIncome": 0,
    "interestExpense": 0,
    "depreciationAndAmortization": 398000000,
    "ebitda": 1037000000,
    "ebitdaratio": 0.2742660672,
    "operatingIncome": 639000000,
    "operatingIncomeRatio": 0.1690029093,
    "totalOtherIncomeExpensesNet": -23000000,
    "incomeBeforeTax": 616000000,
    "incomeBeforeTaxRatio": 0.1629198625,
    "incomeTaxExpense": 204000000,
    "netIncome": 530000000,
    "netIncomeRatio": 0.140174557,
    "eps": 1.34,
    "epsdiluted": 1.34,
    "weightedAverageShsOut": 396000000,
    "weightedAverageShsOutDil": 397000000,
    "link": "https://www.sec.gov/Archives/edgar/data/4904/000000490404000239/0000004904-04-000239-index.htm",
    "finalLink": "https://www.sec.gov/Archives/edgar/data/4904/000000490404000239/q30410q.txt"
  },
  {
    "date": "2004-06-30",
    "symbol": "AEP",
    "reportedCurrency": "USD",
    "cik": "0000004904",
    "fillingDate": "2004-08-06",
    "acceptedDate": "2004-08-06 16:05:23",
    "calendarYear": "2004",
    "period": "Q2",
    "revenue": 3411000000,
    "costOfRevenue": 1522000000,
    "grossProfit": 1889000000,
    "grossProfitRatio": 0.5537965406,
    "researchAndDevelopmentExpenses": 0,
    "generalAndAdministrativeExpenses": 0,
    "sellingAndMarketingExpenses": 0,
    "sellingGeneralAndAdministrativeExpenses": 0,
    "otherExpenses": 1481000000,
    "operatingExpenses": 1481000000,
    "costAndExpenses": 3003000000,
    "interestIncome": 0,
    "interestExpense": 0,
    "depreciationAndAmortization": 440000000,
    "ebitda": 848000000,
    "ebitdaratio": 0.2486074465,
    "operatingIncome": 408000000,
    "operatingIncomeRatio": 0.1196130167,
    "totalOtherIncomeExpensesNet": -179000000,
    "incomeBeforeTax": 229000000,
    "incomeBeforeTaxRatio": 0.0671357373,
    "incomeTaxExpense": 78000000,
    "netIncome": 100000000,
    "netIncomeRatio": 0.0293169159,
    "eps": 0.25,
    "epsdiluted": 0.25,
    "weightedAverageShsOut": 396000000,
    "weightedAverageShsOutDil": 396000000,
    "link": "https://www.sec.gov/Archives/edgar/data/4904/000000490404000152/0000004904-04-000152-index.htm",
    "finalLink": "https://www.sec.gov/Archives/edgar/data/4904/000000490404000152/q20410q.txt"
  },
  {
    "date": "2004-03-31",
    "symbol": "AEP",
    "reportedCurrency": "USD",
    "cik": "0000004904",
    "fillingDate": "2004-05-07",
    "acceptedDate": "2004-05-07 17:02:52",
    "calendarYear": "2004",
    "period": "Q1",
    "revenue": 3364000000,
    "costOfRevenue": 1362000000,
    "grossProfit": 2002000000,
    "grossProfitRatio": 0.5951248514,
    "researchAndDevelopmentExpenses": 0,
    "generalAndAdministrativeExpenses": 0,
    "sellingAndMarketingExpenses": 0,
    "sellingGeneralAndAdministrativeExpenses": 0,
    "otherExpenses": 1376000000,
    "operatingExpenses": 1376000000,
    "costAndExpenses": 2738000000,
    "interestIncome": 0,
    "interestExpense": 0,
    "depreciationAndAmortization": 226000000,
    "ebitda": 945000000,
    "ebitdaratio": 0.2809155767,
    "operatingIncome": 626000000,
    "operatingIncomeRatio": 0.1860879905,
    "totalOtherIncomeExpensesNet": -175000000,
    "incomeBeforeTax": 451000000,
    "incomeBeforeTaxRatio": 0.1340665874,
    "incomeTaxExpense": 162000000,
    "netIncome": 282000000,
    "netIncomeRatio": 0.0838287753,
    "eps": 0.71,
    "epsdiluted": 0.71,
    "weightedAverageShsOut": 395000000,
    "weightedAverageShsOutDil": 395000000,
    "link": "https://www.sec.gov/Archives/edgar/data/4904/000000490404000091/0000004904-04-000091-index.htm",
    "finalLink": "https://www.sec.gov/Archives/edgar/data/4904/000000490404000091/q10410q.txt"
  },
  {
    "date": "2003-12-31",
    "symbol": "AEP",
    "reportedCurrency": "USD",
    "cik": "0000004904",
    "fillingDate": "2004-03-11",
    "acceptedDate": "2004-03-11 15:47:52",
    "calendarYear": "2003",
    "period": "Q4",
    "revenue": 2687000000,
    "costOfRevenue": 873000000,
    "grossProfit": 1814000000,
    "grossProfitRatio": 0.6751023446,
    "researchAndDevelopmentExpenses": 0,
    "generalAndAdministrativeExpenses": 0,
    "sellingAndMarketingExpenses": 0,
    "sellingGeneralAndAdministrativeExpenses": 0,
    "otherExpenses": 1873000000,
    "operatingExpenses": 1873000000,
    "costAndExpenses": 2746000000,
    "interestIncome": 0,
    "interestExpense": 0,
    "depreciationAndAmortization": 235000000,
    "ebitda": 255000000,
    "ebitdaratio": 0.094901377,
    "operatingIncome": -59000000,
    "operatingIncomeRatio": -0.0219575735,
    "totalOtherIncomeExpensesNet": -164000000,
    "incomeBeforeTax": -223000000,
    "incomeBeforeTaxRatio": -0.0829921846,
    "incomeTaxExpense": -50000000,
    "netIncome": -762000000,
    "netIncomeRatio": -0.2835876442,
    "eps": -1.97,
    "epsdiluted": -1.97,
    "weightedAverageShsOut": 387155173,
    "weightedAverageShsOutDil": 387155173,
    "link": "https://www.sec.gov/Archives/edgar/data/4904/000000490404000055/0000004904-04-000055-index.htm",
    "finalLink": "https://www.sec.gov/Archives/edgar/data/4904/000000490404000055/form10k.txt"
  },
  {
    "date": "2003-09-30",
    "symbol": "AEP",
    "reportedCurrency": "USD",
    "cik": "0000004904",
    "fillingDate": "2003-11-12",
    "acceptedDate": "2003-11-12 16:55:34",
    "calendarYear": "2003",
    "period": "Q3",
    "revenue": 3941000000,
    "costOfRevenue": 1794000000,
    "grossProfit": 2147000000,
    "grossProfitRatio": 0.5447855874,
    "researchAndDevelopmentExpenses": 0,
    "generalAndAdministrativeExpenses": 0,
    "sellingAndMarketingExpenses": 0,
    "sellingGeneralAndAdministrativeExpenses": 0,
    "otherExpenses": 1412000000,
    "operatingExpenses": 1412000000,
    "costAndExpenses": 3206000000,
    "interestIncome": 0,
    "interestExpense": 0,
    "depreciationAndAmortization": 428000000,
    "ebitda": 1163000000,
    "ebitdaratio": 0.2951027658,
    "operatingIncome": 735000000,
    "operatingIncomeRatio": 0.1865008881,
    "totalOtherIncomeExpensesNet": -256000000,
    "incomeBeforeTax": 479000000,
    "incomeBeforeTaxRatio": 0.1215427556,
    "incomeTaxExpense": 172000000,
    "netIncome": 257000000,
    "netIncomeRatio": 0.0652118752,
    "eps": 0.65,
    "epsdiluted": 0.65,
    "weightedAverageShsOut": 395000000,
    "weightedAverageShsOutDil": 395000000,
    "link": "https://www.sec.gov/Archives/edgar/data/4904/000000490403000352/0000004904-03-000352-index.htm",
    "finalLink": "https://www.sec.gov/Archives/edgar/data/4904/000000490403000352/q30310q.txt"
  },
  {
    "date": "2003-06-30",
    "symbol": "AEP",
    "reportedCurrency": "USD",
    "cik": "0000004904",
    "fillingDate": "2003-08-12",
    "acceptedDate": "2003-08-12 15:44:36",
    "calendarYear": "2003",
    "period": "Q2",
    "revenue": 3450000000,
    "costOfRevenue": 1623000000,
    "grossProfit": 1827000000,
    "grossProfitRatio": 0.5295652174,
    "researchAndDevelopmentExpenses": 0,
    "generalAndAdministrativeExpenses": 0,
    "sellingAndMarketingExpenses": 0,
    "sellingGeneralAndAdministrativeExpenses": 0,
    "otherExpenses": 1434000000,
    "operatingExpenses": 1434000000,
    "costAndExpenses": 3057000000,
    "interestIncome": 0,
    "interestExpense": 0,
    "depreciationAndAmortization": 430000000,
    "ebitda": 823000000,
    "ebitdaratio": 0.2385507246,
    "operatingIncome": 393000000,
    "operatingIncomeRatio": 0.1139130435,
    "totalOtherIncomeExpensesNet": -158000000,
    "incomeBeforeTax": 235000000,
    "incomeBeforeTaxRatio": 0.068115942,
    "incomeTaxExpense": 58000000,
    "netIncome": 175000000,
    "netIncomeRatio": 0.0507246377,
    "eps": 0.44,
    "epsdiluted": 0.44,
    "weightedAverageShsOut": 395000000,
    "weightedAverageShsOutDil": 395000000,
    "link": "https://www.sec.gov/Archives/edgar/data/4904/000000490403000286/0000004904-03-000286-index.htm",
    "finalLink": "https://www.sec.gov/Archives/edgar/data/4904/000000490403000286/q20310q.txt"
  },
  {
    "date": "2003-03-31",
    "symbol": "AEP",
    "reportedCurrency": "USD",
    "cik": "0000004904",
    "fillingDate": "2003-05-14",
    "acceptedDate": "2003-05-14 12:16:17",
    "calendarYear": "2003",
    "period": "Q1",
    "revenue": 3785000000,
    "costOfRevenue": 1764000000,
    "grossProfit": 2021000000,
    "grossProfitRatio": 0.5339498018,
    "researchAndDevelopmentExpenses": 0,
    "generalAndAdministrativeExpenses": 0,
    "sellingAndMarketingExpenses": 0,
    "sellingGeneralAndAdministrativeExpenses": 0,
    "otherExpenses": 1391000000,
    "operatingExpenses": 1391000000,
    "costAndExpenses": 3155000000,
    "interestIncome": 0,
    "interestExpense": 0,
    "depreciationAndAmortization": 232000000,
    "ebitda": 939000000,
    "ebitdaratio": 0.2480845443,
    "operatingIncome": 630000000,
    "operatingIncomeRatio": 0.1664464993,
    "totalOtherIncomeExpensesNet": -138000000,
    "incomeBeforeTax": 492000000,
    "incomeBeforeTaxRatio": 0.12998679,
    "incomeTaxExpense": 199000000,
    "netIncome": 198000000,
    "netIncomeRatio": 0.0523117569,
    "eps": 0.56,
    "epsdiluted": 0.56,
    "weightedAverageShsOut": 356000000,
    "weightedAverageShsOutDil": 356000000,
    "link": "https://www.sec.gov/Archives/edgar/data/4904/000000490403000161/0000004904-03-000161-index.htm",
    "finalLink": "https://www.sec.gov/Archives/edgar/data/4904/000000490403000161/x10q1q03.txt"
  },
  {
    "date": "2002-12-31",
    "symbol": "AEP",
    "reportedCurrency": "USD",
    "cik": "0000004904",
    "fillingDate": "2003-05-14",
    "acceptedDate": "2003-05-14 11:49:24",
    "calendarYear": "2002",
    "period": "Q4",
    "revenue": 3737000000,
    "costOfRevenue": 1624000000,
    "grossProfit": 2113000000,
    "grossProfitRatio": 0.565426813,
    "researchAndDevelopmentExpenses": 0,
    "generalAndAdministrativeExpenses": 0,
    "sellingAndMarketingExpenses": 0,
    "sellingGeneralAndAdministrativeExpenses": 0,
    "otherExpenses": 1642000000,
    "operatingExpenses": 1642000000,
    "costAndExpenses": 3266000000,
    "interestIncome": 0,
    "interestExpense": 0,
    "depreciationAndAmortization": 363000000,
    "ebitda": 834000000,
    "ebitdaratio": 0.2231736687,
    "operatingIncome": 471000000,
    "operatingIncomeRatio": 0.126036928,
    "totalOtherIncomeExpensesNet": -1367000000,
    "incomeBeforeTax": -896000000,
    "incomeBeforeTaxRatio": -0.239764517,
    "incomeTaxExpense": -215000000,
    "netIncome": -837000000,
    "netIncomeRatio": -0.2239764517,
    "eps": -2.43,
    "epsdiluted": -2.43,
    "weightedAverageShsOut": 344000000,
    "weightedAverageShsOutDil": 344000000,
    "link": "https://www.sec.gov/Archives/edgar/data/4904/000000490403000149/0000004904-03-000149-index.htm",
    "finalLink": "https://www.sec.gov/Archives/edgar/data/4904/000000490403000149/aep10ka.txt"
  },
  {
    "date": "2002-09-30",
    "symbol": "AEP",
    "reportedCurrency": "USD",
    "cik": "0000004904",
    "fillingDate": "2002-11-14",
    "acceptedDate": "2002-11-13 17:48:38",
    "calendarYear": "2002",
    "period": "Q3",
    "revenue": 3811000000,
    "costOfRevenue": 1597000000,
    "grossProfit": 2214000000,
    "grossProfitRatio": 0.5809498819,
    "researchAndDevelopmentExpenses": 0,
    "generalAndAdministrativeExpenses": 0,
    "sellingAndMarketingExpenses": 0,
    "sellingGeneralAndAdministrativeExpenses": 0,
    "otherExpenses": 1432000000,
    "operatingExpenses": 1432000000,
    "costAndExpenses": 3029000000,
    "interestIncome": 0,
    "interestExpense": 0,
    "depreciationAndAmortization": 427000000,
    "ebitda": 1209000000,
    "ebitdaratio": 0.3172395697,
    "operatingIncome": 782000000,
    "operatingIncomeRatio": 0.2051954867,
    "totalOtherIncomeExpensesNet": -153000000,
    "incomeBeforeTax": 629000000,
    "incomeBeforeTaxRatio": 0.1650485437,
    "incomeTaxExpense": 243000000,
    "netIncome": 425000000,
    "netIncomeRatio": 0.1115192863,
    "eps": 1.25,
    "epsdiluted": 1.25,
    "weightedAverageShsOut": 339000000,
    "weightedAverageShsOutDil": 339000000,
    "link": "https://www.sec.gov/Archives/edgar/data/4904/000000490402000297/0000004904-02-000297-index.htm",
    "finalLink": "https://www.sec.gov/Archives/edgar/data/4904/000000490402000297/xq302mod.txt"
  },
  {
    "date": "2002-06-30",
    "symbol": "AEP",
    "reportedCurrency": "USD",
    "cik": "0000004904",
    "fillingDate": "2002-08-13",
    "acceptedDate": "2002-08-13 16:11:19",
    "calendarYear": "2002",
    "period": "Q2",
    "revenue": 3581000000,
    "costOfRevenue": 1421000000,
    "grossProfit": 2160000000,
    "grossProfitRatio": 0.6031834683,
    "researchAndDevelopmentExpenses": 0,
    "generalAndAdministrativeExpenses": 0,
    "sellingAndMarketingExpenses": 0,
    "sellingGeneralAndAdministrativeExpenses": 0,
    "otherExpenses": 1733000000,
    "operatingExpenses": 1733000000,
    "costAndExpenses": 3154000000,
    "interestIncome": 0,
    "interestExpense": 0,
    "depreciationAndAmortization": 380000000,
    "ebitda": 807000000,
    "ebitdaratio": 0.2253560458,
    "operatingIncome": 427000000,
    "operatingIncomeRatio": 0.1192404356,
    "totalOtherIncomeExpensesNet": -165000000,
    "incomeBeforeTax": 262000000,
    "incomeBeforeTaxRatio": 0.0731639207,
    "incomeTaxExpense": 104000000,
    "netIncome": 62000000,
    "netIncomeRatio": 0.0173135996,
    "eps": 0.19,
    "epsdiluted": 0.19,
    "weightedAverageShsOut": 326000000,
    "weightedAverageShsOutDil": 326000000,
    "link": "https://www.sec.gov/Archives/edgar/data/4904/000000490402000223/0000004904-02-000223-index.htm",
    "finalLink": "https://www.sec.gov/Archives/edgar/data/4904/000000490402000223/xq202mod.txt"
  },
  {
    "date": "2002-03-31",
    "symbol": "AEP",
    "reportedCurrency": "USD",
    "cik": "0000004904",
    "fillingDate": "2002-05-15",
    "acceptedDate": "2002-05-15 15:52:59",
    "calendarYear": "2002",
    "period": "Q1",
    "revenue": 13414000000,
    "costOfRevenue": 11307000000,
    "grossProfit": 2107000000,
    "grossProfitRatio": 0.1570746981,
    "researchAndDevelopmentExpenses": 0,
    "generalAndAdministrativeExpenses": 0,
    "sellingAndMarketingExpenses": 0,
    "sellingGeneralAndAdministrativeExpenses": 0,
    "otherExpenses": 1587000000,
    "operatingExpenses": 1587000000,
    "costAndExpenses": 12894000000,
    "interestIncome": 0,
    "interestExpense": 0,
    "depreciationAndAmortization": 362000000,
    "ebitda": 882000000,
    "ebitdaratio": 0.0657521992,
    "operatingIncome": 520000000,
    "operatingIncomeRatio": 0.0387654689,
    "totalOtherIncomeExpensesNet": -244000000,
    "incomeBeforeTax": 276000000,
    "incomeBeforeTaxRatio": 0.0205755181,
    "incomeTaxExpense": 95000000,
    "netIncome": 181000000,
    "netIncomeRatio": 0.0134933651,
    "eps": 0.56,
    "epsdiluted": 0.56,
    "weightedAverageShsOut": 322618858,
    "weightedAverageShsOutDil": 322618858,
    "link": "https://www.sec.gov/Archives/edgar/data/4904/000000490402000150/0000004904-02-000150-index.htm",
    "finalLink": "https://www.sec.gov/Archives/edgar/data/4904/000000490402000150/xq102mod.txt"
  },
  {
    "date": "2001-12-31",
    "symbol": "AEP",
    "reportedCurrency": "USD",
    "cik": "0000004904",
    "fillingDate": "2002-03-29",
    "acceptedDate": "2002-03-29 00:00:00",
    "calendarYear": "2001",
    "period": "Q4",
    "revenue": 14179000000,
    "costOfRevenue": 12276000000,
    "grossProfit": 1903000000,
    "grossProfitRatio": 0.1342125679,
    "researchAndDevelopmentExpenses": 0,
    "generalAndAdministrativeExpenses": 0,
    "sellingAndMarketingExpenses": 0,
    "sellingGeneralAndAdministrativeExpenses": 0,
    "otherExpenses": 1643000000,
    "operatingExpenses": 1643000000,
    "costAndExpenses": 13919000000,
    "interestIncome": 0,
    "interestExpense": 0,
    "depreciationAndAmortization": 227000000,
    "ebitda": 613000000,
    "ebitdaratio": 0.0432329501,
    "operatingIncome": 260000000,
    "operatingIncomeRatio": 0.0183369772,
    "totalOtherIncomeExpensesNet": -203000000,
    "incomeBeforeTax": 57000000,
    "incomeBeforeTaxRatio": 0.0040200296,
    "incomeTaxExpense": 3000000,
    "netIncome": 52000000,
    "netIncomeRatio": 0.0036673954,
    "eps": 0.16,
    "epsdiluted": 0.16,
    "weightedAverageShsOut": 322309429,
    "weightedAverageShsOutDil": 322309429,
    "link": "https://www.sec.gov/Archives/edgar/data/4904/000000490402000106/0000004904-02-000106-index.htm",
    "finalLink": "https://www.sec.gov/Archives/edgar/data/4904/000000490402000106/module.txt"
  },
  {
    "date": "2001-09-30",
    "symbol": "AEP",
    "reportedCurrency": "USD",
    "cik": "0000004904",
    "fillingDate": "2001-11-14",
    "acceptedDate": "2001-11-14 00:00:00",
    "calendarYear": "2001",
    "period": "Q3",
    "revenue": 18385000000,
    "costOfRevenue": 16008000000,
    "grossProfit": 2377000000,
    "grossProfitRatio": 0.1292901822,
    "researchAndDevelopmentExpenses": 0,
    "generalAndAdministrativeExpenses": 0,
    "sellingAndMarketingExpenses": 0,
    "sellingGeneralAndAdministrativeExpenses": 0,
    "otherExpenses": 1515000000,
    "operatingExpenses": 1515000000,
    "costAndExpenses": 17523000000,
    "interestIncome": 0,
    "interestExpense": 0,
    "depreciationAndAmortization": 415000000,
    "ebitda": 1277000000,
    "ebitdaratio": 0.0694587979,
    "operatingIncome": 862000000,
    "operatingIncomeRatio": 0.0468860484,
    "totalOtherIncomeExpensesNet": -236000000,
    "incomeBeforeTax": 626000000,
    "incomeBeforeTaxRatio": 0.0340494969,
    "incomeTaxExpense": 223000000,
    "netIncome": 421000000,
    "netIncomeRatio": 0.0228991025,
    "eps": 1.31,
    "epsdiluted": 1.31,
    "weightedAverageShsOut": 322000000,
    "weightedAverageShsOutDil": 322000000,
    "link": "https://www.sec.gov/Archives/edgar/data/4904/000000490401500257/0000004904-01-500257-index.htm",
    "finalLink": "https://www.sec.gov/Archives/edgar/data/4904/000000490401500257/xq301.txt"
  },
  {
    "date": "2001-06-30",
    "symbol": "AEP",
    "reportedCurrency": "USD",
    "cik": "0000004904",
    "fillingDate": "2001-08-15",
    "acceptedDate": "2001-08-15 00:00:00",
    "calendarYear": "2001",
    "period": "Q2",
    "revenue": 14528000000,
    "costOfRevenue": 12367000000,
    "grossProfit": 2161000000,
    "grossProfitRatio": 0.1487472467,
    "researchAndDevelopmentExpenses": 0,
    "generalAndAdministrativeExpenses": 0,
    "sellingAndMarketingExpenses": 0,
    "sellingGeneralAndAdministrativeExpenses": 0,
    "otherExpenses": 1489000000,
    "operatingExpenses": 1489000000,
    "costAndExpenses": 13856000000,
    "interestIncome": 0,
    "interestExpense": 0,
    "depreciationAndAmortization": 459000000,
    "ebitda": 1131000000,
    "ebitdaratio": 0.0778496696,
    "operatingIncome": 672000000,
    "operatingIncomeRatio": 0.0462555066,
    "totalOtherIncomeExpensesNet": -219000000,
    "incomeBeforeTax": 453000000,
    "incomeBeforeTaxRatio": 0.0311811674,
    "incomeTaxExpense": 173000000,
    "netIncome": 232000000,
    "netIncomeRatio": 0.015969163,
    "eps": 0.72,
    "epsdiluted": 0.72,
    "weightedAverageShsOut": 322201108,
    "weightedAverageShsOutDil": 322201108,
    "link": "https://www.sec.gov/Archives/edgar/data/4904/000000490401500202/0000004904-01-500202-index.htm",
    "finalLink": "https://www.sec.gov/Archives/edgar/data/4904/000000490401500202/xq201mod.txt"
  },
  {
    "date": "2001-03-31",
    "symbol": "AEP",
    "reportedCurrency": "USD",
    "cik": "0000004904",
    "fillingDate": "2001-05-15",
    "acceptedDate": "2001-05-15 00:00:00",
    "calendarYear": "2001",
    "period": "Q1",
    "revenue": 14235000000,
    "costOfRevenue": 12102000000,
    "grossProfit": 2133000000,
    "grossProfitRatio": 0.1498419389,
    "researchAndDevelopmentExpenses": 0,
    "generalAndAdministrativeExpenses": 0,
    "sellingAndMarketingExpenses": 0,
    "sellingGeneralAndAdministrativeExpenses": 0,
    "otherExpenses": 1462000000,
    "operatingExpenses": 1462000000,
    "costAndExpenses": 13564000000,
    "interestIncome": 0,
    "interestExpense": 0,
    "depreciationAndAmortization": 352000000,
    "ebitda": 1023000000,
    "ebitdaratio": 0.0718651212,
    "operatingIncome": 671000000,
    "operatingIncomeRatio": 0.0471373375,
    "totalOtherIncomeExpensesNet": -235000000,
    "incomeBeforeTax": 436000000,
    "incomeBeforeTaxRatio": 0.030628732,
    "incomeTaxExpense": 170000000,
    "netIncome": 266000000,
    "netIncomeRatio": 0.0186863365,
    "eps": 0.83,
    "epsdiluted": 0.83,
    "weightedAverageShsOut": 322000000,
    "weightedAverageShsOutDil": 322000000,
    "link": "https://www.sec.gov/Archives/edgar/data/4904/000000490401500110/0000004904-01-500110-index.htm",
    "finalLink": "https://www.sec.gov/Archives/edgar/data/4904/000000490401500110/xq101mod.txt"
  },
  {
    "date": "2000-12-31",
    "symbol": "AEP",
    "reportedCurrency": "USD",
    "cik": "0000004904",
    "fillingDate": "2001-03-30",
    "acceptedDate": "2001-03-30 00:00:00",
    "calendarYear": "2000",
    "period": "Q4",
    "revenue": 3560000000,
    "costOfRevenue": 1085000000,
    "grossProfit": 2475000000,
    "grossProfitRatio": 0.6952247191,
    "researchAndDevelopmentExpenses": 0,
    "generalAndAdministrativeExpenses": 0,
    "sellingAndMarketingExpenses": 0,
    "sellingGeneralAndAdministrativeExpenses": 0,
    "otherExpenses": 2087000000,
    "operatingExpenses": 2087000000,
    "costAndExpenses": 3172000000,
    "interestIncome": 0,
    "interestExpense": 0,
    "depreciationAndAmortization": 203000000,
    "ebitda": 646000000,
    "ebitdaratio": 0.1814606742,
    "operatingIncome": 388000000,
    "operatingIncomeRatio": 0.108988764,
    "totalOtherIncomeExpensesNet": -361000000,
    "incomeBeforeTax": 27000000,
    "incomeBeforeTaxRatio": 0.0075842697,
    "incomeTaxExpense": 249000000,
    "netIncome": -222000000,
    "netIncomeRatio": -0.0623595506,
    "eps": -0.69,
    "epsdiluted": -0.69,
    "weightedAverageShsOut": 322000000,
    "weightedAverageShsOutDil": 322000000,
    "link": "https://www.sec.gov/Archives/edgar/data/4904/000000490401000036/0000004904-01-000036-index.htm",
    "finalLink": "https://www.sec.gov/Archives/edgar/data/4904/000000490401000036/0000004904-01-000036-0001.txt"
  },
  {
    "date": "2000-09-30",
    "symbol": "AEP",
    "reportedCurrency": "USD",
    "cik": "0000004904",
    "fillingDate": "2000-11-14",
    "acceptedDate": "2000-11-14 00:00:00",
    "calendarYear": "2000",
    "period": "Q3",
    "revenue": 3921000000,
    "costOfRevenue": 1237000000,
    "grossProfit": 2684000000,
    "grossProfitRatio": 0.6845192553,
    "researchAndDevelopmentExpenses": 0,
    "generalAndAdministrativeExpenses": 0,
    "sellingAndMarketingExpenses": 0,
    "sellingGeneralAndAdministrativeExpenses": 0,
    "otherExpenses": 1804000000,
    "operatingExpenses": 1804000000,
    "costAndExpenses": 3041000000,
    "interestIncome": 0,
    "interestExpense": 0,
    "depreciationAndAmortization": 379000000,
    "ebitda": 1259000000,
    "ebitdaratio": 0.3210915583,
    "operatingIncome": 880000000,
    "operatingIncomeRatio": 0.2244325427,
    "totalOtherIncomeExpensesNet": -258000000,
    "incomeBeforeTax": 622000000,
    "incomeBeforeTaxRatio": 0.1586330018,
    "incomeTaxExpense": 219000000,
    "netIncome": 359000000,
    "netIncomeRatio": 0.091558276,
    "eps": 1.11,
    "epsdiluted": 1.11,
    "weightedAverageShsOut": 322000000,
    "weightedAverageShsOutDil": 322000000,
    "link": "https://www.sec.gov/Archives/edgar/data/4904/000000490400500070/0000004904-00-500070-index.htm",
    "finalLink": "https://www.sec.gov/Archives/edgar/data/4904/000000490400500070/0000004904-00-500070-0001.txt"
  },
  {
    "date": "2000-06-30",
    "symbol": "AEP",
    "reportedCurrency": "USD",
    "cik": "0000004904",
    "fillingDate": "2000-08-14",
    "acceptedDate": "2000-08-14 00:00:00",
    "calendarYear": "2000",
    "period": "Q2",
    "revenue": 8137000000,
    "costOfRevenue": 6318000000,
    "grossProfit": 1819000000,
    "grossProfitRatio": 0.2235467617,
    "researchAndDevelopmentExpenses": 0,
    "generalAndAdministrativeExpenses": 0,
    "sellingAndMarketingExpenses": 0,
    "sellingGeneralAndAdministrativeExpenses": 0,
    "otherExpenses": 1511000000,
    "operatingExpenses": 1511000000,
    "costAndExpenses": 7829000000,
    "interestIncome": 0,
    "interestExpense": 0,
    "depreciationAndAmortization": 570000000,
    "ebitda": 878000000,
    "ebitdaratio": 0.1079021752,
    "operatingIncome": 308000000,
    "operatingIncomeRatio": 0.0378517881,
    "totalOtherIncomeExpensesNet": -274000000,
    "incomeBeforeTax": 34000000,
    "incomeBeforeTaxRatio": 0.0041784441,
    "incomeTaxExpense": 52000000,
    "netIncome": -9000000,
    "netIncomeRatio": -0.0011060587,
    "eps": -0.0464,
    "epsdiluted": -0.0464,
    "weightedAverageShsOut": 194103000,
    "weightedAverageShsOutDil": 194103000,
    "link": "https://www.sec.gov/Archives/edgar/data/4904/000000490400500023/0000004904-00-500023-index.htm",
    "finalLink": "https://www.sec.gov/Archives/edgar/data/4904/000000490400500023/0000004904-00-500023-0001.txt"
  },
  {
    "date": "2000-03-31",
    "symbol": "AEP",
    "reportedCurrency": "USD",
    "cik": "0000004904",
    "fillingDate": "2000-05-15",
    "acceptedDate": "2000-05-15 00:00:00",
    "calendarYear": "2000",
    "period": "Q1",
    "revenue": 1746000000,
    "costOfRevenue": 511000000,
    "grossProfit": 1235000000,
    "grossProfitRatio": 0.7073310424,
    "researchAndDevelopmentExpenses": 0,
    "generalAndAdministrativeExpenses": 0,
    "sellingAndMarketingExpenses": 0,
    "sellingGeneralAndAdministrativeExpenses": 0,
    "otherExpenses": 932000000,
    "operatingExpenses": 932000000,
    "costAndExpenses": 1443000000,
    "interestIncome": 0,
    "interestExpense": 0,
    "depreciationAndAmortization": 195000000,
    "ebitda": 498000000,
    "ebitdaratio": 0.2852233677,
    "operatingIncome": 303000000,
    "operatingIncomeRatio": 0.1735395189,
    "totalOtherIncomeExpensesNet": -136000000,
    "incomeBeforeTax": 167000000,
    "incomeBeforeTaxRatio": 0.0956471936,
    "incomeTaxExpense": 63000000,
    "netIncome": 104000000,
    "netIncomeRatio": 0.0595647194,
    "eps": 0.53,
    "epsdiluted": 0.53,
    "weightedAverageShsOut": 194000000,
    "weightedAverageShsOutDil": 194000000,
    "link": "https://www.sec.gov/Archives/edgar/data/4904/000000490400000081/0000004904-00-000081-index.html",
    "finalLink": "https://www.sec.gov/Archives/edgar/data/4904/000000490400000081/"
  },
  {
    "date": "1999-12-31",
    "symbol": "AEP",
    "reportedCurrency": "USD",
    "cik": "0000004904",
    "fillingDate": "2000-03-24",
    "acceptedDate": "2000-03-24 00:00:00",
    "calendarYear": "1999",
    "period": "Q4",
    "revenue": 1665000000,
    "costOfRevenue": 500000000,
    "grossProfit": 1165000000,
    "grossProfitRatio": 0.6996996997,
    "researchAndDevelopmentExpenses": 0,
    "generalAndAdministrativeExpenses": 0,
    "sellingAndMarketingExpenses": 0,
    "sellingGeneralAndAdministrativeExpenses": 0,
    "otherExpenses": 902000000,
    "operatingExpenses": 902000000,
    "costAndExpenses": 1402000000,
    "interestIncome": 0,
    "interestExpense": 0,
    "depreciationAndAmortization": 0,
    "ebitda": 263000000,
    "ebitdaratio": 0.157957958,
    "operatingIncome": 263000000,
    "operatingIncomeRatio": 0.157957958,
    "totalOtherIncomeExpensesNet": -122000000,
    "incomeBeforeTax": 141000000,
    "incomeBeforeTaxRatio": 0.0846846847,
    "incomeTaxExpense": 34000000,
    "netIncome": 107000000,
    "netIncomeRatio": 0.0642642643,
    "eps": 0.42,
    "epsdiluted": 0.42,
    "weightedAverageShsOut": 257500000,
    "weightedAverageShsOutDil": 257500000,
    "link": "https://www.sec.gov/Archives/edgar/data/4904/000000490400000039/0000004904-00-000039-index.html",
    "finalLink": "https://www.sec.gov/Archives/edgar/data/4904/000000490400000039/"
  },
  {
    "date": "1999-09-30",
    "symbol": "AEP",
    "reportedCurrency": "USD",
    "cik": "0000004904",
    "fillingDate": "1999-11-15",
    "acceptedDate": "1999-11-15 00:00:00",
    "calendarYear": "1999",
    "period": "Q3",
    "revenue": 3532000000,
    "costOfRevenue": 1072000000,
    "grossProfit": 2460000000,
    "grossProfitRatio": 0.6964892412,
    "researchAndDevelopmentExpenses": 0,
    "generalAndAdministrativeExpenses": 0,
    "sellingAndMarketingExpenses": 0,
    "sellingGeneralAndAdministrativeExpenses": 0,
    "otherExpenses": 1654000000,
    "operatingExpenses": 1654000000,
    "costAndExpenses": 2726000000,
    "interestIncome": 0,
    "interestExpense": 0,
    "depreciationAndAmortization": 379000000,
    "ebitda": 1185000000,
    "ebitdaratio": 0.3355039638,
    "operatingIncome": 806000000,
    "operatingIncomeRatio": 0.2281993205,
    "totalOtherIncomeExpensesNet": -237000000,
    "incomeBeforeTax": 569000000,
    "incomeBeforeTaxRatio": 0.1610985277,
    "incomeTaxExpense": 166000000,
    "netIncome": 395000000,
    "netIncomeRatio": 0.1118346546,
    "eps": 2.05,
    "epsdiluted": 2.05,
    "weightedAverageShsOut": 192741935,
    "weightedAverageShsOutDil": 192741935,
    "link": "https://www.sec.gov/Archives/edgar/data/4904/000000490499000223/0000004904-99-000223-index.html",
    "finalLink": "https://www.sec.gov/Archives/edgar/data/4904/000000490499000223/"
  },
  {
    "date": "1999-06-30",
    "symbol": "AEP",
    "reportedCurrency": "USD",
    "cik": "0000004904",
    "fillingDate": "1999-08-16",
    "acceptedDate": "1999-08-16 00:00:00",
    "calendarYear": "1999",
    "period": "Q2",
    "revenue": 2962000000,
    "costOfRevenue": 822000000,
    "grossProfit": 2140000000,
    "grossProfitRatio": 0.7224848076,
    "researchAndDevelopmentExpenses": 0,
    "generalAndAdministrativeExpenses": 0,
    "sellingAndMarketingExpenses": 0,
    "sellingGeneralAndAdministrativeExpenses": 0,
    "otherExpenses": 1592000000,
    "operatingExpenses": 1592000000,
    "costAndExpenses": 2414000000,
    "interestIncome": 0,
    "interestExpense": 0,
    "depreciationAndAmortization": 473000000,
    "ebitda": 1021000000,
    "ebitdaratio": 0.3446995273,
    "operatingIncome": 548000000,
    "operatingIncomeRatio": 0.1850101283,
    "totalOtherIncomeExpensesNet": -237000000,
    "incomeBeforeTax": 311000000,
    "incomeBeforeTaxRatio": 0.1049966239,
    "incomeTaxExpense": 121000000,
    "netIncome": 190000000,
    "netIncomeRatio": 0.0641458474,
    "eps": 0.99,
    "epsdiluted": 0.99,
    "weightedAverageShsOut": 191139241,
    "weightedAverageShsOutDil": 191139241,
    "link": "https://www.sec.gov/Archives/edgar/data/4904/000000490499000188/0000004904-99-000188-index.html",
    "finalLink": "https://www.sec.gov/Archives/edgar/data/4904/000000490499000188/"
  },
  {
    "date": "1999-03-31",
    "symbol": "AEP",
    "reportedCurrency": "USD",
    "cik": "0000004904",
    "fillingDate": "1999-05-17",
    "acceptedDate": "1999-05-17 00:00:00",
    "calendarYear": "1999",
    "period": "Q1",
    "revenue": 1694000000,
    "costOfRevenue": 491000000,
    "grossProfit": 1203000000,
    "grossProfitRatio": 0.7101534829,
    "researchAndDevelopmentExpenses": 0,
    "generalAndAdministrativeExpenses": 0,
    "sellingAndMarketingExpenses": 0,
    "sellingGeneralAndAdministrativeExpenses": 0,
    "otherExpenses": 822000000,
    "operatingExpenses": 822000000,
    "costAndExpenses": 1313000000,
    "interestIncome": 0,
    "interestExpense": 0,
    "depreciationAndAmortization": 172000000,
    "ebitda": 553000000,
    "ebitdaratio": 0.326446281,
    "operatingIncome": 381000000,
    "operatingIncomeRatio": 0.2249114522,
    "totalOtherIncomeExpensesNet": -137000000,
    "incomeBeforeTax": 244000000,
    "incomeBeforeTaxRatio": 0.1440377804,
    "incomeTaxExpense": 93000000,
    "netIncome": 151000000,
    "netIncomeRatio": 0.0891381346,
    "eps": 0.79,
    "epsdiluted": 0.79,
    "weightedAverageShsOut": 192000000,
    "weightedAverageShsOutDil": 192000000,
    "link": "https://www.sec.gov/Archives/edgar/data/4904/000000490499000060/0000004904-99-000060-index.html",
    "finalLink": "https://www.sec.gov/Archives/edgar/data/4904/"
  },
  {
    "date": "1998-12-31",
    "symbol": "AEP",
    "reportedCurrency": "USD",
    "cik": "0000004904",
    "fillingDate": "1999-03-29",
    "acceptedDate": "1999-03-29 00:00:00",
    "calendarYear": "1998",
    "period": "Q4",
    "revenue": -3200700000,
    "costOfRevenue": -4169300000,
    "grossProfit": 968600000,
    "grossProfitRatio": -0.3026213016,
    "researchAndDevelopmentExpenses": 0,
    "generalAndAdministrativeExpenses": 0,
    "sellingAndMarketingExpenses": 0,
    "sellingGeneralAndAdministrativeExpenses": 0,
    "otherExpenses": 770700000,
    "operatingExpenses": 770700000,
    "costAndExpenses": -3398600000,
    "interestIncome": 0,
    "interestExpense": 0,
    "depreciationAndAmortization": 9300000,
    "ebitda": 222300000,
    "ebitdaratio": -0.069453557,
    "operatingIncome": 197900000,
    "operatingIncomeRatio": -0.0618302246,
    "totalOtherIncomeExpensesNet": -89800000,
    "incomeBeforeTax": 108100000,
    "incomeBeforeTaxRatio": -0.033773862,
    "incomeTaxExpense": 35900000,
    "netIncome": 72200000,
    "netIncomeRatio": -0.0225575655,
    "eps": 0.38,
    "epsdiluted": 0.38,
    "weightedAverageShsOut": 191500000,
    "weightedAverageShsOutDil": 191500000,
    "link": "https://www.sec.gov/Archives/edgar/data/4904/000000490499000027/0000004904-99-000027-index.html",
    "finalLink": "https://www.sec.gov/Archives/edgar/data/4904/"
  },
  {
    "date": "1998-09-30",
    "symbol": "AEP",
    "reportedCurrency": "USD",
    "cik": "0000004904",
    "fillingDate": "1998-11-16",
    "acceptedDate": "1998-11-16 00:00:00",
    "calendarYear": "1998",
    "period": "Q3",
    "revenue": 1858000000,
    "costOfRevenue": 652000000,
    "grossProfit": 1206000000,
    "grossProfitRatio": 0.6490850377,
    "researchAndDevelopmentExpenses": 0,
    "generalAndAdministrativeExpenses": 0,
    "sellingAndMarketingExpenses": 0,
    "sellingGeneralAndAdministrativeExpenses": 0,
    "otherExpenses": 793000000,
    "operatingExpenses": 793000000,
    "costAndExpenses": 1445000000,
    "interestIncome": 0,
    "interestExpense": 0,
    "depreciationAndAmortization": 229300000,
    "ebitda": 624000000,
    "ebitdaratio": 0.3358449946,
    "operatingIncome": 413000000,
    "operatingIncomeRatio": 0.2222820237,
    "totalOtherIncomeExpensesNet": -113000000,
    "incomeBeforeTax": 300000000,
    "incomeBeforeTaxRatio": 0.1614639397,
    "incomeTaxExpense": 105000000,
    "netIncome": 195000000,
    "netIncomeRatio": 0.1049515608,
    "eps": 1.02,
    "epsdiluted": 1.02,
    "weightedAverageShsOut": 191176471,
    "weightedAverageShsOutDil": 191176471,
    "link": "https://www.sec.gov/Archives/edgar/data/4904/000000490498000146/0000004904-98-000146-index.html",
    "finalLink": "https://www.sec.gov/Archives/edgar/data/4904/"
  },
  {
    "date": "1998-06-30",
    "symbol": "AEP",
    "reportedCurrency": "USD",
    "cik": "0000004904",
    "fillingDate": "1998-08-14",
    "acceptedDate": "1998-08-14 00:00:00",
    "calendarYear": "1998",
    "period": "Q2",
    "revenue": 1557000000,
    "costOfRevenue": 554000000,
    "grossProfit": 1003000000,
    "grossProfitRatio": 0.6441875401,
    "researchAndDevelopmentExpenses": 0,
    "generalAndAdministrativeExpenses": 0,
    "sellingAndMarketingExpenses": 0,
    "sellingGeneralAndAdministrativeExpenses": 0,
    "otherExpenses": 709000000,
    "operatingExpenses": 709000000,
    "costAndExpenses": 1263000000,
    "interestIncome": 0,
    "interestExpense": 0,
    "depreciationAndAmortization": 233500000,
    "ebitda": 528000000,
    "ebitdaratio": 0.3391136802,
    "operatingIncome": 294000000,
    "operatingIncomeRatio": 0.1888246628,
    "totalOtherIncomeExpensesNet": -96000000,
    "incomeBeforeTax": 198000000,
    "incomeBeforeTaxRatio": 0.1271676301,
    "incomeTaxExpense": 80000000,
    "netIncome": 118000000,
    "netIncomeRatio": 0.0757867694,
    "eps": 0.62,
    "epsdiluted": 0.62,
    "weightedAverageShsOut": 190322581,
    "weightedAverageShsOutDil": 190322581,
    "link": "https://www.sec.gov/Archives/edgar/data/4904/000000490498000100/0000004904-98-000100-index.html",
    "finalLink": "https://www.sec.gov/Archives/edgar/data/4904/"
  },
  {
    "date": "1998-03-31",
    "symbol": "AEP",
    "reportedCurrency": "USD",
    "cik": "0000004904",
    "fillingDate": "1998-05-15",
    "acceptedDate": "1998-05-15 00:00:00",
    "calendarYear": "1998",
    "period": "Q1",
    "revenue": 1521000000,
    "costOfRevenue": 485000000,
    "grossProfit": 1036000000,
    "grossProfitRatio": 0.681130835,
    "researchAndDevelopmentExpenses": 0,
    "generalAndAdministrativeExpenses": 0,
    "sellingAndMarketingExpenses": 0,
    "sellingGeneralAndAdministrativeExpenses": 0,
    "otherExpenses": 692000000,
    "operatingExpenses": 692000000,
    "costAndExpenses": 1177000000,
    "interestIncome": 0,
    "interestExpense": 0,
    "depreciationAndAmortization": 152800000,
    "ebitda": 497000000,
    "ebitdaratio": 0.3267587114,
    "operatingIncome": 344000000,
    "operatingIncomeRatio": 0.2261669954,
    "totalOtherIncomeExpensesNet": -110000000,
    "incomeBeforeTax": 234000000,
    "incomeBeforeTaxRatio": 0.1538461538,
    "incomeTaxExpense": 83000000,
    "netIncome": 151000000,
    "netIncomeRatio": 0.0992767916,
    "eps": 0.79,
    "epsdiluted": 0.79,
    "weightedAverageShsOut": 191139241,
    "weightedAverageShsOutDil": 191139241,
    "link": "https://www.sec.gov/Archives/edgar/data/4904/000000490498000060/0000004904-98-000060-index.html",
    "finalLink": "https://www.sec.gov/Archives/edgar/data/4904/"
  },
  {
    "date": "1997-12-31",
    "symbol": "AEP",
    "reportedCurrency": "USD",
    "cik": "0000004904",
    "fillingDate": "1998-03-27",
    "acceptedDate": "1998-03-27 00:00:00",
    "calendarYear": "1997",
    "period": "Q4",
    "revenue": 1703200000,
    "costOfRevenue": 694000000,
    "grossProfit": 1009200000,
    "grossProfitRatio": 0.592531705,
    "researchAndDevelopmentExpenses": 0,
    "generalAndAdministrativeExpenses": 0,
    "sellingAndMarketingExpenses": 0,
    "sellingGeneralAndAdministrativeExpenses": 0,
    "otherExpenses": 719000000,
    "operatingExpenses": 719000000,
    "costAndExpenses": 1413000000,
    "interestIncome": 0,
    "interestExpense": 0,
    "depreciationAndAmortization": -8600000,
    "ebitda": 298200000,
    "ebitdaratio": 0.1750821982,
    "operatingIncome": 290200000,
    "operatingIncomeRatio": 0.1703851574,
    "totalOtherIncomeExpensesNet": -91200000,
    "incomeBeforeTax": 199000000,
    "incomeBeforeTaxRatio": 0.1168388915,
    "incomeTaxExpense": 74100000,
    "netIncome": 126100000,
    "netIncomeRatio": 0.0740371066,
    "eps": 0.66,
    "epsdiluted": 0.66,
    "weightedAverageShsOut": 190199250,
    "weightedAverageShsOutDil": 190199250,
    "link": "https://www.sec.gov/Archives/edgar/data/4904/000000490498000024/0000004904-98-000024-index.html",
    "finalLink": "https://www.sec.gov/Archives/edgar/data/4904/"
  },
  {
    "date": "1997-09-30",
    "symbol": "AEP",
    "reportedCurrency": "USD",
    "cik": "0000004904",
    "fillingDate": "1997-11-13",
    "acceptedDate": "1997-11-13 00:00:00",
    "calendarYear": "1997",
    "period": "Q3",
    "revenue": 1584000000,
    "costOfRevenue": 522800000,
    "grossProfit": 1061200000,
    "grossProfitRatio": 0.6699494949,
    "researchAndDevelopmentExpenses": 0,
    "generalAndAdministrativeExpenses": 0,
    "sellingAndMarketingExpenses": 0,
    "sellingGeneralAndAdministrativeExpenses": 0,
    "otherExpenses": 694300000,
    "operatingExpenses": 694300000,
    "costAndExpenses": 1217100000,
    "interestIncome": 0,
    "interestExpense": 0,
    "depreciationAndAmortization": 185400000,
    "ebitda": 585100000,
    "ebitdaratio": 0.3693813131,
    "operatingIncome": 366900000,
    "operatingIncomeRatio": 0.2316287879,
    "totalOtherIncomeExpensesNet": -73300000,
    "incomeBeforeTax": 293600000,
    "incomeBeforeTaxRatio": 0.1853535354,
    "incomeTaxExpense": 91800000,
    "netIncome": 91200000,
    "netIncomeRatio": 0.0575757576,
    "eps": 0.48,
    "epsdiluted": 0.48,
    "weightedAverageShsOut": 190000000,
    "weightedAverageShsOutDil": 190000000,
    "link": "https://www.sec.gov/Archives/edgar/data/4904/000000490497000134/0000004904-97-000134-index.html",
    "finalLink": "https://www.sec.gov/Archives/edgar/data/4904/"
  },
  {
    "date": "1997-06-30",
    "symbol": "AEP",
    "reportedCurrency": "USD",
    "cik": "0000004904",
    "fillingDate": "1997-08-14",
    "acceptedDate": "1997-08-14 00:00:00",
    "calendarYear": "1997",
    "period": "Q2",
    "revenue": 1382200000,
    "costOfRevenue": 391900000,
    "grossProfit": 990300000,
    "grossProfitRatio": 0.7164665027,
    "researchAndDevelopmentExpenses": 0,
    "generalAndAdministrativeExpenses": 0,
    "sellingAndMarketingExpenses": 0,
    "sellingGeneralAndAdministrativeExpenses": 0,
    "otherExpenses": 698700000,
    "operatingExpenses": 698700000,
    "costAndExpenses": 1090600000,
    "interestIncome": 0,
    "interestExpense": 0,
    "depreciationAndAmortization": 235300000,
    "ebitda": 532600000,
    "ebitdaratio": 0.3853277384,
    "operatingIncome": 291600000,
    "operatingIncomeRatio": 0.210968022,
    "totalOtherIncomeExpensesNet": -100200000,
    "incomeBeforeTax": 191400000,
    "incomeBeforeTaxRatio": 0.1384748951,
    "incomeTaxExpense": 70300000,
    "netIncome": 121100000,
    "netIncomeRatio": 0.0876139488,
    "eps": 0.64,
    "epsdiluted": 0.64,
    "weightedAverageShsOut": 189218750,
    "weightedAverageShsOutDil": 189218750,
    "link": "https://www.sec.gov/Archives/edgar/data/4904/000000490497000097/0000004904-97-000097-index.html",
    "finalLink": "https://www.sec.gov/Archives/edgar/data/4904/"
  },
  {
    "date": "1997-03-31",
    "symbol": "AEP",
    "reportedCurrency": "USD",
    "cik": "0000004904",
    "fillingDate": "1997-05-15",
    "acceptedDate": "1997-05-15 00:00:00",
    "calendarYear": "1997",
    "period": "Q1",
    "revenue": 1492100000,
    "costOfRevenue": 434700000,
    "grossProfit": 1057400000,
    "grossProfitRatio": 0.708665639,
    "researchAndDevelopmentExpenses": 0,
    "generalAndAdministrativeExpenses": 0,
    "sellingAndMarketingExpenses": 0,
    "sellingGeneralAndAdministrativeExpenses": 0,
    "otherExpenses": 680300000,
    "operatingExpenses": 680300000,
    "costAndExpenses": 1115000000,
    "interestIncome": 0,
    "interestExpense": 0,
    "depreciationAndAmortization": 148500000,
    "ebitda": 530100000,
    "ebitdaratio": 0.3552710944,
    "operatingIncome": 377100000,
    "operatingIncomeRatio": 0.2527310502,
    "totalOtherIncomeExpensesNet": -99300000,
    "incomeBeforeTax": 277800000,
    "incomeBeforeTaxRatio": 0.1861805509,
    "incomeTaxExpense": 105200000,
    "netIncome": 172600000,
    "netIncomeRatio": 0.115675893,
    "eps": 0.92,
    "epsdiluted": 0.92,
    "weightedAverageShsOut": 187608696,
    "weightedAverageShsOutDil": 187608696,
    "link": "https://www.sec.gov/Archives/edgar/data/4904/000000490497000064/0000004904-97-000064-index.html",
    "finalLink": "https://www.sec.gov/Archives/edgar/data/4904/"
  },
  {
    "date": "1996-12-31",
    "symbol": "AEP",
    "reportedCurrency": "USD",
    "cik": "0000004904",
    "fillingDate": "1997-03-26",
    "acceptedDate": "1997-03-26 00:00:00",
    "calendarYear": "1996",
    "period": "Q4",
    "revenue": 1446100000,
    "costOfRevenue": 424400000,
    "grossProfit": 1021700000,
    "grossProfitRatio": 0.7065209875,
    "researchAndDevelopmentExpenses": 0,
    "generalAndAdministrativeExpenses": 0,
    "sellingAndMarketingExpenses": 0,
    "sellingGeneralAndAdministrativeExpenses": 0,
    "otherExpenses": 707700000,
    "operatingExpenses": 707700000,
    "costAndExpenses": 1132100000,
    "interestIncome": 0,
    "interestExpense": 0,
    "depreciationAndAmortization": 35100000,
    "ebitda": 347700000,
    "ebitdaratio": 0.2404398036,
    "operatingIncome": 314000000,
    "operatingIncomeRatio": 0.2171357444,
    "totalOtherIncomeExpensesNet": -103100000,
    "incomeBeforeTax": 210900000,
    "incomeBeforeTaxRatio": 0.1458405366,
    "incomeTaxExpense": 78500000,
    "netIncome": 132400000,
    "netIncomeRatio": 0.0915566005,
    "eps": 0.71,
    "epsdiluted": 0.71,
    "weightedAverageShsOut": 186810894,
    "weightedAverageShsOutDil": 186810894,
    "link": "https://www.sec.gov/Archives/edgar/data/4904/000000490497000038/0000004904-97-000038-index.html",
    "finalLink": "https://www.sec.gov/Archives/edgar/data/4904/"
  },
  {
    "date": "1996-09-30",
    "symbol": "AEP",
    "reportedCurrency": "USD",
    "cik": "0000004904",
    "fillingDate": "1996-11-13",
    "acceptedDate": "1996-11-13 00:00:00",
    "calendarYear": "1996",
    "period": "Q3",
    "revenue": 1484400000,
    "costOfRevenue": 416500000,
    "grossProfit": 1067900000,
    "grossProfitRatio": 0.719415252,
    "researchAndDevelopmentExpenses": 0,
    "generalAndAdministrativeExpenses": 0,
    "sellingAndMarketingExpenses": 0,
    "sellingGeneralAndAdministrativeExpenses": 0,
    "otherExpenses": 708600000,
    "operatingExpenses": 708600000,
    "costAndExpenses": 1125100000,
    "interestIncome": 0,
    "interestExpense": 0,
    "depreciationAndAmortization": 221000000,
    "ebitda": 584000000,
    "ebitdaratio": 0.3934249528,
    "operatingIncome": 359300000,
    "operatingIncomeRatio": 0.2420506602,
    "totalOtherIncomeExpensesNet": -97400000,
    "incomeBeforeTax": 261900000,
    "incomeBeforeTaxRatio": 0.1764349232,
    "incomeTaxExpense": 99600000,
    "netIncome": 162300000,
    "netIncomeRatio": 0.1093371059,
    "eps": 0.87,
    "epsdiluted": 0.87,
    "weightedAverageShsOut": 186551724,
    "weightedAverageShsOutDil": 186551724,
    "link": "https://www.sec.gov/Archives/edgar/data/4904/000000490496000103/0000004904-96-000103-index.html",
    "finalLink": "https://www.sec.gov/Archives/edgar/data/4904/"
  },
  {
    "date": "1996-06-30",
    "symbol": "AEP",
    "reportedCurrency": "USD",
    "cik": "0000004904",
    "fillingDate": "1996-08-14",
    "acceptedDate": "1996-08-14 00:00:00",
    "calendarYear": "1996",
    "period": "Q2",
    "revenue": 1400900000,
    "costOfRevenue": 404900000,
    "grossProfit": 996000000,
    "grossProfitRatio": 0.7109715183,
    "researchAndDevelopmentExpenses": 0,
    "generalAndAdministrativeExpenses": 0,
    "sellingAndMarketingExpenses": 0,
    "sellingGeneralAndAdministrativeExpenses": 0,
    "otherExpenses": 710100000,
    "operatingExpenses": 710100000,
    "costAndExpenses": 1115000000,
    "interestIncome": 0,
    "interestExpense": 0,
    "depreciationAndAmortization": 224600000,
    "ebitda": 511500000,
    "ebitdaratio": 0.3651224213,
    "operatingIncome": 285900000,
    "operatingIncomeRatio": 0.2040830894,
    "totalOtherIncomeExpensesNet": -108000000,
    "incomeBeforeTax": 177900000,
    "incomeBeforeTaxRatio": 0.1269897923,
    "incomeTaxExpense": 65200000,
    "netIncome": 112700000,
    "netIncomeRatio": 0.0804482832,
    "eps": 0.6,
    "epsdiluted": 0.6,
    "weightedAverageShsOut": 187833333,
    "weightedAverageShsOutDil": 187833333,
    "link": "https://www.sec.gov/Archives/edgar/data/4904/000000490496000078/0000004904-96-000078-index.html",
    "finalLink": "https://www.sec.gov/Archives/edgar/data/4904/"
  },
  {
    "date": "1996-03-31",
    "symbol": "AEP",
    "reportedCurrency": "USD",
    "cik": "0000004904",
    "fillingDate": "1996-05-14",
    "acceptedDate": "1996-05-14 00:00:00",
    "calendarYear": "1996",
    "period": "Q1",
    "revenue": 1517800000,
    "costOfRevenue": 441000000,
    "grossProfit": 1076800000,
    "grossProfitRatio": 0.7094478851,
    "researchAndDevelopmentExpenses": 0,
    "generalAndAdministrativeExpenses": 0,
    "sellingAndMarketingExpenses": 0,
    "sellingGeneralAndAdministrativeExpenses": 0,
    "otherExpenses": 685800000,
    "operatingExpenses": 685800000,
    "costAndExpenses": 1126800000,
    "interestIncome": 0,
    "interestExpense": 0,
    "depreciationAndAmortization": 163300000,
    "ebitda": 553200000,
    "ebitdaratio": 0.3644748979,
    "operatingIncome": 391000000,
    "operatingIncomeRatio": 0.2576096982,
    "totalOtherIncomeExpensesNet": -112200000,
    "incomeBeforeTax": 278800000,
    "incomeBeforeTaxRatio": 0.1836869153,
    "incomeTaxExpense": 98800000,
    "netIncome": 180000000,
    "netIncomeRatio": 0.1185927,
    "eps": 0.96,
    "epsdiluted": 0.96,
    "weightedAverageShsOut": 187500000,
    "weightedAverageShsOutDil": 187500000,
    "link": "https://www.sec.gov/Archives/edgar/data/4904/000000490496000050/0000004904-96-000050-index.html",
    "finalLink": "https://www.sec.gov/Archives/edgar/data/4904/"
  },
  {
    "date": "1995-12-31",
    "symbol": "AEP",
    "reportedCurrency": "USD",
    "cik": "0000004904",
    "fillingDate": "1996-03-28",
    "acceptedDate": "1996-03-28 00:00:00",
    "calendarYear": "1995",
    "period": "Q4",
    "revenue": 1425400000,
    "costOfRevenue": 400000000,
    "grossProfit": 1025400000,
    "grossProfitRatio": 0.719377017,
    "researchAndDevelopmentExpenses": 0,
    "generalAndAdministrativeExpenses": 0,
    "sellingAndMarketingExpenses": 0,
    "sellingGeneralAndAdministrativeExpenses": 0,
    "otherExpenses": 730300000,
    "operatingExpenses": 730300000,
    "costAndExpenses": 1130300000,
    "interestIncome": 0,
    "interestExpense": 0,
    "depreciationAndAmortization": 29300000,
    "ebitda": 334000000,
    "ebitdaratio": 0.2343201908,
    "operatingIncome": 295100000,
    "operatingIncomeRatio": 0.2070296057,
    "totalOtherIncomeExpensesNet": -101800000,
    "incomeBeforeTax": 193300000,
    "incomeBeforeTaxRatio": 0.1356110565,
    "incomeTaxExpense": 61900000,
    "netIncome": 131400000,
    "netIncomeRatio": 0.0921846499,
    "eps": 0.7,
    "epsdiluted": 0.7,
    "weightedAverageShsOut": 186673500,
    "weightedAverageShsOutDil": 186673500,
    "link": "https://www.sec.gov/Archives/edgar/data/4904/000000490496000034/0000004904-96-000034-index.html",
    "finalLink": "https://www.sec.gov/Archives/edgar/data/4904/"
  },
  {
    "date": "1995-09-30",
    "symbol": "AEP",
    "reportedCurrency": "USD",
    "cik": "0000004904",
    "fillingDate": "1995-11-13",
    "acceptedDate": "1995-11-13 00:00:00",
    "calendarYear": "1995",
    "period": "Q3",
    "revenue": 1523400000,
    "costOfRevenue": 456500000,
    "grossProfit": 1066900000,
    "grossProfitRatio": 0.7003413417,
    "researchAndDevelopmentExpenses": 0,
    "generalAndAdministrativeExpenses": 0,
    "sellingAndMarketingExpenses": 0,
    "sellingGeneralAndAdministrativeExpenses": 0,
    "otherExpenses": 723500000,
    "operatingExpenses": 723500000,
    "costAndExpenses": 1180000000,
    "interestIncome": 0,
    "interestExpense": 0,
    "depreciationAndAmortization": 192900000,
    "ebitda": 542000000,
    "ebitdaratio": 0.3557831167,
    "operatingIncome": 343400000,
    "operatingIncomeRatio": 0.2254168308,
    "totalOtherIncomeExpensesNet": -108300000,
    "incomeBeforeTax": 235100000,
    "incomeBeforeTaxRatio": 0.1543258501,
    "incomeTaxExpense": 80900000,
    "netIncome": 154200000,
    "netIncomeRatio": 0.1012209531,
    "eps": 0.83,
    "epsdiluted": 0.83,
    "weightedAverageShsOut": 185783133,
    "weightedAverageShsOutDil": 185783133,
    "link": "https://www.sec.gov/Archives/edgar/data/4904/000000490495000122/0000004904-95-000122-index.html",
    "finalLink": "https://www.sec.gov/Archives/edgar/data/4904/"
  }
]