[
  {
    "date": "2024-12-31",
    "symbol": "AEP",
    "reportedCurrency": "USD",
    "cik": "0000004904",
    "fillingDate": "2025-02-13",
    "acceptedDate": "2025-02-13 10:25:44",
    "calendarYear": "2024",
    "period": "FY",
    "revenue": 19916500000,
    "costOfRevenue": 13559500000,
    "grossProfit": 6357000000,
    "grossProfitRatio": 0.3191825873,
    "researchAndDevelopmentExpenses": 0,
    "generalAndAdministrativeExpenses": 0,
    "sellingAndMarketingExpenses": 0,
    "sellingGeneralAndAdministrativeExpenses": 0,
    "otherExpenses": 1596300000,
    "operatingExpenses": 1596300000,
    "costAndExpenses": 15155800000,
    "interestIncome": 0,
    "interestExpense": 1857500000,
    "depreciationAndAmortization": 3392800000,
    "ebitda": 8093200000,
    "ebitdaratio": 0.4063565385,
    "operatingIncome": 4760700000,
    "operatingIncomeRatio": 0.2390329626,
    "totalOtherIncomeExpensesNet": -1824100000,
    "incomeBeforeTax": 2936600000,
    "incomeBeforeTaxRatio": 0.1474455853,
    "incomeTaxExpense": -39200000,
    "netIncome": 2967100000,
    "netIncomeRatio": 0.1489769789,
    "eps": 5.6,
    "epsdiluted": 5.58,
    "weightedAverageShsOut": 530092672,
    "weightedAverageShsOutDil": 531337703,
    "link": "https://www.sec.gov/Archives/edgar/data/4904/000000490425000027/0000004904-25-000027-index.htm",
    "finalLink": "https://www.sec.gov/Archives/edgar/data/4904/000000490425000027/aep-20241231.htm"
  },
  {
    "date": "2023-12-31",
    "symbol": "AEP",
    "reportedCurrency": "USD",
    "cik": "0000004904",
    "fillingDate": "2024-02-26",
    "acceptedDate": "2024-02-26 16:44:18",
    "calendarYear": "2023",
    "period": "FY",
    "revenue": 19381500000,
    "costOfRevenue": 13757000000,
    "grossProfit": 5624500000,
    "grossProfitRatio": 0.290199417,
    "researchAndDevelopmentExpenses": 0,
    "generalAndAdministrativeExpenses": 0,
    "sellingAndMarketingExpenses": 0,
    "sellingGeneralAndAdministrativeExpenses": 0,
    "otherExpenses": 1492300000,
    "operatingExpenses": 1492300000,
    "costAndExpenses": 15249300000,
    "interestIncome": 0,
    "interestExpense": 1809300000,
    "depreciationAndAmortization": 3187000000,
    "ebitda": 7205000000,
    "ebitdaratio": 0.3717462529,
    "operatingIncome": 4132200000,
    "operatingIncomeRatio": 0.2132033124,
    "totalOtherIncomeExpensesNet": -1865000000,
    "incomeBeforeTax": 2267200000,
    "incomeBeforeTaxRatio": 0.1169775301,
    "incomeTaxExpense": 54600000,
    "netIncome": 2208100000,
    "netIncomeRatio": 0.1139282305,
    "eps": 4.26,
    "epsdiluted": 4.24,
    "weightedAverageShsOut": 518903682,
    "weightedAverageShsOutDil": 520206258,
    "link": "https://www.sec.gov/Archives/edgar/data/4904/000000490424000020/0000004904-24-000020-index.htm",
    "finalLink": "https://www.sec.gov/Archives/edgar/data/4904/000000490424000020/aep-20231231.htm"
  },
  {
    "date": "2022-12-31",
    "symbol": "AEP",
    "reportedCurrency": "USD",
    "cik": "0000004904",
    "fillingDate": "2023-02-23",
    "acceptedDate": "2023-02-23 08:24:42",
    "calendarYear": "2022",
    "period": "FY",
    "revenue": 19314600000,
    "costOfRevenue": 14444700000,
    "grossProfit": 4869900000,
    "grossProfitRatio": 0.2521356901,
    "researchAndDevelopmentExpenses": 0,
    "generalAndAdministrativeExpenses": 0,
    "sellingAndMarketingExpenses": 0,
    "sellingGeneralAndAdministrativeExpenses": 0,
    "otherExpenses": 1469800000,
    "operatingExpenses": 1469800000,
    "costAndExpenses": 15914500000,
    "interestIncome": 0,
    "interestExpense": 1392100000,
    "depreciationAndAmortization": 3285700000,
    "ebitda": 7098200000,
    "ebitdaratio": 0.3675043749,
    "operatingIncome": 3400100000,
    "operatingIncomeRatio": 0.176037816,
    "totalOtherIncomeExpensesNet": -1089100000,
    "incomeBeforeTax": 2311000000,
    "incomeBeforeTaxRatio": 0.1196504199,
    "incomeTaxExpense": 5400000,
    "netIncome": 2307200000,
    "netIncomeRatio": 0.1194536775,
    "eps": 4.51,
    "epsdiluted": 4.49,
    "weightedAverageShsOut": 511841946,
    "weightedAverageShsOutDil": 513484609,
    "link": "https://www.sec.gov/Archives/edgar/data/4904/000000490423000011/0000004904-23-000011-index.htm",
    "finalLink": "https://www.sec.gov/Archives/edgar/data/4904/000000490423000011/aep-20221231.htm"
  },
  {
    "date": "2021-12-31",
    "symbol": "AEP",
    "reportedCurrency": "USD",
    "cik": "0000004904",
    "fillingDate": "2022-02-24",
    "acceptedDate": "2022-02-24 07:46:11",
    "calendarYear": "2021",
    "period": "FY",
    "revenue": 16623500000,
    "costOfRevenue": 11953300000,
    "grossProfit": 4670200000,
    "grossProfitRatio": 0.2809396337,
    "researchAndDevelopmentExpenses": 0,
    "generalAndAdministrativeExpenses": 0,
    "sellingAndMarketingExpenses": 0,
    "sellingGeneralAndAdministrativeExpenses": 0,
    "otherExpenses": 1407600000,
    "operatingExpenses": 1407600000,
    "costAndExpenses": 13360900000,
    "interestIncome": 0,
    "interestExpense": 1192600000,
    "depreciationAndAmortization": 3046400000,
    "ebitda": 6750900000,
    "ebitdaratio": 0.4061058141,
    "operatingIncome": 3262600000,
    "operatingIncomeRatio": 0.1962643246,
    "totalOtherIncomeExpensesNet": -659000000,
    "incomeBeforeTax": 2603600000,
    "incomeBeforeTaxRatio": 0.1566216501,
    "incomeTaxExpense": 115500000,
    "netIncome": 2488100000,
    "netIncomeRatio": 0.1496736548,
    "eps": 4.97,
    "epsdiluted": 4.96,
    "weightedAverageShsOut": 500522177,
    "weightedAverageShsOutDil": 501784032,
    "link": "https://www.sec.gov/Archives/edgar/data/4904/000000490422000024/0000004904-22-000024-index.htm",
    "finalLink": "https://www.sec.gov/Archives/edgar/data/4904/000000490422000024/aep-20211231.htm"
  },
  {
    "date": "2020-12-31",
    "symbol": "AEP",
    "reportedCurrency": "USD",
    "cik": "0000004904",
    "fillingDate": "2021-02-25",
    "acceptedDate": "2021-02-25 08:27:36",
    "calendarYear": "2020",
    "period": "FY",
    "revenue": 14908200000,
    "costOfRevenue": 10631800000,
    "grossProfit": 4276400000,
    "grossProfitRatio": 0.2868488483,
    "researchAndDevelopmentExpenses": 0,
    "generalAndAdministrativeExpenses": 0,
    "sellingAndMarketingExpenses": 0,
    "sellingGeneralAndAdministrativeExpenses": 0,
    "otherExpenses": 1295500000,
    "operatingExpenses": 1295500000,
    "costAndExpenses": 11927300000,
    "interestIncome": 0,
    "interestExpense": 1160800000,
    "depreciationAndAmortization": 2906800000,
    "ebitda": 6213700000,
    "ebitdaratio": 0.4167974672,
    "operatingIncome": 2980900000,
    "operatingIncomeRatio": 0.1999503629,
    "totalOtherIncomeExpensesNet": -743700000,
    "incomeBeforeTax": 2237200000,
    "incomeBeforeTaxRatio": 0.1500650649,
    "incomeTaxExpense": 40500000,
    "netIncome": 2200100000,
    "netIncomeRatio": 0.1475765015,
    "eps": 4.44,
    "epsdiluted": 4.42,
    "weightedAverageShsOut": 495718223,
    "weightedAverageShsOutDil": 497226867,
    "link": "https://www.sec.gov/Archives/edgar/data/4904/000000490421000010/0000004904-21-000010-index.htm",
    "finalLink": "https://www.sec.gov/Archives/edgar/data/4904/000000490421000010/aep-20201231.htm"
  },
  {
    "date": "2019-12-31",
    "symbol": "AEP",
    "reportedCurrency": "USD",
    "cik": "0000004904",
    "fillingDate": "2020-02-20",
    "acceptedDate": "2020-02-20 08:52:40",
    "calendarYear": "2019",
    "period": "FY",
    "revenue": 15535600000,
    "costOfRevenue": 11578500000,
    "grossProfit": 3957100000,
    "grossProfitRatio": 0.2547117588,
    "researchAndDevelopmentExpenses": 0,
    "generalAndAdministrativeExpenses": 0,
    "sellingAndMarketingExpenses": 0,
    "sellingGeneralAndAdministrativeExpenses": 0,
    "otherExpenses": 1234500000,
    "operatingExpenses": 1234500000,
    "costAndExpenses": 12813000000,
    "interestIncome": 0,
    "interestExpense": 1071000000,
    "depreciationAndAmortization": 2740100000,
    "ebitda": 5645900000,
    "ebitdaratio": 0.3634169263,
    "operatingIncome": 2722600000,
    "operatingIncomeRatio": 0.1752491053,
    "totalOtherIncomeExpensesNet": -815700000,
    "incomeBeforeTax": 1906900000,
    "incomeBeforeTaxRatio": 0.1227438914,
    "incomeTaxExpense": -12900000,
    "netIncome": 1921100000,
    "netIncomeRatio": 0.1236579212,
    "eps": 3.89,
    "epsdiluted": 3.88,
    "weightedAverageShsOut": 493694345,
    "weightedAverageShsOutDil": 495306238,
    "link": "https://www.sec.gov/Archives/edgar/data/4904/000000490420000007/0000004904-20-000007-index.htm",
    "finalLink": "https://www.sec.gov/Archives/edgar/data/4904/000000490420000007/aep10klegal20194q.htm"
  },
  {
    "date": "2018-12-31",
    "symbol": "AEP",
    "reportedCurrency": "USD",
    "cik": "0000004904",
    "fillingDate": "2019-02-21",
    "acceptedDate": "2019-02-21 16:27:59",
    "calendarYear": "2018",
    "period": "FY",
    "revenue": 16167200000,
    "costOfRevenue": 12311900000,
    "grossProfit": 3855300000,
    "grossProfitRatio": 0.2384642981,
    "researchAndDevelopmentExpenses": 0,
    "generalAndAdministrativeExpenses": 0,
    "sellingAndMarketingExpenses": 0,
    "sellingGeneralAndAdministrativeExpenses": 0,
    "otherExpenses": 1142700000,
    "operatingExpenses": 1142700000,
    "costAndExpenses": 13454600000,
    "interestIncome": 11600000,
    "interestExpense": 983300000,
    "depreciationAndAmortization": 2400400000,
    "ebitda": 5357200000,
    "ebitdaratio": 0.3313622643,
    "operatingIncome": 2712600000,
    "operatingIncomeRatio": 0.1677841556,
    "totalOtherIncomeExpensesNet": -666000000,
    "incomeBeforeTax": 2046600000,
    "incomeBeforeTaxRatio": 0.1265896383,
    "incomeTaxExpense": 115300000,
    "netIncome": 1923800000,
    "netIncomeRatio": 0.1189940126,
    "eps": 3.9,
    "epsdiluted": 3.9,
    "weightedAverageShsOut": 492774600,
    "weightedAverageShsOutDil": 493758277,
    "link": "https://www.sec.gov/Archives/edgar/data/4904/000000490419000009/0000004904-19-000009-index.htm",
    "finalLink": "https://www.sec.gov/Archives/edgar/data/4904/000000490419000009/aep10klegal20184q.htm"
  },
  {
    "date": "2017-12-31",
    "symbol": "AEP",
    "reportedCurrency": "USD",
    "cik": "0000004904",
    "fillingDate": "2018-02-23",
    "acceptedDate": "2018-02-22 17:53:21",
    "calendarYear": "2017",
    "period": "FY",
    "revenue": 15376000000,
    "costOfRevenue": 10986900000,
    "grossProfit": 4389100000,
    "grossProfitRatio": 0.2854513528,
    "researchAndDevelopmentExpenses": 0,
    "generalAndAdministrativeExpenses": 0,
    "sellingAndMarketingExpenses": 0,
    "sellingGeneralAndAdministrativeExpenses": 0,
    "otherExpenses": 1059400000,
    "operatingExpenses": 1059400000,
    "costAndExpenses": 12046300000,
    "interestIncome": 16000000,
    "interestExpense": 893500000,
    "depreciationAndAmortization": 2126300000,
    "ebitda": 5836000000,
    "ebitdaratio": 0.3795525494,
    "operatingIncome": 3329700000,
    "operatingIncomeRatio": 0.216551769,
    "totalOtherIncomeExpensesNet": -431100000,
    "incomeBeforeTax": 2898600000,
    "incomeBeforeTaxRatio": 0.1885145682,
    "incomeTaxExpense": 969700000,
    "netIncome": 1912600000,
    "netIncomeRatio": 0.1243886576,
    "eps": 3.89,
    "epsdiluted": 3.88,
    "weightedAverageShsOut": 491814651,
    "weightedAverageShsOutDil": 492611067,
    "link": "https://www.sec.gov/Archives/edgar/data/4904/000000490418000009/0000004904-18-000009-index.htm",
    "finalLink": "https://www.sec.gov/Archives/edgar/data/4904/000000490418000009/aep10klegal20174q.htm"
  },
  {
    "date": "2016-12-31",
    "symbol": "AEP",
    "reportedCurrency": "USD",
    "cik": "0000004904",
    "fillingDate": "2017-02-28",
    "acceptedDate": "2017-02-27 18:59:56",
    "calendarYear": "2016",
    "period": "FY",
    "revenue": 16316600000,
    "costOfRevenue": 11890400000,
    "grossProfit": 4426200000,
    "grossProfitRatio": 0.2712697498,
    "researchAndDevelopmentExpenses": 0,
    "generalAndAdministrativeExpenses": 0,
    "sellingAndMarketingExpenses": 0,
    "sellingGeneralAndAdministrativeExpenses": 0,
    "otherExpenses": 1018000000,
    "operatingExpenses": 1018000000,
    "costAndExpenses": 12908400000,
    "interestIncome": 16300000,
    "interestExpense": 874800000,
    "depreciationAndAmortization": 2090900000,
    "ebitda": 3441299999,
    "ebitdaratio": 0.2109079097,
    "operatingIncome": 3408200000,
    "operatingIncomeRatio": 0.2088793008,
    "totalOtherIncomeExpensesNet": -2861400000,
    "incomeBeforeTax": 546800000,
    "incomeBeforeTaxRatio": 0.0335118836,
    "incomeTaxExpense": -73700000,
    "netIncome": 610900000,
    "netIncomeRatio": 0.0374403981,
    "eps": 1.24,
    "epsdiluted": 1.24,
    "weightedAverageShsOut": 491495458,
    "weightedAverageShsOutDil": 491662007,
    "link": "https://www.sec.gov/Archives/edgar/data/4904/000000490417000019/0000004904-17-000019-index.htm",
    "finalLink": "https://www.sec.gov/Archives/edgar/data/4904/000000490417000019/aep10klegal20164q.htm"
  },
  {
    "date": "2015-12-31",
    "symbol": "AEP",
    "reportedCurrency": "USD",
    "cik": "0000004904",
    "fillingDate": "2016-02-24",
    "acceptedDate": "2016-02-23 18:04:17",
    "calendarYear": "2015",
    "period": "FY",
    "revenue": 16395900000,
    "costOfRevenue": 12112200000,
    "grossProfit": 4283700000,
    "grossProfitRatio": 0.2612665361,
    "researchAndDevelopmentExpenses": 0,
    "generalAndAdministrativeExpenses": 0,
    "sellingAndMarketingExpenses": 0,
    "sellingGeneralAndAdministrativeExpenses": 0,
    "otherExpenses": 972600000,
    "operatingExpenses": 972600000,
    "costAndExpenses": 13084800000,
    "interestIncome": 7900000,
    "interestExpense": 870900000,
    "depreciationAndAmortization": 2154700000,
    "ebitda": 5648500000,
    "ebitdaratio": 0.3445068584,
    "operatingIncome": 3311100000,
    "operatingIncomeRatio": 0.2019468282,
    "totalOtherIncomeExpensesNet": -622900000,
    "incomeBeforeTax": 2688200000,
    "incomeBeforeTaxRatio": 0.1639556231,
    "incomeTaxExpense": 919600000,
    "netIncome": 2047100000,
    "netIncomeRatio": 0.1248543843,
    "eps": 4.17,
    "epsdiluted": 4.17,
    "weightedAverageShsOut": 490340522,
    "weightedAverageShsOutDil": 490574568,
    "link": "https://www.sec.gov/Archives/edgar/data/4904/000000490416000056/0000004904-16-000056-index.htm",
    "finalLink": "https://www.sec.gov/Archives/edgar/data/4904/000000490416000056/ye15aep10k.htm"
  },
  {
    "date": "2014-12-31",
    "symbol": "AEP",
    "reportedCurrency": "USD",
    "cik": "0000004904",
    "fillingDate": "2015-02-20",
    "acceptedDate": "2015-02-20 17:19:29",
    "calendarYear": "2014",
    "period": "FY",
    "revenue": 16932000000,
    "costOfRevenue": 12883000000,
    "grossProfit": 4049000000,
    "grossProfitRatio": 0.2391330026,
    "researchAndDevelopmentExpenses": 0,
    "generalAndAdministrativeExpenses": 0,
    "sellingAndMarketingExpenses": 0,
    "sellingGeneralAndAdministrativeExpenses": 0,
    "otherExpenses": 915000000,
    "operatingExpenses": 915000000,
    "costAndExpenses": 13798000000,
    "interestIncome": 7400000,
    "interestExpense": 879000000,
    "depreciationAndAmortization": 2073000000,
    "ebitda": 5442000000,
    "ebitdaratio": 0.3214032601,
    "operatingIncome": 3134000000,
    "operatingIncomeRatio": 0.1850933144,
    "totalOtherIncomeExpensesNet": -554000000,
    "incomeBeforeTax": 2580000000,
    "incomeBeforeTaxRatio": 0.1523742027,
    "incomeTaxExpense": 902600000,
    "netIncome": 1633800000,
    "netIncomeRatio": 0.0964918498,
    "eps": 3.34,
    "epsdiluted": 3.34,
    "weightedAverageShsOut": 488592997,
    "weightedAverageShsOutDil": 488899840,
    "link": "https://www.sec.gov/Archives/edgar/data/4904/000000490415000008/0000004904-15-000008-index.htm",
    "finalLink": "https://www.sec.gov/Archives/edgar/data/4904/000000490415000008/ye14aep10k.htm"
  },
  {
    "date": "2013-12-31",
    "symbol": "AEP",
    "reportedCurrency": "USD",
    "cik": "0000004904",
    "fillingDate": "2014-02-25",
    "acceptedDate": "2014-02-25 14:26:50",
    "calendarYear": "2013",
    "period": "FY",
    "revenue": 15293000000,
    "costOfRevenue": 11377000000,
    "grossProfit": 3916000000,
    "grossProfitRatio": 0.2560648663,
    "researchAndDevelopmentExpenses": 0,
    "generalAndAdministrativeExpenses": 0,
    "sellingAndMarketingExpenses": 0,
    "sellingGeneralAndAdministrativeExpenses": 0,
    "otherExpenses": 891000000,
    "operatingExpenses": 891000000,
    "costAndExpenses": 12268000000,
    "interestIncome": 57900000,
    "interestExpense": 899000000,
    "depreciationAndAmortization": 1874000000,
    "ebitda": 4883000000,
    "ebitdaratio": 0.3192964101,
    "operatingIncome": 3025000000,
    "operatingIncomeRatio": 0.1978029164,
    "totalOtherIncomeExpensesNet": -857000000,
    "incomeBeforeTax": 2168000000,
    "incomeBeforeTaxRatio": 0.1417642058,
    "incomeTaxExpense": 677700000,
    "netIncome": 1480500000,
    "netIncomeRatio": 0.0968089976,
    "eps": 3.04,
    "epsdiluted": 3.04,
    "weightedAverageShsOut": 486619555,
    "weightedAverageShsOutDil": 487040956,
    "link": "https://www.sec.gov/Archives/edgar/data/4904/000000490414000019/0000004904-14-000019-index.htm",
    "finalLink": "https://www.sec.gov/Archives/edgar/data/4904/000000490414000019/ye13aep10k.htm"
  },
  {
    "date": "2012-12-31",
    "symbol": "AEP",
    "reportedCurrency": "USD",
    "cik": "0000004904",
    "fillingDate": "2013-02-26",
    "acceptedDate": "2013-02-26 14:40:37",
    "calendarYear": "2012",
    "period": "FY",
    "revenue": 14885000000,
    "costOfRevenue": 11079000000,
    "grossProfit": 3806000000,
    "grossProfitRatio": 0.2556936513,
    "researchAndDevelopmentExpenses": 0,
    "generalAndAdministrativeExpenses": 0,
    "sellingAndMarketingExpenses": 0,
    "sellingGeneralAndAdministrativeExpenses": 0,
    "otherExpenses": 850000000,
    "operatingExpenses": 850000000,
    "costAndExpenses": 11929000000,
    "interestIncome": 8000000,
    "interestExpense": 984000000,
    "depreciationAndAmortization": 1918000000,
    "ebitda": 4724000000,
    "ebitdaratio": 0.3173664763,
    "operatingIncome": 2956000000,
    "operatingIncomeRatio": 0.1985891837,
    "totalOtherIncomeExpensesNet": -1090000000,
    "incomeBeforeTax": 1866000000,
    "incomeBeforeTaxRatio": 0.1253611018,
    "incomeTaxExpense": 604000000,
    "netIncome": 1259000000,
    "netIncomeRatio": 0.0845817938,
    "eps": 2.6,
    "epsdiluted": 2.6,
    "weightedAverageShsOut": 484682469,
    "weightedAverageShsOutDil": 485084694,
    "link": "https://www.sec.gov/Archives/edgar/data/4904/000000490413000025/0000004904-13-000025-index.htm",
    "finalLink": "https://www.sec.gov/Archives/edgar/data/4904/000000490413000025/ye12aep10k.htm"
  },
  {
    "date": "2011-12-31",
    "symbol": "AEP",
    "reportedCurrency": "USD",
    "cik": "0000004904",
    "fillingDate": "2012-02-28",
    "acceptedDate": "2012-02-28 11:42:07",
    "calendarYear": "2011",
    "period": "FY",
    "revenue": 15050000000,
    "costOfRevenue": 11426000000,
    "grossProfit": 3624000000,
    "grossProfitRatio": 0.2407973422,
    "researchAndDevelopmentExpenses": 0,
    "generalAndAdministrativeExpenses": 0,
    "sellingAndMarketingExpenses": 0,
    "sellingGeneralAndAdministrativeExpenses": 0,
    "otherExpenses": 824000000,
    "operatingExpenses": 824000000,
    "costAndExpenses": 12250000000,
    "interestIncome": 27000000,
    "interestExpense": 926000000,
    "depreciationAndAmortization": 1792000000,
    "ebitda": 5085000000,
    "ebitdaratio": 0.3378737542,
    "operatingIncome": 2800000000,
    "operatingIncomeRatio": 0.1860465116,
    "totalOtherIncomeExpensesNet": -406000000,
    "incomeBeforeTax": 2394000000,
    "incomeBeforeTaxRatio": 0.1590697674,
    "incomeTaxExpense": 818000000,
    "netIncome": 1946000000,
    "netIncomeRatio": 0.1293023256,
    "eps": 4.02,
    "epsdiluted": 4.02,
    "weightedAverageShsOut": 482169282,
    "weightedAverageShsOutDil": 482460328,
    "link": "https://www.sec.gov/Archives/edgar/data/4904/000000490412000013/0000004904-12-000013-index.htm",
    "finalLink": "https://www.sec.gov/Archives/edgar/data/4904/000000490412000013/ye11aep10k.htm"
  },
  {
    "date": "2010-12-31",
    "symbol": "AEP",
    "reportedCurrency": "USD",
    "cik": "0000004904",
    "fillingDate": "2011-02-25",
    "acceptedDate": "2011-02-25 13:48:40",
    "calendarYear": "2010",
    "period": "FY",
    "revenue": 14333000000,
    "costOfRevenue": 10940000000,
    "grossProfit": 3393000000,
    "grossProfitRatio": 0.2367264355,
    "researchAndDevelopmentExpenses": 0,
    "generalAndAdministrativeExpenses": 0,
    "sellingAndMarketingExpenses": 0,
    "sellingGeneralAndAdministrativeExpenses": 0,
    "otherExpenses": 820000000,
    "operatingExpenses": 820000000,
    "costAndExpenses": 11760000000,
    "interestIncome": 38000000,
    "interestExpense": 995000000,
    "depreciationAndAmortization": 1780000000,
    "ebitda": 4624000000,
    "ebitdaratio": 0.3226121538,
    "operatingIncome": 2573000000,
    "operatingIncomeRatio": 0.1795158027,
    "totalOtherIncomeExpensesNet": -712000000,
    "incomeBeforeTax": 1861000000,
    "incomeBeforeTaxRatio": 0.1298402288,
    "incomeTaxExpense": 643000000,
    "netIncome": 1214000000,
    "netIncomeRatio": 0.0846996442,
    "eps": 2.53,
    "epsdiluted": 2.53,
    "weightedAverageShsOut": 479373306,
    "weightedAverageShsOutDil": 479601442,
    "link": "https://www.sec.gov/Archives/edgar/data/4904/000000490411000023/0000004904-11-000023-index.htm",
    "finalLink": "https://www.sec.gov/Archives/edgar/data/4904/000000490411000023/ye10aep10k.htm"
  },
  {
    "date": "2009-12-31",
    "symbol": "AEP",
    "reportedCurrency": "USD",
    "cik": "0000004904",
    "fillingDate": "2010-02-26",
    "acceptedDate": "2010-02-26 15:29:54",
    "calendarYear": "2009",
    "period": "FY",
    "revenue": 13326000000,
    "costOfRevenue": 9924000000,
    "grossProfit": 3402000000,
    "grossProfitRatio": 0.2552904097,
    "researchAndDevelopmentExpenses": 0,
    "generalAndAdministrativeExpenses": 0,
    "sellingAndMarketingExpenses": 0,
    "sellingGeneralAndAdministrativeExpenses": 0,
    "otherExpenses": 765000000,
    "operatingExpenses": 765000000,
    "costAndExpenses": 10689000000,
    "interestIncome": 11000000,
    "interestExpense": 968000000,
    "depreciationAndAmortization": 1660000000,
    "ebitda": 4566000000,
    "ebitdaratio": 0.3426384511,
    "operatingIncome": 2637000000,
    "operatingIncomeRatio": 0.1978838361,
    "totalOtherIncomeExpensesNet": -692000000,
    "incomeBeforeTax": 1945000000,
    "incomeBeforeTaxRatio": 0.1459552754,
    "incomeTaxExpense": 575000000,
    "netIncome": 1360000000,
    "netIncomeRatio": 0.1020561309,
    "eps": 2.96,
    "epsdiluted": 2.96,
    "weightedAverageShsOut": 458677534,
    "weightedAverageShsOutDil": 458982292,
    "link": "https://www.sec.gov/Archives/edgar/data/4904/000000490410000018/0000004904-10-000018-index.htm",
    "finalLink": "https://www.sec.gov/Archives/edgar/data/4904/000000490410000018/ye09aep10k.htm"
  },
  {
    "date": "2008-12-31",
    "symbol": "AEP",
    "reportedCurrency": "USD",
    "cik": "0000004904",
    "fillingDate": "2009-02-27",
    "acceptedDate": "2009-02-27 17:13:37",
    "calendarYear": "2008",
    "period": "FY",
    "revenue": 14428000000,
    "costOfRevenue": 11163000000,
    "grossProfit": 3265000000,
    "grossProfitRatio": 0.2262960909,
    "researchAndDevelopmentExpenses": 0,
    "generalAndAdministrativeExpenses": 0,
    "sellingAndMarketingExpenses": 0,
    "sellingGeneralAndAdministrativeExpenses": 0,
    "otherExpenses": 761000000,
    "operatingExpenses": 761000000,
    "costAndExpenses": 11924000000,
    "interestIncome": 57000000,
    "interestExpense": 958000000,
    "depreciationAndAmortization": 1571000000,
    "ebitda": 4543000000,
    "ebitdaratio": 0.3148738564,
    "operatingIncome": 2504000000,
    "operatingIncomeRatio": 0.1735514278,
    "totalOtherIncomeExpensesNet": -487000000,
    "incomeBeforeTax": 2017000000,
    "incomeBeforeTaxRatio": 0.1397976157,
    "incomeTaxExpense": 642000000,
    "netIncome": 1383000000,
    "netIncomeRatio": 0.0958552814,
    "eps": 3.43,
    "epsdiluted": 3.42,
    "weightedAverageShsOut": 402083847,
    "weightedAverageShsOutDil": 403640708,
    "link": "https://www.sec.gov/Archives/edgar/data/4904/000000490409000040/0000004904-09-000040-index.htm",
    "finalLink": "https://www.sec.gov/Archives/edgar/data/4904/000000490409000040/ye08aep10k.htm"
  },
  {
    "date": "2007-12-31",
    "symbol": "AEP",
    "reportedCurrency": "USD",
    "cik": "0000004904",
    "fillingDate": "2008-02-28",
    "acceptedDate": "2008-02-28 14:36:24",
    "calendarYear": "2007",
    "period": "FY",
    "revenue": 13380000000,
    "costOfRevenue": 10347000000,
    "grossProfit": 3033000000,
    "grossProfitRatio": 0.2266816143,
    "researchAndDevelopmentExpenses": 0,
    "generalAndAdministrativeExpenses": 0,
    "sellingAndMarketingExpenses": 0,
    "sellingGeneralAndAdministrativeExpenses": 0,
    "otherExpenses": 755000000,
    "operatingExpenses": 755000000,
    "costAndExpenses": 11102000000,
    "interestIncome": 0,
    "interestExpense": 841000000,
    "depreciationAndAmortization": 1578000000,
    "ebitda": 4079000000,
    "ebitdaratio": 0.304857997,
    "operatingIncome": 2278000000,
    "operatingIncomeRatio": 0.1702541106,
    "totalOtherIncomeExpensesNet": -612000000,
    "incomeBeforeTax": 1666000000,
    "incomeBeforeTaxRatio": 0.1245142003,
    "incomeTaxExpense": 516000000,
    "netIncome": 1089000000,
    "netIncomeRatio": 0.0813901345,
    "eps": 2.73,
    "epsdiluted": 2.72,
    "weightedAverageShsOut": 398784745,
    "weightedAverageShsOutDil": 400198799,
    "link": "https://www.sec.gov/Archives/edgar/data/4904/000000490408000022/0000004904-08-000022-index.htm",
    "finalLink": "https://www.sec.gov/Archives/edgar/data/4904/000000490408000022/ye07aep10k.htm"
  },
  {
    "date": "2006-12-31",
    "symbol": "AEP",
    "reportedCurrency": "USD",
    "cik": "0000004904",
    "fillingDate": "2007-02-28",
    "acceptedDate": "2007-02-28 16:00:13",
    "calendarYear": "2006",
    "period": "FY",
    "revenue": 12622000000,
    "costOfRevenue": 9779000000,
    "grossProfit": 2843000000,
    "grossProfitRatio": 0.2252416416,
    "researchAndDevelopmentExpenses": 0,
    "generalAndAdministrativeExpenses": 0,
    "sellingAndMarketingExpenses": 0,
    "sellingGeneralAndAdministrativeExpenses": 0,
    "otherExpenses": 737000000,
    "operatingExpenses": 737000000,
    "costAndExpenses": 10516000000,
    "interestIncome": 0,
    "interestExpense": 732000000,
    "depreciationAndAmortization": 1580000000,
    "ebitda": 3792000000,
    "ebitdaratio": 0.3004278244,
    "operatingIncome": 2106000000,
    "operatingIncomeRatio": 0.1668515291,
    "totalOtherIncomeExpensesNet": -623000000,
    "incomeBeforeTax": 1483000000,
    "incomeBeforeTaxRatio": 0.1174932657,
    "incomeTaxExpense": 485000000,
    "netIncome": 1002000000,
    "netIncomeRatio": 0.0793852004,
    "eps": 2.54,
    "epsdiluted": 2.53,
    "weightedAverageShsOut": 394219523,
    "weightedAverageShsOutDil": 396483464,
    "link": "https://www.sec.gov/Archives/edgar/data/4904/000000490407000041/0000004904-07-000041-index.htm",
    "finalLink": "https://www.sec.gov/Archives/edgar/data/4904/000000490407000041/ye06aep10k.htm"
  },
  {
    "date": "2005-12-31",
    "symbol": "AEP",
    "reportedCurrency": "USD",
    "cik": "0000004904",
    "fillingDate": "2006-03-01",
    "acceptedDate": "2006-02-28 18:52:47",
    "calendarYear": "2005",
    "period": "FY",
    "revenue": 12111000000,
    "costOfRevenue": 9502000000,
    "grossProfit": 2609000000,
    "grossProfitRatio": 0.2154239947,
    "researchAndDevelopmentExpenses": 0,
    "generalAndAdministrativeExpenses": 0,
    "sellingAndMarketingExpenses": 0,
    "sellingGeneralAndAdministrativeExpenses": 0,
    "otherExpenses": 763000000,
    "operatingExpenses": 763000000,
    "costAndExpenses": 10265000000,
    "interestIncome": 0,
    "interestExpense": 697000000,
    "depreciationAndAmortization": 1381000000,
    "ebitda": 3538000000,
    "ebitdaratio": 0.2921311205,
    "operatingIncome": 1846000000,
    "operatingIncomeRatio": 0.1524234167,
    "totalOtherIncomeExpensesNet": -376000000,
    "incomeBeforeTax": 1470000000,
    "incomeBeforeTaxRatio": 0.1213772603,
    "incomeTaxExpense": 430000000,
    "netIncome": 814000000,
    "netIncomeRatio": 0.0672116258,
    "eps": 2.09,
    "epsdiluted": 2.08,
    "weightedAverageShsOut": 389969636,
    "weightedAverageShsOutDil": 391423842,
    "link": "https://www.sec.gov/Archives/edgar/data/4904/000000490406000034/0000004904-06-000034-index.htm",
    "finalLink": "https://www.sec.gov/Archives/edgar/data/4904/000000490406000034/ye05aep10k.htm"
  },
  {
    "date": "2004-12-31",
    "symbol": "AEP",
    "reportedCurrency": "USD",
    "cik": "0000004904",
    "fillingDate": "2005-03-01",
    "acceptedDate": "2005-03-01 19:16:45",
    "calendarYear": "2004",
    "period": "FY",
    "revenue": 14245000000,
    "costOfRevenue": 7836000000,
    "grossProfit": 6409000000,
    "grossProfitRatio": 0.4499122499,
    "researchAndDevelopmentExpenses": 0,
    "generalAndAdministrativeExpenses": 0,
    "sellingAndMarketingExpenses": 0,
    "sellingGeneralAndAdministrativeExpenses": 0,
    "otherExpenses": 4430000000,
    "operatingExpenses": 4430000000,
    "costAndExpenses": 12266000000,
    "interestIncome": 0,
    "interestExpense": 781000000,
    "depreciationAndAmortization": 1300000000,
    "ebitda": 4061000000,
    "ebitdaratio": 0.2850824851,
    "operatingIncome": 1979000000,
    "operatingIncomeRatio": 0.1389259389,
    "totalOtherIncomeExpensesNet": -301000000,
    "incomeBeforeTax": 1678000000,
    "incomeBeforeTaxRatio": 0.1177957178,
    "incomeTaxExpense": 572000000,
    "netIncome": 1089000000,
    "netIncomeRatio": 0.0764478764,
    "eps": 2.75,
    "epsdiluted": 2.75,
    "weightedAverageShsOut": 396000000,
    "weightedAverageShsOutDil": 396000000,
    "link": "https://www.sec.gov/Archives/edgar/data/4904/000101540205001007/0001015402-05-001007-index.htm",
    "finalLink": "https://www.sec.gov/Archives/edgar/data/4904/000101540205001007/aep10k04.htm"
  },
  {
    "date": "2003-12-31",
    "symbol": "AEP",
    "reportedCurrency": "USD",
    "cik": "0000004904",
    "fillingDate": "2004-03-11",
    "acceptedDate": "2004-03-11 15:47:52",
    "calendarYear": "2003",
    "period": "FY",
    "revenue": 14833000000,
    "costOfRevenue": 6704000000,
    "grossProfit": 8129000000,
    "grossProfitRatio": 0.5480347873,
    "researchAndDevelopmentExpenses": 0,
    "generalAndAdministrativeExpenses": 0,
    "sellingAndMarketingExpenses": 0,
    "sellingGeneralAndAdministrativeExpenses": 0,
    "otherExpenses": 6434000000,
    "operatingExpenses": 6434000000,
    "costAndExpenses": 13138000000,
    "interestIncome": 0,
    "interestExpense": 0,
    "depreciationAndAmortization": 1345000000,
    "ebitda": 3040000000,
    "ebitdaratio": 0.2049484258,
    "operatingIncome": 1695000000,
    "operatingIncomeRatio": 0.1142722308,
    "totalOtherIncomeExpensesNet": -815000000,
    "incomeBeforeTax": 880000000,
    "incomeBeforeTaxRatio": 0.0593271759,
    "incomeTaxExpense": 358000000,
    "netIncome": 110000000,
    "netIncomeRatio": 0.007415897,
    "eps": 0.29,
    "epsdiluted": 0.29,
    "weightedAverageShsOut": 379310345,
    "weightedAverageShsOutDil": 379310345,
    "link": "https://www.sec.gov/Archives/edgar/data/4904/000000490404000055/0000004904-04-000055-index.htm",
    "finalLink": "https://www.sec.gov/Archives/edgar/data/4904/000000490404000055/form10k.txt"
  },
  {
    "date": "2002-12-31",
    "symbol": "AEP",
    "reportedCurrency": "USD",
    "cik": "0000004904",
    "fillingDate": "2003-05-14",
    "acceptedDate": "2003-05-14 11:49:24",
    "calendarYear": "2002",
    "period": "FY",
    "revenue": 13427000000,
    "costOfRevenue": 5058000000,
    "grossProfit": 8369000000,
    "grossProfitRatio": 0.6232963432,
    "researchAndDevelopmentExpenses": 0,
    "generalAndAdministrativeExpenses": 0,
    "sellingAndMarketingExpenses": 0,
    "sellingGeneralAndAdministrativeExpenses": 0,
    "otherExpenses": 6446000000,
    "operatingExpenses": 6446000000,
    "costAndExpenses": 11504000000,
    "interestIncome": 0,
    "interestExpense": 0,
    "depreciationAndAmortization": 1399000000,
    "ebitda": 3322000000,
    "ebitdaratio": 0.2474119312,
    "operatingIncome": 1923000000,
    "operatingIncomeRatio": 0.1432188873,
    "totalOtherIncomeExpensesNet": -1123000000,
    "incomeBeforeTax": 800000000,
    "incomeBeforeTaxRatio": 0.0595814404,
    "incomeTaxExpense": 315000000,
    "netIncome": -519000000,
    "netIncomeRatio": -0.0386534594,
    "eps": -1.56,
    "epsdiluted": -1.56,
    "weightedAverageShsOut": 332000000,
    "weightedAverageShsOutDil": 332000000,
    "link": "https://www.sec.gov/Archives/edgar/data/4904/000000490403000149/0000004904-03-000149-index.htm",
    "finalLink": "https://www.sec.gov/Archives/edgar/data/4904/000000490403000149/aep10ka.txt"
  },
  {
    "date": "2001-12-31",
    "symbol": "AEP",
    "reportedCurrency": "USD",
    "cik": "0000004904",
    "fillingDate": "2002-03-29",
    "acceptedDate": "2002-03-29 00:00:00",
    "calendarYear": "2001",
    "period": "FY",
    "revenue": 12753000000,
    "costOfRevenue": 4964000000,
    "grossProfit": 7789000000,
    "grossProfitRatio": 0.610758253,
    "researchAndDevelopmentExpenses": 0,
    "generalAndAdministrativeExpenses": 0,
    "sellingAndMarketingExpenses": 0,
    "sellingGeneralAndAdministrativeExpenses": 0,
    "otherExpenses": 5566000000,
    "operatingExpenses": 5566000000,
    "costAndExpenses": 10530000000,
    "interestIncome": 0,
    "interestExpense": 0,
    "depreciationAndAmortization": 1453000000,
    "ebitda": 3676000000,
    "ebitdaratio": 0.2882459029,
    "operatingIncome": 2223000000,
    "operatingIncomeRatio": 0.1743119266,
    "totalOtherIncomeExpensesNet": -710000000,
    "incomeBeforeTax": 1513000000,
    "incomeBeforeTaxRatio": 0.1186387517,
    "incomeTaxExpense": 553000000,
    "netIncome": 971000000,
    "netIncomeRatio": 0.0761389477,
    "eps": 3.01,
    "epsdiluted": 3.01,
    "weightedAverageShsOut": 322000000,
    "weightedAverageShsOutDil": 322000000,
    "link": "https://www.sec.gov/Archives/edgar/data/4904/000000490402000106/0000004904-02-000106-index.htm",
    "finalLink": "https://www.sec.gov/Archives/edgar/data/4904/000000490402000106/module.txt"
  },
  {
    "date": "2000-12-31",
    "symbol": "AEP",
    "reportedCurrency": "USD",
    "cik": "0000004904",
    "fillingDate": "2001-03-30",
    "acceptedDate": "2001-03-30 00:00:00",
    "calendarYear": "2000",
    "period": "FY",
    "revenue": 36706000000,
    "costOfRevenue": 28718000000,
    "grossProfit": 7988000000,
    "grossProfitRatio": 0.2176210974,
    "researchAndDevelopmentExpenses": 0,
    "generalAndAdministrativeExpenses": 0,
    "sellingAndMarketingExpenses": 0,
    "sellingGeneralAndAdministrativeExpenses": 0,
    "otherExpenses": 5984000000,
    "operatingExpenses": 5984000000,
    "costAndExpenses": 34702000000,
    "interestIncome": 0,
    "interestExpense": 0,
    "depreciationAndAmortization": 1347000000,
    "ebitda": 3351000000,
    "ebitdaratio": 0.0912929766,
    "operatingIncome": 2004000000,
    "operatingIncomeRatio": 0.0545959789,
    "totalOtherIncomeExpensesNet": -1105000000,
    "incomeBeforeTax": 899000000,
    "incomeBeforeTaxRatio": 0.0244919087,
    "incomeTaxExpense": 597000000,
    "netIncome": 267000000,
    "netIncomeRatio": 0.0072740151,
    "eps": 0.83,
    "epsdiluted": 0.83,
    "weightedAverageShsOut": 322000000,
    "weightedAverageShsOutDil": 322000000,
    "link": "https://www.sec.gov/Archives/edgar/data/4904/000000490401000036/0000004904-01-000036-index.htm",
    "finalLink": "https://www.sec.gov/Archives/edgar/data/4904/000000490401000036/0000004904-01-000036-0001.txt"
  },
  {
    "date": "1999-12-31",
    "symbol": "AEP",
    "reportedCurrency": "USD",
    "cik": "0000004904",
    "fillingDate": "2000-03-24",
    "acceptedDate": "2000-03-24 00:00:00",
    "calendarYear": "1999",
    "period": "FY",
    "revenue": 24745000000,
    "costOfRevenue": 17244000000,
    "grossProfit": 7501000000,
    "grossProfitRatio": 0.3031319458,
    "researchAndDevelopmentExpenses": 0,
    "generalAndAdministrativeExpenses": 0,
    "sellingAndMarketingExpenses": 0,
    "sellingGeneralAndAdministrativeExpenses": 0,
    "otherExpenses": 5197000000,
    "operatingExpenses": 5197000000,
    "costAndExpenses": 22441000000,
    "interestIncome": 0,
    "interestExpense": 0,
    "depreciationAndAmortization": 1143000000,
    "ebitda": 3516000000,
    "ebitdaratio": 0.142089311,
    "operatingIncome": 2304000000,
    "operatingIncomeRatio": 0.0931097191,
    "totalOtherIncomeExpensesNet": -836000000,
    "incomeBeforeTax": 1468000000,
    "incomeBeforeTaxRatio": 0.0593251162,
    "incomeTaxExpense": 482000000,
    "netIncome": 972000000,
    "netIncomeRatio": 0.0392806628,
    "eps": 3.03,
    "epsdiluted": 3.03,
    "weightedAverageShsOut": 321000000,
    "weightedAverageShsOutDil": 321000000,
    "link": "https://www.sec.gov/Archives/edgar/data/4904/000000490400000039/0000004904-00-000039-index.html",
    "finalLink": "https://www.sec.gov/Archives/edgar/data/4904/000000490400000039/"
  },
  {
    "date": "1998-12-31",
    "symbol": "AEP",
    "reportedCurrency": "USD",
    "cik": "0000004904",
    "fillingDate": "1999-03-29",
    "acceptedDate": "1999-03-29 00:00:00",
    "calendarYear": "1998",
    "period": "FY",
    "revenue": 11840000000,
    "costOfRevenue": 3455000000,
    "grossProfit": 8385000000,
    "grossProfitRatio": 0.7081925676,
    "researchAndDevelopmentExpenses": 0,
    "generalAndAdministrativeExpenses": 0,
    "sellingAndMarketingExpenses": 0,
    "sellingGeneralAndAdministrativeExpenses": 0,
    "otherExpenses": 6105000000,
    "operatingExpenses": 6105000000,
    "costAndExpenses": 9560000000,
    "interestIncome": 0,
    "interestExpense": 0,
    "depreciationAndAmortization": 634000000,
    "ebitda": 3269000000,
    "ebitdaratio": 0.276097973,
    "operatingIncome": 2280000000,
    "operatingIncomeRatio": 0.1925675676,
    "totalOtherIncomeExpensesNet": -803000000,
    "incomeBeforeTax": 1477000000,
    "incomeBeforeTaxRatio": 0.1247466216,
    "incomeTaxExpense": 502000000,
    "netIncome": 975000000,
    "netIncomeRatio": 0.082347973,
    "eps": 5.1,
    "epsdiluted": 5.1,
    "weightedAverageShsOut": 191000000,
    "weightedAverageShsOutDil": 191000000,
    "link": "https://www.sec.gov/Archives/edgar/data/4904/000000490499000027/0000004904-99-000027-index.html",
    "finalLink": "https://www.sec.gov/Archives/edgar/data/4904/"
  },
  {
    "date": "1997-12-31",
    "symbol": "AEP",
    "reportedCurrency": "USD",
    "cik": "0000004904",
    "fillingDate": "1998-03-27",
    "acceptedDate": "1998-03-27 00:00:00",
    "calendarYear": "1997",
    "period": "FY",
    "revenue": 5879800000,
    "costOfRevenue": 1761800000,
    "grossProfit": 4118000000,
    "grossProfitRatio": 0.700363958,
    "researchAndDevelopmentExpenses": 0,
    "generalAndAdministrativeExpenses": 0,
    "sellingAndMarketingExpenses": 0,
    "sellingGeneralAndAdministrativeExpenses": 0,
    "otherExpenses": 2792400000,
    "operatingExpenses": 2792400000,
    "costAndExpenses": 4554200000,
    "interestIncome": 0,
    "interestExpense": 0,
    "depreciationAndAmortization": 0,
    "ebitda": 1945800000,
    "ebitdaratio": 0.3309296235,
    "operatingIncome": 1325600000,
    "operatingIncomeRatio": 0.2254498452,
    "totalOtherIncomeExpensesNet": -363900000,
    "incomeBeforeTax": 961700000,
    "incomeBeforeTaxRatio": 0.163559985,
    "incomeTaxExpense": 341300000,
    "netIncome": 511000000,
    "netIncomeRatio": 0.0869077179,
    "eps": 2.7,
    "epsdiluted": 2.7,
    "weightedAverageShsOut": 189259259,
    "weightedAverageShsOutDil": 189259259,
    "link": "https://www.sec.gov/Archives/edgar/data/4904/000000490498000024/0000004904-98-000024-index.html",
    "finalLink": "https://www.sec.gov/Archives/edgar/data/4904/"
  },
  {
    "date": "1996-12-31",
    "symbol": "AEP",
    "reportedCurrency": "USD",
    "cik": "0000004904",
    "fillingDate": "1997-03-26",
    "acceptedDate": "1997-03-26 00:00:00",
    "calendarYear": "1996",
    "period": "FY",
    "revenue": 5849200000,
    "costOfRevenue": 1686800000,
    "grossProfit": 4162400000,
    "grossProfitRatio": 0.7116186829,
    "researchAndDevelopmentExpenses": 0,
    "generalAndAdministrativeExpenses": 0,
    "sellingAndMarketingExpenses": 0,
    "sellingGeneralAndAdministrativeExpenses": 0,
    "otherExpenses": 2812300000,
    "operatingExpenses": 2812300000,
    "costAndExpenses": 4499100000,
    "interestIncome": 0,
    "interestExpense": 0,
    "depreciationAndAmortization": 0,
    "ebitda": 1996300000,
    "ebitdaratio": 0.341294536,
    "operatingIncome": 1350100000,
    "operatingIncomeRatio": 0.2308178896,
    "totalOtherIncomeExpensesNet": -420500000,
    "incomeBeforeTax": 929600000,
    "incomeBeforeTaxRatio": 0.1589277166,
    "incomeTaxExpense": 342200000,
    "netIncome": 587400000,
    "netIncomeRatio": 0.1004239896,
    "eps": 3.14,
    "epsdiluted": 3.14,
    "weightedAverageShsOut": 187070064,
    "weightedAverageShsOutDil": 187070064,
    "link": "https://www.sec.gov/Archives/edgar/data/4904/000000490497000038/0000004904-97-000038-index.html",
    "finalLink": "https://www.sec.gov/Archives/edgar/data/4904/"
  },
  {
    "date": "1995-12-31",
    "symbol": "AEP",
    "reportedCurrency": "USD",
    "cik": "0000004904",
    "fillingDate": "1996-03-28",
    "acceptedDate": "1996-03-28 00:00:00",
    "calendarYear": "1995",
    "period": "FY",
    "revenue": 5670300000,
    "costOfRevenue": 1625500000,
    "grossProfit": 4044800000,
    "grossProfitRatio": 0.7133308643,
    "researchAndDevelopmentExpenses": 0,
    "generalAndAdministrativeExpenses": 0,
    "sellingAndMarketingExpenses": 0,
    "sellingGeneralAndAdministrativeExpenses": 0,
    "otherExpenses": 2808200000,
    "operatingExpenses": 2808200000,
    "costAndExpenses": 4433700000,
    "interestIncome": 0,
    "interestExpense": 0,
    "depreciationAndAmortization": 0,
    "ebitda": 1868100000,
    "ebitdaratio": 0.3294534681,
    "operatingIncome": 1236600000,
    "operatingIncomeRatio": 0.2180836993,
    "totalOtherIncomeExpensesNet": -434700000,
    "incomeBeforeTax": 801900000,
    "incomeBeforeTaxRatio": 0.1414210888,
    "incomeTaxExpense": 272000000,
    "netIncome": 529900000,
    "netIncomeRatio": 0.0934518456,
    "eps": 2.85,
    "epsdiluted": 2.85,
    "weightedAverageShsOut": 185847000,
    "weightedAverageShsOutDil": 185847000,
    "link": "https://www.sec.gov/Archives/edgar/data/4904/000000490496000034/0000004904-96-000034-index.html",
    "finalLink": "https://www.sec.gov/Archives/edgar/data/4904/"
  },
  {
    "date": "1994-12-31",
    "symbol": "AEP",
    "reportedCurrency": "USD",
    "cik": "0000004904",
    "fillingDate": "1995-03-29",
    "acceptedDate": "1995-03-29 00:00:00",
    "calendarYear": "1994",
    "period": "FY",
    "revenue": 5504700000,
    "costOfRevenue": 1745200000,
    "grossProfit": 3759500000,
    "grossProfitRatio": 0.6829618326,
    "researchAndDevelopmentExpenses": 0,
    "generalAndAdministrativeExpenses": 0,
    "sellingAndMarketingExpenses": 0,
    "sellingGeneralAndAdministrativeExpenses": 0,
    "otherExpenses": 2610000000,
    "operatingExpenses": 2610000000,
    "costAndExpenses": 4355200000,
    "interestIncome": 0,
    "interestExpense": 0,
    "depreciationAndAmortization": 0,
    "ebitda": 1710700000,
    "ebitdaratio": 0.3107707959,
    "operatingIncome": 1149500000,
    "operatingIncomeRatio": 0.2088215525,
    "totalOtherIncomeExpensesNet": -432300000,
    "incomeBeforeTax": 717200000,
    "incomeBeforeTaxRatio": 0.1302886624,
    "incomeTaxExpense": 217200000,
    "netIncome": 500000000,
    "netIncomeRatio": 0.0908314713,
    "eps": 2.71,
    "epsdiluted": 2.71,
    "weightedAverageShsOut": 184501845,
    "weightedAverageShsOutDil": 184501845,
    "link": "https://www.sec.gov/Archives/edgar/data/4904/000000490495000037/0000004904-95-000037-index.html",
    "finalLink": "https://www.sec.gov/Archives/edgar/data/4904/"
  },
  {
    "date": "1993-12-31",
    "symbol": "AEP",
    "reportedCurrency": "USD",
    "cik": "0000004904",
    "fillingDate": "1993-12-31",
    "acceptedDate": "1993-12-30 19:00:00",
    "calendarYear": "1993",
    "period": "FY",
    "revenue": 5268800000,
    "costOfRevenue": 0,
    "grossProfit": 5268800000,
    "grossProfitRatio": 1,
    "researchAndDevelopmentExpenses": 0,
    "generalAndAdministrativeExpenses": 0,
    "sellingAndMarketingExpenses": 0,
    "sellingGeneralAndAdministrativeExpenses": 0,
    "otherExpenses": 0,
    "operatingExpenses": 0,
    "costAndExpenses": 0,
    "interestIncome": 0,
    "interestExpense": 0,
    "depreciationAndAmortization": 0,
    "ebitda": 5268800000,
    "ebitdaratio": 1,
    "operatingIncome": 5268800000,
    "operatingIncomeRatio": 1,
    "totalOtherIncomeExpensesNet": -5268800000,
    "incomeBeforeTax": 0,
    "incomeBeforeTaxRatio": 0,
    "incomeTaxExpense": 0,
    "netIncome": 353800000,
    "netIncomeRatio": 0.0671500152,
    "eps": 1.92,
    "epsdiluted": 1.92,
    "weightedAverageShsOut": 184270833,
    "weightedAverageShsOutDil": 184270833,
    "link": "",
    "finalLink": ""
  },
  {
    "date": "1992-12-31",
    "symbol": "AEP",
    "reportedCurrency": "USD",
    "cik": "0000004904",
    "fillingDate": "1992-12-31",
    "acceptedDate": "1992-12-30 19:00:00",
    "calendarYear": "1992",
    "period": "FY",
    "revenue": 5044800000,
    "costOfRevenue": 0,
    "grossProfit": 5044800000,
    "grossProfitRatio": 1,
    "researchAndDevelopmentExpenses": 0,
    "generalAndAdministrativeExpenses": 0,
    "sellingAndMarketingExpenses": 0,
    "sellingGeneralAndAdministrativeExpenses": 0,
    "otherExpenses": 0,
    "operatingExpenses": 0,
    "costAndExpenses": 0,
    "interestIncome": 0,
    "interestExpense": 0,
    "depreciationAndAmortization": 0,
    "ebitda": 5044800000,
    "ebitdaratio": 1,
    "operatingIncome": 5044800000,
    "operatingIncomeRatio": 1,
    "totalOtherIncomeExpensesNet": -5044800000,
    "incomeBeforeTax": 0,
    "incomeBeforeTaxRatio": 0,
    "incomeTaxExpense": 0,
    "netIncome": 468300000,
    "netIncomeRatio": 0.0928282588,
    "eps": 2.54,
    "epsdiluted": 2.54,
    "weightedAverageShsOut": 184370079,
    "weightedAverageShsOutDil": 184370079,
    "link": "",
    "finalLink": ""
  },
  {
    "date": "1991-12-31",
    "symbol": "AEP",
    "reportedCurrency": "USD",
    "cik": "0000004904",
    "fillingDate": "1991-12-31",
    "acceptedDate": "1991-12-30 19:00:00",
    "calendarYear": "1991",
    "period": "FY",
    "revenue": 5046600000,
    "costOfRevenue": 0,
    "grossProfit": 5046600000,
    "grossProfitRatio": 1,
    "researchAndDevelopmentExpenses": 0,
    "generalAndAdministrativeExpenses": 0,
    "sellingAndMarketingExpenses": 0,
    "sellingGeneralAndAdministrativeExpenses": 0,
    "otherExpenses": 0,
    "operatingExpenses": 0,
    "costAndExpenses": 0,
    "interestIncome": 0,
    "interestExpense": 0,
    "depreciationAndAmortization": 0,
    "ebitda": 5046600000,
    "ebitdaratio": 1,
    "operatingIncome": 5046600000,
    "operatingIncomeRatio": 1,
    "totalOtherIncomeExpensesNet": -5046600000,
    "incomeBeforeTax": 0,
    "incomeBeforeTaxRatio": 0,
    "incomeTaxExpense": 0,
    "netIncome": 497900000,
    "netIncomeRatio": 0.0986604843,
    "eps": 2.7,
    "epsdiluted": 2.7,
    "weightedAverageShsOut": 184407407,
    "weightedAverageShsOutDil": 184407407,
    "link": "",
    "finalLink": ""
  },
  {
    "date": "1990-12-31",
    "symbol": "AEP",
    "reportedCurrency": "USD",
    "cik": "0000004904",
    "fillingDate": "1990-12-31",
    "acceptedDate": "1990-12-30 19:00:00",
    "calendarYear": "1990",
    "period": "FY",
    "revenue": 5167500000,
    "costOfRevenue": 0,
    "grossProfit": 5167500000,
    "grossProfitRatio": 1,
    "researchAndDevelopmentExpenses": 0,
    "generalAndAdministrativeExpenses": 0,
    "sellingAndMarketingExpenses": 0,
    "sellingGeneralAndAdministrativeExpenses": 0,
    "otherExpenses": 0,
    "operatingExpenses": 0,
    "costAndExpenses": 0,
    "interestIncome": 0,
    "interestExpense": 0,
    "depreciationAndAmortization": 0,
    "ebitda": 5167500000,
    "ebitdaratio": 1,
    "operatingIncome": 5167500000,
    "operatingIncomeRatio": 1,
    "totalOtherIncomeExpensesNet": -5167500000,
    "incomeBeforeTax": 0,
    "incomeBeforeTaxRatio": 0,
    "incomeTaxExpense": 0,
    "netIncome": 496400000,
    "netIncomeRatio": 0.0960619255,
    "eps": 2.65,
    "epsdiluted": 2.65,
    "weightedAverageShsOut": 187320755,
    "weightedAverageShsOutDil": 187320755,
    "link": "",
    "finalLink": ""
  },
  {
    "date": "1989-12-31",
    "symbol": "AEP",
    "reportedCurrency": "USD",
    "cik": "0000004904",
    "fillingDate": "1989-12-31",
    "acceptedDate": "1989-12-30 19:00:00",
    "calendarYear": "1989",
    "period": "FY",
    "revenue": 5140400000,
    "costOfRevenue": 0,
    "grossProfit": 5140400000,
    "grossProfitRatio": 1,
    "researchAndDevelopmentExpenses": 0,
    "generalAndAdministrativeExpenses": 0,
    "sellingAndMarketingExpenses": 0,
    "sellingGeneralAndAdministrativeExpenses": 0,
    "otherExpenses": 0,
    "operatingExpenses": 0,
    "costAndExpenses": 0,
    "interestIncome": 0,
    "interestExpense": 0,
    "depreciationAndAmortization": 0,
    "ebitda": 5140400000,
    "ebitdaratio": 1,
    "operatingIncome": 5140400000,
    "operatingIncomeRatio": 1,
    "totalOtherIncomeExpensesNet": -5140400000,
    "incomeBeforeTax": 0,
    "incomeBeforeTaxRatio": 0,
    "incomeTaxExpense": 0,
    "netIncome": 628900000,
    "netIncomeRatio": 0.1223445646,
    "eps": 3.25,
    "epsdiluted": 3.25,
    "weightedAverageShsOut": 193507692,
    "weightedAverageShsOutDil": 193507692,
    "link": "",
    "finalLink": ""
  },
  {
    "date": "1988-12-31",
    "symbol": "AEP",
    "reportedCurrency": "USD",
    "cik": "0000004904",
    "fillingDate": "1988-12-31",
    "acceptedDate": "1988-12-30 19:00:00",
    "calendarYear": "1988",
    "period": "FY",
    "revenue": 4840800000,
    "costOfRevenue": 0,
    "grossProfit": 4840800000,
    "grossProfitRatio": 1,
    "researchAndDevelopmentExpenses": 0,
    "generalAndAdministrativeExpenses": 0,
    "sellingAndMarketingExpenses": 0,
    "sellingGeneralAndAdministrativeExpenses": 0,
    "otherExpenses": 0,
    "operatingExpenses": 0,
    "costAndExpenses": 0,
    "interestIncome": 0,
    "interestExpense": 0,
    "depreciationAndAmortization": 0,
    "ebitda": 4840800000,
    "ebitdaratio": 1,
    "operatingIncome": 4840800000,
    "operatingIncomeRatio": 1,
    "totalOtherIncomeExpensesNet": -4840800000,
    "incomeBeforeTax": 0,
    "incomeBeforeTaxRatio": 0,
    "incomeTaxExpense": 0,
    "netIncome": 626800000,
    "netIncomeRatio": 0.1294827301,
    "eps": 3.24,
    "epsdiluted": 3.24,
    "weightedAverageShsOut": 193456790,
    "weightedAverageShsOutDil": 193456790,
    "link": "",
    "finalLink": ""
  },
  {
    "date": "1987-12-31",
    "symbol": "AEP",
    "reportedCurrency": "USD",
    "cik": "0000004904",
    "fillingDate": "1987-12-31",
    "acceptedDate": "1987-12-30 19:00:00",
    "calendarYear": "1987",
    "period": "FY",
    "revenue": 4787600000,
    "costOfRevenue": 0,
    "grossProfit": 4787600000,
    "grossProfitRatio": 1,
    "researchAndDevelopmentExpenses": 0,
    "generalAndAdministrativeExpenses": 0,
    "sellingAndMarketingExpenses": 0,
    "sellingGeneralAndAdministrativeExpenses": 0,
    "otherExpenses": 0,
    "operatingExpenses": 0,
    "costAndExpenses": 0,
    "interestIncome": 0,
    "interestExpense": 0,
    "depreciationAndAmortization": 0,
    "ebitda": 4787600000,
    "ebitdaratio": 1,
    "operatingIncome": 4787600000,
    "operatingIncomeRatio": 1,
    "totalOtherIncomeExpensesNet": -4787600000,
    "incomeBeforeTax": 0,
    "incomeBeforeTaxRatio": 0,
    "incomeTaxExpense": 0,
    "netIncome": 502500000,
    "netIncomeRatio": 0.1049586432,
    "eps": 2.6,
    "epsdiluted": 2.6,
    "weightedAverageShsOut": 193269231,
    "weightedAverageShsOutDil": 193269231,
    "link": "",
    "finalLink": ""
  },
  {
    "date": "1986-12-31",
    "symbol": "AEP",
    "reportedCurrency": "USD",
    "cik": "0000004904",
    "fillingDate": "1986-12-31",
    "acceptedDate": "1986-12-30 19:00:00",
    "calendarYear": "1986",
    "period": "FY",
    "revenue": 4842800000,
    "costOfRevenue": 0,
    "grossProfit": 4842800000,
    "grossProfitRatio": 1,
    "researchAndDevelopmentExpenses": 0,
    "generalAndAdministrativeExpenses": 0,
    "sellingAndMarketingExpenses": 0,
    "sellingGeneralAndAdministrativeExpenses": 0,
    "otherExpenses": 0,
    "operatingExpenses": 0,
    "costAndExpenses": 0,
    "interestIncome": 0,
    "interestExpense": 0,
    "depreciationAndAmortization": 0,
    "ebitda": 4842800000,
    "ebitdaratio": 1,
    "operatingIncome": 4842800000,
    "operatingIncomeRatio": 1,
    "totalOtherIncomeExpensesNet": -4842800000,
    "incomeBeforeTax": 0,
    "incomeBeforeTaxRatio": 0,
    "incomeTaxExpense": 0,
    "netIncome": 507200000,
    "netIncomeRatio": 0.1047327992,
    "eps": 2.62,
    "epsdiluted": 2.62,
    "weightedAverageShsOut": 193587786,
    "weightedAverageShsOutDil": 193587786,
    "link": "",
    "finalLink": ""
  },
  {
    "date": "1985-12-31",
    "symbol": "AEP",
    "reportedCurrency": "USD",
    "cik": "0000004904",
    "fillingDate": "1985-12-31",
    "acceptedDate": "1985-12-30 19:00:00",
    "calendarYear": "1985",
    "period": "FY",
    "revenue": 4848000000,
    "costOfRevenue": 0,
    "grossProfit": 4848000000,
    "grossProfitRatio": 1,
    "researchAndDevelopmentExpenses": 0,
    "generalAndAdministrativeExpenses": 0,
    "sellingAndMarketingExpenses": 0,
    "sellingGeneralAndAdministrativeExpenses": 0,
    "otherExpenses": 0,
    "operatingExpenses": 0,
    "costAndExpenses": 0,
    "interestIncome": 0,
    "interestExpense": 0,
    "depreciationAndAmortization": 0,
    "ebitda": 4848000000,
    "ebitdaratio": 1,
    "operatingIncome": 4848000000,
    "operatingIncomeRatio": 1,
    "totalOtherIncomeExpensesNet": -4848000000,
    "incomeBeforeTax": 0,
    "incomeBeforeTaxRatio": 0,
    "incomeTaxExpense": 0,
    "netIncome": 485000000,
    "netIncomeRatio": 0.1000412541,
    "eps": 2.54,
    "epsdiluted": 2.54,
    "weightedAverageShsOut": 190944882,
    "weightedAverageShsOutDil": 190944882,
    "link": "",
    "finalLink": ""
  }
]