[
  {
    "date": "2025-06-30",
    "symbol": "AES",
    "reportedCurrency": "USD",
    "cik": "0000874761",
    "fillingDate": "2025-08-01",
    "acceptedDate": "2025-08-01 16:16:03",
    "calendarYear": "2025",
    "period": "Q2",
    "revenue": 2855000000,
    "costOfRevenue": 2402000000,
    "grossProfit": 454000000,
    "grossProfitRatio": 0.1590192644,
    "researchAndDevelopmentExpenses": 0,
    "generalAndAdministrativeExpenses": 49000000,
    "sellingAndMarketingExpenses": 0,
    "sellingGeneralAndAdministrativeExpenses": 49000000,
    "otherExpenses": 0,
    "operatingExpenses": 49000000,
    "costAndExpenses": 2450000000,
    "interestIncome": 70000000,
    "interestExpense": 346000000,
    "depreciationAndAmortization": 354000000,
    "ebitda": 739000000,
    "ebitdaratio": 0.2588441331,
    "operatingIncome": 405000000,
    "operatingIncomeRatio": 0.1418563923,
    "totalOtherIncomeExpensesNet": -388000000,
    "incomeBeforeTax": 17000000,
    "incomeBeforeTaxRatio": 0.0059544658,
    "incomeTaxExpense": 167000000,
    "netIncome": -105000000,
    "netIncomeRatio": -0.0367775832,
    "eps": -0.15,
    "epsdiluted": -0.15,
    "weightedAverageShsOut": 711000000,
    "weightedAverageShsOutDil": 712000000,
    "link": "https://www.sec.gov/Archives/edgar/data/874761/000087476125000075/0000874761-25-000075-index.htm",
    "finalLink": "https://www.sec.gov/Archives/edgar/data/874761/000087476125000075/aes-20250630.htm"
  },
  {
    "date": "2025-03-31",
    "symbol": "AES",
    "reportedCurrency": "USD",
    "cik": "0000874761",
    "fillingDate": "2025-05-01",
    "acceptedDate": "2025-05-01 16:23:08",
    "calendarYear": "2025",
    "period": "Q1",
    "revenue": 2926000000,
    "costOfRevenue": 2485000000,
    "grossProfit": 440000000,
    "grossProfitRatio": 0.1503759398,
    "researchAndDevelopmentExpenses": 0,
    "generalAndAdministrativeExpenses": 77000000,
    "sellingAndMarketingExpenses": 0,
    "sellingGeneralAndAdministrativeExpenses": 77000000,
    "otherExpenses": 0,
    "operatingExpenses": 77000000,
    "costAndExpenses": 2563000000,
    "interestIncome": 69000000,
    "interestExpense": 326000000,
    "depreciationAndAmortization": 337000000,
    "ebitda": 641000000,
    "ebitdaratio": 0.2190704033,
    "operatingIncome": 363000000,
    "operatingIncomeRatio": 0.1240601504,
    "totalOtherIncomeExpensesNet": -419000000,
    "incomeBeforeTax": -56000000,
    "incomeBeforeTaxRatio": -0.019138756,
    "incomeTaxExpense": 17000000,
    "netIncome": 46000000,
    "netIncomeRatio": 0.015721121,
    "eps": 0.07,
    "epsdiluted": 0.07,
    "weightedAverageShsOut": 711000000,
    "weightedAverageShsOutDil": 713000000,
    "link": "https://www.sec.gov/Archives/edgar/data/874761/000087476125000035/0000874761-25-000035-index.htm",
    "finalLink": "https://www.sec.gov/Archives/edgar/data/874761/000087476125000035/aes-20250331.htm"
  },
  {
    "date": "2024-12-31",
    "symbol": "AES",
    "reportedCurrency": "USD",
    "cik": "0000874761",
    "fillingDate": "2025-03-11",
    "acceptedDate": "2025-03-10 19:49:14",
    "calendarYear": "2024",
    "period": "Q4",
    "revenue": 2962000000,
    "costOfRevenue": 2542000000,
    "grossProfit": 420000000,
    "grossProfitRatio": 0.1417960837,
    "researchAndDevelopmentExpenses": 0,
    "generalAndAdministrativeExpenses": 90000000,
    "sellingAndMarketingExpenses": 0,
    "sellingGeneralAndAdministrativeExpenses": 90000000,
    "otherExpenses": 0,
    "operatingExpenses": 90000000,
    "costAndExpenses": 2632000000,
    "interestIncome": 69000000,
    "interestExpense": 360000000,
    "depreciationAndAmortization": 338000000,
    "ebitda": 959000000,
    "ebitdaratio": 0.3237677245,
    "operatingIncome": 330000000,
    "operatingIncomeRatio": 0.1114112086,
    "totalOtherIncomeExpensesNet": -74000000,
    "incomeBeforeTax": 256000000,
    "incomeBeforeTaxRatio": 0.0864280891,
    "incomeTaxExpense": 7000000,
    "netIncome": 560000000,
    "netIncomeRatio": 0.189061445,
    "eps": 0.79,
    "epsdiluted": 0.79,
    "weightedAverageShsOut": 708860759,
    "weightedAverageShsOutDil": 713000000,
    "link": "https://www.sec.gov/Archives/edgar/data/874761/000087476125000013/0000874761-25-000013-index.htm",
    "finalLink": "https://www.sec.gov/Archives/edgar/data/874761/000087476125000013/aes-20241231.htm"
  },
  {
    "date": "2024-09-30",
    "symbol": "AES",
    "reportedCurrency": "USD",
    "cik": "0000874761",
    "fillingDate": "2024-10-31",
    "acceptedDate": "2024-10-31 16:30:38",
    "calendarYear": "2024",
    "period": "Q3",
    "revenue": 3289000000,
    "costOfRevenue": 2568000000,
    "grossProfit": 721000000,
    "grossProfitRatio": 0.219215567,
    "researchAndDevelopmentExpenses": 0,
    "generalAndAdministrativeExpenses": 57000000,
    "sellingAndMarketingExpenses": 0,
    "sellingGeneralAndAdministrativeExpenses": 57000000,
    "otherExpenses": 0,
    "operatingExpenses": 57000000,
    "costAndExpenses": 2625000000,
    "interestIncome": 119000000,
    "interestExpense": 376000000,
    "depreciationAndAmortization": 306000000,
    "ebitda": 1011000000,
    "ebitdaratio": 0.3073882639,
    "operatingIncome": 664000000,
    "operatingIncomeRatio": 0.2018850715,
    "totalOtherIncomeExpensesNet": -344000000,
    "incomeBeforeTax": 320000000,
    "incomeBeforeTaxRatio": 0.0972940103,
    "incomeTaxExpense": 103000000,
    "netIncome": 509000000,
    "netIncomeRatio": 0.1547582852,
    "eps": 0.71,
    "epsdiluted": 0.71,
    "weightedAverageShsOut": 711000000,
    "weightedAverageShsOutDil": 713000000,
    "link": "https://www.sec.gov/Archives/edgar/data/874761/000087476124000070/0000874761-24-000070-index.htm",
    "finalLink": "https://www.sec.gov/Archives/edgar/data/874761/000087476124000070/aes-20240930.htm"
  },
  {
    "date": "2024-06-30",
    "symbol": "AES",
    "reportedCurrency": "USD",
    "cik": "0000874761",
    "fillingDate": "2024-08-01",
    "acceptedDate": "2024-08-01 16:31:57",
    "calendarYear": "2024",
    "period": "Q2",
    "revenue": 2942000000,
    "costOfRevenue": 2389000000,
    "grossProfit": 553000000,
    "grossProfitRatio": 0.1879673691,
    "researchAndDevelopmentExpenses": 0,
    "generalAndAdministrativeExpenses": 66000000,
    "sellingAndMarketingExpenses": 0,
    "sellingGeneralAndAdministrativeExpenses": 66000000,
    "otherExpenses": 0,
    "operatingExpenses": 66000000,
    "costAndExpenses": 2455000000,
    "interestIncome": 88000000,
    "interestExpense": 358000000,
    "depreciationAndAmortization": 315000000,
    "ebitda": 788000000,
    "ebitdaratio": 0.2678450034,
    "operatingIncome": 487000000,
    "operatingIncomeRatio": 0.1655336506,
    "totalOtherIncomeExpensesNet": -369000000,
    "incomeBeforeTax": 118000000,
    "incomeBeforeTaxRatio": 0.0401087695,
    "incomeTaxExpense": -35000000,
    "netIncome": 282000000,
    "netIncomeRatio": 0.0958531611,
    "eps": 0.27,
    "epsdiluted": 0.27,
    "weightedAverageShsOut": 707407407,
    "weightedAverageShsOutDil": 713000000,
    "link": "https://www.sec.gov/Archives/edgar/data/874761/000087476124000054/0000874761-24-000054-index.htm",
    "finalLink": "https://www.sec.gov/Archives/edgar/data/874761/000087476124000054/aes-20240630.htm"
  },
  {
    "date": "2024-03-31",
    "symbol": "AES",
    "reportedCurrency": "USD",
    "cik": "0000874761",
    "fillingDate": "2024-05-02",
    "acceptedDate": "2024-05-02 17:15:52",
    "calendarYear": "2024",
    "period": "Q1",
    "revenue": 3085000000,
    "costOfRevenue": 2466000000,
    "grossProfit": 620000000,
    "grossProfitRatio": 0.2009724473,
    "researchAndDevelopmentExpenses": 0,
    "generalAndAdministrativeExpenses": 75000000,
    "sellingAndMarketingExpenses": 0,
    "sellingGeneralAndAdministrativeExpenses": 75000000,
    "otherExpenses": 0,
    "operatingExpenses": 75000000,
    "costAndExpenses": 2540000000,
    "interestIncome": 105000000,
    "interestExpense": 357000000,
    "depreciationAndAmortization": 312000000,
    "ebitda": 946000000,
    "ebitdaratio": 0.3066450567,
    "operatingIncome": 545000000,
    "operatingIncomeRatio": 0.1766612642,
    "totalOtherIncomeExpensesNet": -283000000,
    "incomeBeforeTax": 262000000,
    "incomeBeforeTaxRatio": 0.0849270665,
    "incomeTaxExpense": -16000000,
    "netIncome": 432000000,
    "netIncomeRatio": 0.1400324149,
    "eps": 0.62,
    "epsdiluted": 0.6,
    "weightedAverageShsOut": 690000000,
    "weightedAverageShsOutDil": 712000000,
    "link": "https://www.sec.gov/Archives/edgar/data/874761/000087476124000038/0000874761-24-000038-index.htm",
    "finalLink": "https://www.sec.gov/Archives/edgar/data/874761/000087476124000038/aes-20240331.htm"
  },
  {
    "date": "2023-12-31",
    "symbol": "AES",
    "reportedCurrency": "USD",
    "cik": "0000874761",
    "fillingDate": "2024-02-26",
    "acceptedDate": "2024-02-26 17:24:09",
    "calendarYear": "2023",
    "period": "Q4",
    "revenue": 2968000000,
    "costOfRevenue": 2474000000,
    "grossProfit": 495000000,
    "grossProfitRatio": 0.1667789757,
    "researchAndDevelopmentExpenses": 0,
    "generalAndAdministrativeExpenses": 64000000,
    "sellingAndMarketingExpenses": 0,
    "sellingGeneralAndAdministrativeExpenses": 64000000,
    "otherExpenses": 0,
    "operatingExpenses": 64000000,
    "costAndExpenses": 2537000000,
    "interestIncome": 153000000,
    "interestExpense": 349000000,
    "depreciationAndAmortization": 292000000,
    "ebitda": 62000000,
    "ebitdaratio": 0.0208894879,
    "operatingIncome": 431000000,
    "operatingIncomeRatio": 0.1452156334,
    "totalOtherIncomeExpensesNet": -999000000,
    "incomeBeforeTax": -568000000,
    "incomeBeforeTaxRatio": -0.1913746631,
    "incomeTaxExpense": 82000000,
    "netIncome": -101000000,
    "netIncomeRatio": -0.0340296496,
    "eps": -0.15,
    "epsdiluted": -0.15,
    "weightedAverageShsOut": 669500000,
    "weightedAverageShsOutDil": 670000000,
    "link": "https://www.sec.gov/Archives/edgar/data/874761/000087476124000011/0000874761-24-000011-index.htm",
    "finalLink": "https://www.sec.gov/Archives/edgar/data/874761/000087476124000011/aes-20231231.htm"
  },
  {
    "date": "2023-09-30",
    "symbol": "AES",
    "reportedCurrency": "USD",
    "cik": "0000874761",
    "fillingDate": "2023-11-02",
    "acceptedDate": "2023-11-02 16:32:24",
    "calendarYear": "2023",
    "period": "Q3",
    "revenue": 3434000000,
    "costOfRevenue": 2516000000,
    "grossProfit": 917000000,
    "grossProfitRatio": 0.2670355271,
    "researchAndDevelopmentExpenses": 0,
    "generalAndAdministrativeExpenses": 64000000,
    "sellingAndMarketingExpenses": 0,
    "sellingGeneralAndAdministrativeExpenses": 64000000,
    "otherExpenses": 0,
    "operatingExpenses": 64000000,
    "costAndExpenses": 2581000000,
    "interestIncome": 144000000,
    "interestExpense": 329000000,
    "depreciationAndAmortization": 286000000,
    "ebitda": 1029000000,
    "ebitdaratio": 0.2996505533,
    "operatingIncome": 853000000,
    "operatingIncomeRatio": 0.2483983692,
    "totalOtherIncomeExpensesNet": -453000000,
    "incomeBeforeTax": 400000000,
    "incomeBeforeTaxRatio": 0.1164822365,
    "incomeTaxExpense": 109000000,
    "netIncome": 231000000,
    "netIncomeRatio": 0.0672684916,
    "eps": 0.34,
    "epsdiluted": 0.32,
    "weightedAverageShsOut": 670000000,
    "weightedAverageShsOutDil": 712000000,
    "link": "https://www.sec.gov/Archives/edgar/data/874761/000087476123000080/0000874761-23-000080-index.htm",
    "finalLink": "https://www.sec.gov/Archives/edgar/data/874761/000087476123000080/aes-20230930.htm"
  },
  {
    "date": "2023-06-30",
    "symbol": "AES",
    "reportedCurrency": "USD",
    "cik": "0000874761",
    "fillingDate": "2023-08-03",
    "acceptedDate": "2023-08-03 17:16:54",
    "calendarYear": "2023",
    "period": "Q2",
    "revenue": 3035000000,
    "costOfRevenue": 2529000000,
    "grossProfit": 506000000,
    "grossProfitRatio": 0.1667215815,
    "researchAndDevelopmentExpenses": 0,
    "generalAndAdministrativeExpenses": 72000000,
    "sellingAndMarketingExpenses": 0,
    "sellingGeneralAndAdministrativeExpenses": 72000000,
    "otherExpenses": 0,
    "operatingExpenses": 72000000,
    "costAndExpenses": 2601000000,
    "interestIncome": 131000000,
    "interestExpense": 297000000,
    "depreciationAndAmortization": 277000000,
    "ebitda": 578000000,
    "ebitdaratio": 0.1904448105,
    "operatingIncome": 434000000,
    "operatingIncomeRatio": 0.1429983526,
    "totalOtherIncomeExpensesNet": -455000000,
    "incomeBeforeTax": -21000000,
    "incomeBeforeTaxRatio": -0.0069192751,
    "incomeTaxExpense": -2000000,
    "netIncome": -39000000,
    "netIncomeRatio": -0.0128500824,
    "eps": -0.06,
    "epsdiluted": -0.06,
    "weightedAverageShsOut": 650000000,
    "weightedAverageShsOutDil": 669000000,
    "link": "https://www.sec.gov/Archives/edgar/data/874761/000087476123000071/0000874761-23-000071-index.htm",
    "finalLink": "https://www.sec.gov/Archives/edgar/data/874761/000087476123000071/aes-20230630.htm"
  },
  {
    "date": "2023-03-31",
    "symbol": "AES",
    "reportedCurrency": "USD",
    "cik": "0000874761",
    "fillingDate": "2023-05-04",
    "acceptedDate": "2023-05-04 16:55:09",
    "calendarYear": "2023",
    "period": "Q1",
    "revenue": 3239000000,
    "costOfRevenue": 2645000000,
    "grossProfit": 595000000,
    "grossProfitRatio": 0.1836986724,
    "researchAndDevelopmentExpenses": 0,
    "generalAndAdministrativeExpenses": 55000000,
    "sellingAndMarketingExpenses": 0,
    "sellingGeneralAndAdministrativeExpenses": 55000000,
    "otherExpenses": 0,
    "operatingExpenses": 55000000,
    "costAndExpenses": 2699000000,
    "interestIncome": 123000000,
    "interestExpense": 333000000,
    "depreciationAndAmortization": 273000000,
    "ebitda": 871000000,
    "ebitdaratio": 0.2689101575,
    "operatingIncome": 540000000,
    "operatingIncomeRatio": 0.1667181229,
    "totalOtherIncomeExpensesNet": -279000000,
    "incomeBeforeTax": 261000000,
    "incomeBeforeTaxRatio": 0.0805804261,
    "incomeTaxExpense": 72000000,
    "netIncome": 151000000,
    "netIncomeRatio": 0.046619327,
    "eps": 0.22,
    "epsdiluted": 0.21,
    "weightedAverageShsOut": 669000000,
    "weightedAverageShsOutDil": 712000000,
    "link": "https://www.sec.gov/Archives/edgar/data/874761/000087476123000039/0000874761-23-000039-index.htm",
    "finalLink": "https://www.sec.gov/Archives/edgar/data/874761/000087476123000039/aes-20230331.htm"
  },
  {
    "date": "2022-12-31",
    "symbol": "AES",
    "reportedCurrency": "USD",
    "cik": "0000874761",
    "fillingDate": "2023-03-01",
    "acceptedDate": "2023-03-01 16:44:29",
    "calendarYear": "2022",
    "period": "Q4",
    "revenue": 3060000000,
    "costOfRevenue": 2497000000,
    "grossProfit": 555000000,
    "grossProfitRatio": 0.181372549,
    "researchAndDevelopmentExpenses": 0,
    "generalAndAdministrativeExpenses": 58000000,
    "sellingAndMarketingExpenses": 0,
    "sellingGeneralAndAdministrativeExpenses": 58000000,
    "otherExpenses": 0,
    "operatingExpenses": 58000000,
    "costAndExpenses": 2563000000,
    "interestIncome": 119000000,
    "interestExpense": 304000000,
    "depreciationAndAmortization": 253000000,
    "ebitda": -333000000,
    "ebitdaratio": -0.1088235294,
    "operatingIncome": 497000000,
    "operatingIncomeRatio": 0.1624183007,
    "totalOtherIncomeExpensesNet": -1404000000,
    "incomeBeforeTax": -907000000,
    "incomeBeforeTaxRatio": -0.2964052288,
    "incomeTaxExpense": 79000000,
    "netIncome": -903000000,
    "netIncomeRatio": -0.2950980392,
    "eps": -1.35,
    "epsdiluted": -1.35,
    "weightedAverageShsOut": 668888889,
    "weightedAverageShsOutDil": 668888888,
    "link": "https://www.sec.gov/Archives/edgar/data/874761/000087476123000010/0000874761-23-000010-index.htm",
    "finalLink": "https://www.sec.gov/Archives/edgar/data/874761/000087476123000010/aes-20221231.htm"
  },
  {
    "date": "2022-09-30",
    "symbol": "AES",
    "reportedCurrency": "USD",
    "cik": "0000874761",
    "fillingDate": "2022-11-04",
    "acceptedDate": "2022-11-03 19:34:02",
    "calendarYear": "2022",
    "period": "Q3",
    "revenue": 3627000000,
    "costOfRevenue": 2735000000,
    "grossProfit": 897000000,
    "grossProfitRatio": 0.247311828,
    "researchAndDevelopmentExpenses": 0,
    "generalAndAdministrativeExpenses": 51000000,
    "sellingAndMarketingExpenses": 0,
    "sellingGeneralAndAdministrativeExpenses": 51000000,
    "otherExpenses": 0,
    "operatingExpenses": 51000000,
    "costAndExpenses": 2781000000,
    "interestIncome": 100000000,
    "interestExpense": 267000000,
    "depreciationAndAmortization": 266000000,
    "ebitda": 1150000000,
    "ebitdaratio": 0.3170664461,
    "operatingIncome": 846000000,
    "operatingIncomeRatio": 0.2332506203,
    "totalOtherIncomeExpensesNet": -255000000,
    "incomeBeforeTax": 591000000,
    "incomeBeforeTaxRatio": 0.1629445823,
    "incomeTaxExpense": 145000000,
    "netIncome": 421000000,
    "netIncomeRatio": 0.1160738903,
    "eps": 0.63,
    "epsdiluted": 0.59,
    "weightedAverageShsOut": 668253968,
    "weightedAverageShsOutDil": 711000000,
    "link": "https://www.sec.gov/Archives/edgar/data/874761/000087476122000073/0000874761-22-000073-index.htm",
    "finalLink": "https://www.sec.gov/Archives/edgar/data/874761/000087476122000073/aes-20220930.htm"
  },
  {
    "date": "2022-06-30",
    "symbol": "AES",
    "reportedCurrency": "USD",
    "cik": "0000874761",
    "fillingDate": "2022-08-04",
    "acceptedDate": "2022-08-04 17:03:41",
    "calendarYear": "2022",
    "period": "Q2",
    "revenue": 3078000000,
    "costOfRevenue": 2515000000,
    "grossProfit": 564000000,
    "grossProfitRatio": 0.1832358674,
    "researchAndDevelopmentExpenses": 0,
    "generalAndAdministrativeExpenses": 46000000,
    "sellingAndMarketingExpenses": 0,
    "sellingGeneralAndAdministrativeExpenses": 46000000,
    "otherExpenses": 0,
    "operatingExpenses": 46000000,
    "costAndExpenses": 2560000000,
    "interestIncome": 95000000,
    "interestExpense": 269000000,
    "depreciationAndAmortization": 264000000,
    "ebitda": 373000000,
    "ebitdaratio": 0.1211825861,
    "operatingIncome": 518000000,
    "operatingIncomeRatio": 0.1682910981,
    "totalOtherIncomeExpensesNet": -673000000,
    "incomeBeforeTax": -155000000,
    "incomeBeforeTaxRatio": -0.0503573749,
    "incomeTaxExpense": -19000000,
    "netIncome": -179000000,
    "netIncomeRatio": -0.0581546459,
    "eps": -0.27,
    "epsdiluted": -0.27,
    "weightedAverageShsOut": 662962963,
    "weightedAverageShsOutDil": 668000000,
    "link": "https://www.sec.gov/Archives/edgar/data/874761/000087476122000064/0000874761-22-000064-index.htm",
    "finalLink": "https://www.sec.gov/Archives/edgar/data/874761/000087476122000064/aes-20220630.htm"
  },
  {
    "date": "2022-03-31",
    "symbol": "AES",
    "reportedCurrency": "USD",
    "cik": "0000874761",
    "fillingDate": "2022-05-05",
    "acceptedDate": "2022-05-05 17:27:59",
    "calendarYear": "2022",
    "period": "Q1",
    "revenue": 2853000000,
    "costOfRevenue": 2322000000,
    "grossProfit": 532000000,
    "grossProfitRatio": 0.1864703821,
    "researchAndDevelopmentExpenses": 0,
    "generalAndAdministrativeExpenses": 52000000,
    "sellingAndMarketingExpenses": 0,
    "sellingGeneralAndAdministrativeExpenses": 52000000,
    "otherExpenses": 0,
    "operatingExpenses": 52000000,
    "costAndExpenses": 2373000000,
    "interestIncome": 75000000,
    "interestExpense": 235000000,
    "depreciationAndAmortization": 270000000,
    "ebitda": 769000000,
    "ebitdaratio": 0.2695408342,
    "operatingIncome": 480000000,
    "operatingIncomeRatio": 0.1682439537,
    "totalOtherIncomeExpensesNet": -249000000,
    "incomeBeforeTax": 231000000,
    "incomeBeforeTaxRatio": 0.0809674027,
    "incomeTaxExpense": 60000000,
    "netIncome": 115000000,
    "netIncomeRatio": 0.0403084472,
    "eps": 0.17,
    "epsdiluted": 0.16,
    "weightedAverageShsOut": 668000000,
    "weightedAverageShsOutDil": 711000000,
    "link": "https://www.sec.gov/Archives/edgar/data/874761/000087476122000046/0000874761-22-000046-index.htm",
    "finalLink": "https://www.sec.gov/Archives/edgar/data/874761/000087476122000046/aes-20220331.htm"
  },
  {
    "date": "2021-12-31",
    "symbol": "AES",
    "reportedCurrency": "USD",
    "cik": "0000874761",
    "fillingDate": "2022-02-28",
    "acceptedDate": "2022-02-28 06:20:51",
    "calendarYear": "2021",
    "period": "Q4",
    "revenue": 2770000000,
    "costOfRevenue": 2211000000,
    "grossProfit": 558000000,
    "grossProfitRatio": 0.2014440433,
    "researchAndDevelopmentExpenses": 0,
    "generalAndAdministrativeExpenses": 0,
    "sellingAndMarketingExpenses": 0,
    "sellingGeneralAndAdministrativeExpenses": 36000000,
    "otherExpenses": 0,
    "operatingExpenses": 36000000,
    "costAndExpenses": 2248000000,
    "interestIncome": 86000000,
    "interestExpense": 219000000,
    "depreciationAndAmortization": 261000000,
    "ebitda": -1049000000,
    "ebitdaratio": -0.378700361,
    "operatingIncome": 522000000,
    "operatingIncomeRatio": 0.1884476534,
    "totalOtherIncomeExpensesNet": -2060000000,
    "incomeBeforeTax": -1538000000,
    "incomeBeforeTaxRatio": -0.555234657,
    "incomeTaxExpense": -208000000,
    "netIncome": -632000000,
    "netIncomeRatio": -0.2281588448,
    "eps": -0.95,
    "epsdiluted": -0.95,
    "weightedAverageShsOut": 665263158,
    "weightedAverageShsOutDil": 667000000,
    "link": "https://www.sec.gov/Archives/edgar/data/874761/000087476122000022/0000874761-22-000022-index.htm",
    "finalLink": "https://www.sec.gov/Archives/edgar/data/874761/000087476122000022/aes-20211231.htm"
  },
  {
    "date": "2021-09-30",
    "symbol": "AES",
    "reportedCurrency": "USD",
    "cik": "0000874761",
    "fillingDate": "2021-11-03",
    "acceptedDate": "2021-11-03 17:26:43",
    "calendarYear": "2021",
    "period": "Q3",
    "revenue": 3037000000,
    "costOfRevenue": 2276000000,
    "grossProfit": 759000000,
    "grossProfitRatio": 0.2499176819,
    "researchAndDevelopmentExpenses": 0,
    "generalAndAdministrativeExpenses": 39000000,
    "sellingAndMarketingExpenses": 0,
    "sellingGeneralAndAdministrativeExpenses": 39000000,
    "otherExpenses": 0,
    "operatingExpenses": 39000000,
    "costAndExpenses": 2317000000,
    "interestIncome": 71000000,
    "interestExpense": 209000000,
    "depreciationAndAmortization": 257000000,
    "ebitda": 1052000000,
    "ebitdaratio": 0.3463944682,
    "operatingIncome": 720000000,
    "operatingIncomeRatio": 0.2370760619,
    "totalOtherIncomeExpensesNet": -109000000,
    "incomeBeforeTax": 611000000,
    "incomeBeforeTaxRatio": 0.2011853803,
    "incomeTaxExpense": 126000000,
    "netIncome": 343000000,
    "netIncomeRatio": 0.1129404017,
    "eps": 0.52,
    "epsdiluted": 0.48,
    "weightedAverageShsOut": 667000000,
    "weightedAverageShsOutDil": 711000000,
    "link": "https://www.sec.gov/Archives/edgar/data/874761/000087476121000074/0000874761-21-000074-index.htm",
    "finalLink": "https://www.sec.gov/Archives/edgar/data/874761/000087476121000074/aes-20210930.htm"
  },
  {
    "date": "2021-06-30",
    "symbol": "AES",
    "reportedCurrency": "USD",
    "cik": "0000874761",
    "fillingDate": "2021-08-04",
    "acceptedDate": "2021-08-04 16:07:50",
    "calendarYear": "2021",
    "period": "Q2",
    "revenue": 2700000000,
    "costOfRevenue": 1972000000,
    "grossProfit": 731000000,
    "grossProfitRatio": 0.2707407407,
    "researchAndDevelopmentExpenses": 0,
    "generalAndAdministrativeExpenses": 45000000,
    "sellingAndMarketingExpenses": 0,
    "sellingGeneralAndAdministrativeExpenses": 45000000,
    "otherExpenses": 0,
    "operatingExpenses": 45000000,
    "costAndExpenses": 2014000000,
    "interestIncome": 73000000,
    "interestExpense": 224000000,
    "depreciationAndAmortization": 263000000,
    "ebitda": 357000000,
    "ebitdaratio": 0.1322222222,
    "operatingIncome": 686000000,
    "operatingIncomeRatio": 0.2540740741,
    "totalOtherIncomeExpensesNet": -826000000,
    "incomeBeforeTax": -140000000,
    "incomeBeforeTaxRatio": -0.0518518519,
    "incomeTaxExpense": -59000000,
    "netIncome": 24000000,
    "netIncomeRatio": 0.0088888889,
    "eps": 0.04,
    "epsdiluted": 0.04,
    "weightedAverageShsOut": 700000000,
    "weightedAverageShsOutDil": 671000000,
    "link": "https://www.sec.gov/Archives/edgar/data/874761/000087476121000065/0000874761-21-000065-index.htm",
    "finalLink": "https://www.sec.gov/Archives/edgar/data/874761/000087476121000065/aes-20210630.htm"
  },
  {
    "date": "2021-03-31",
    "symbol": "AES",
    "reportedCurrency": "USD",
    "cik": "0000874761",
    "fillingDate": "2021-05-06",
    "acceptedDate": "2021-05-05 18:09:37",
    "calendarYear": "2021",
    "period": "Q1",
    "revenue": 2635000000,
    "costOfRevenue": 1971000000,
    "grossProfit": 665000000,
    "grossProfitRatio": 0.2523719165,
    "researchAndDevelopmentExpenses": 0,
    "generalAndAdministrativeExpenses": 46000000,
    "sellingAndMarketingExpenses": 0,
    "sellingGeneralAndAdministrativeExpenses": 46000000,
    "otherExpenses": 0,
    "operatingExpenses": 46000000,
    "costAndExpenses": 2016000000,
    "interestIncome": 68000000,
    "interestExpense": 174000000,
    "depreciationAndAmortization": 275000000,
    "ebitda": 458000000,
    "ebitdaratio": 0.1738140417,
    "operatingIncome": 619000000,
    "operatingIncomeRatio": 0.234914611,
    "totalOtherIncomeExpensesNet": -640000000,
    "incomeBeforeTax": -21000000,
    "incomeBeforeTaxRatio": -0.0079696395,
    "incomeTaxExpense": 8000000,
    "netIncome": -148000000,
    "netIncomeRatio": -0.0561669829,
    "eps": -0.22,
    "epsdiluted": -0.22,
    "weightedAverageShsOut": 666000000,
    "weightedAverageShsOutDil": 666000000,
    "link": "https://www.sec.gov/Archives/edgar/data/874761/000087476121000038/0000874761-21-000038-index.htm",
    "finalLink": "https://www.sec.gov/Archives/edgar/data/874761/000087476121000038/aes-20210331.htm"
  },
  {
    "date": "2020-12-31",
    "symbol": "AES",
    "reportedCurrency": "USD",
    "cik": "0000874761",
    "fillingDate": "2021-02-25",
    "acceptedDate": "2021-02-24 18:41:01",
    "calendarYear": "2020",
    "period": "Q4",
    "revenue": 2560000000,
    "costOfRevenue": 1654000000,
    "grossProfit": 906000000,
    "grossProfitRatio": 0.35390625,
    "researchAndDevelopmentExpenses": 0,
    "generalAndAdministrativeExpenses": 0,
    "sellingAndMarketingExpenses": 0,
    "sellingGeneralAndAdministrativeExpenses": 46000000,
    "otherExpenses": 0,
    "operatingExpenses": 46000000,
    "costAndExpenses": 1700000000,
    "interestIncome": 70000000,
    "interestExpense": 326000000,
    "depreciationAndAmortization": 265000000,
    "ebitda": 1170000000,
    "ebitdaratio": 0.45703125,
    "operatingIncome": 860000000,
    "operatingIncomeRatio": 0.3359375,
    "totalOtherIncomeExpensesNet": -298000000,
    "incomeBeforeTax": 562000000,
    "incomeBeforeTaxRatio": 0.21953125,
    "incomeTaxExpense": 161000000,
    "netIncome": 318000000,
    "netIncomeRatio": 0.12421875,
    "eps": 0.48,
    "epsdiluted": 0.47,
    "weightedAverageShsOut": 662500000,
    "weightedAverageShsOutDil": 669000000,
    "link": "https://www.sec.gov/Archives/edgar/data/874761/000087476121000015/0000874761-21-000015-index.htm",
    "finalLink": "https://www.sec.gov/Archives/edgar/data/874761/000087476121000015/aes-20201231.htm"
  },
  {
    "date": "2020-09-30",
    "symbol": "AES",
    "reportedCurrency": "USD",
    "cik": "0000874761",
    "fillingDate": "2020-11-06",
    "acceptedDate": "2020-11-05 17:41:10",
    "calendarYear": "2020",
    "period": "Q3",
    "revenue": 2545000000,
    "costOfRevenue": 1789000000,
    "grossProfit": 757000000,
    "grossProfitRatio": 0.2974459725,
    "researchAndDevelopmentExpenses": 0,
    "generalAndAdministrativeExpenses": 41000000,
    "sellingAndMarketingExpenses": 0,
    "sellingGeneralAndAdministrativeExpenses": 41000000,
    "otherExpenses": 0,
    "operatingExpenses": 41000000,
    "costAndExpenses": 1829000000,
    "interestIncome": 64000000,
    "interestExpense": 248000000,
    "depreciationAndAmortization": 264000000,
    "ebitda": -4000000,
    "ebitdaratio": -0.0015717092,
    "operatingIncome": 716000000,
    "operatingIncomeRatio": 0.2813359528,
    "totalOtherIncomeExpensesNet": -1344000000,
    "incomeBeforeTax": -628000000,
    "incomeBeforeTaxRatio": -0.2467583497,
    "incomeTaxExpense": -147000000,
    "netIncome": -333000000,
    "netIncomeRatio": -0.1308447937,
    "eps": -0.5,
    "epsdiluted": -0.5,
    "weightedAverageShsOut": 666000000,
    "weightedAverageShsOutDil": 665000000,
    "link": "https://www.sec.gov/Archives/edgar/data/874761/000087476120000062/0000874761-20-000062-index.htm",
    "finalLink": "https://www.sec.gov/Archives/edgar/data/874761/000087476120000062/aes-20200930.htm"
  },
  {
    "date": "2020-06-30",
    "symbol": "AES",
    "reportedCurrency": "USD",
    "cik": "0000874761",
    "fillingDate": "2020-08-06",
    "acceptedDate": "2020-08-05 17:34:55",
    "calendarYear": "2020",
    "period": "Q2",
    "revenue": 2218000000,
    "costOfRevenue": 1693000000,
    "grossProfit": 523000000,
    "grossProfitRatio": 0.2357980162,
    "researchAndDevelopmentExpenses": 0,
    "generalAndAdministrativeExpenses": 0,
    "sellingAndMarketingExpenses": 0,
    "sellingGeneralAndAdministrativeExpenses": 40000000,
    "otherExpenses": 0,
    "operatingExpenses": 40000000,
    "costAndExpenses": 1735000000,
    "interestIncome": 64000000,
    "interestExpense": 115000000,
    "depreciationAndAmortization": 271000000,
    "ebitda": 491000000,
    "ebitdaratio": 0.2213706041,
    "operatingIncome": 483000000,
    "operatingIncomeRatio": 0.2177637511,
    "totalOtherIncomeExpensesNet": -370000000,
    "incomeBeforeTax": 113000000,
    "incomeBeforeTaxRatio": 0.0509467989,
    "incomeTaxExpense": 113000000,
    "netIncome": -86000000,
    "netIncomeRatio": -0.03877367,
    "eps": -0.12,
    "epsdiluted": -0.12,
    "weightedAverageShsOut": 691666667,
    "weightedAverageShsOutDil": 665000000,
    "link": "https://www.sec.gov/Archives/edgar/data/874761/000087476120000050/0000874761-20-000050-index.htm",
    "finalLink": "https://www.sec.gov/Archives/edgar/data/874761/000087476120000050/q22020form10-q.htm"
  },
  {
    "date": "2020-03-31",
    "symbol": "AES",
    "reportedCurrency": "USD",
    "cik": "0000874761",
    "fillingDate": "2020-05-07",
    "acceptedDate": "2020-05-06 17:34:32",
    "calendarYear": "2020",
    "period": "Q1",
    "revenue": 2338000000,
    "costOfRevenue": 1831000000,
    "grossProfit": 508000000,
    "grossProfitRatio": 0.2172797263,
    "researchAndDevelopmentExpenses": 0,
    "generalAndAdministrativeExpenses": 38000000,
    "sellingAndMarketingExpenses": 0,
    "sellingGeneralAndAdministrativeExpenses": 38000000,
    "otherExpenses": 0,
    "operatingExpenses": 38000000,
    "costAndExpenses": 1868000000,
    "interestIncome": 70000000,
    "interestExpense": 217000000,
    "depreciationAndAmortization": 268000000,
    "ebitda": 805000000,
    "ebitdaratio": 0.3443113772,
    "operatingIncome": 470000000,
    "operatingIncomeRatio": 0.2010265184,
    "totalOtherIncomeExpensesNet": -152000000,
    "incomeBeforeTax": 318000000,
    "incomeBeforeTaxRatio": 0.1360136869,
    "incomeTaxExpense": 89000000,
    "netIncome": 144000000,
    "netIncomeRatio": 0.0615911035,
    "eps": 0.22,
    "epsdiluted": 0.22,
    "weightedAverageShsOut": 664000000,
    "weightedAverageShsOutDil": 668000000,
    "link": "https://www.sec.gov/Archives/edgar/data/874761/000087476120000027/0000874761-20-000027-index.htm",
    "finalLink": "https://www.sec.gov/Archives/edgar/data/874761/000087476120000027/q12020form10-q.htm"
  },
  {
    "date": "2019-12-31",
    "symbol": "AES",
    "reportedCurrency": "USD",
    "cik": "0000874761",
    "fillingDate": "2020-02-28",
    "acceptedDate": "2020-02-27 18:07:01",
    "calendarYear": "2019",
    "period": "Q4",
    "revenue": 2432000000,
    "costOfRevenue": 1871000000,
    "grossProfit": 562000000,
    "grossProfitRatio": 0.2310855263,
    "researchAndDevelopmentExpenses": 0,
    "generalAndAdministrativeExpenses": 0,
    "sellingAndMarketingExpenses": 0,
    "sellingGeneralAndAdministrativeExpenses": 60000000,
    "otherExpenses": 0,
    "operatingExpenses": 60000000,
    "costAndExpenses": 1930000000,
    "interestIncome": 76000000,
    "interestExpense": 259000000,
    "depreciationAndAmortization": 271000000,
    "ebitda": 635000000,
    "ebitdaratio": 0.2611019737,
    "operatingIncome": 502000000,
    "operatingIncomeRatio": 0.2064144737,
    "totalOtherIncomeExpensesNet": -572000000,
    "incomeBeforeTax": -70000000,
    "incomeBeforeTaxRatio": -0.0287828947,
    "incomeTaxExpense": 50000000,
    "netIncome": -78000000,
    "netIncomeRatio": -0.0320723684,
    "eps": -0.12,
    "epsdiluted": -0.12,
    "weightedAverageShsOut": 664000000,
    "weightedAverageShsOutDil": 664000000,
    "link": "https://www.sec.gov/Archives/edgar/data/874761/000087476120000012/0000874761-20-000012-index.htm",
    "finalLink": "https://www.sec.gov/Archives/edgar/data/874761/000087476120000012/a2019form10-k.htm"
  },
  {
    "date": "2019-09-30",
    "symbol": "AES",
    "reportedCurrency": "USD",
    "cik": "0000874761",
    "fillingDate": "2019-11-06",
    "acceptedDate": "2019-11-05 17:36:30",
    "calendarYear": "2019",
    "period": "Q3",
    "revenue": 2625000000,
    "costOfRevenue": 1924000000,
    "grossProfit": 702000000,
    "grossProfitRatio": 0.2674285714,
    "researchAndDevelopmentExpenses": 0,
    "generalAndAdministrativeExpenses": 0,
    "sellingAndMarketingExpenses": 0,
    "sellingGeneralAndAdministrativeExpenses": 41000000,
    "otherExpenses": 0,
    "operatingExpenses": 41000000,
    "costAndExpenses": 1964000000,
    "interestIncome": 81000000,
    "interestExpense": 242000000,
    "depreciationAndAmortization": 262000000,
    "ebitda": 928000000,
    "ebitdaratio": 0.3535238095,
    "operatingIncome": 661000000,
    "operatingIncomeRatio": 0.2518095238,
    "totalOtherIncomeExpensesNet": -233000000,
    "incomeBeforeTax": 428000000,
    "incomeBeforeTaxRatio": 0.163047619,
    "incomeTaxExpense": 130000000,
    "netIncome": 210000000,
    "netIncomeRatio": 0.08,
    "eps": 0.32,
    "epsdiluted": 0.32,
    "weightedAverageShsOut": 664000000,
    "weightedAverageShsOutDil": 667000000,
    "link": "https://www.sec.gov/Archives/edgar/data/874761/000087476119000056/0000874761-19-000056-index.htm",
    "finalLink": "https://www.sec.gov/Archives/edgar/data/874761/000087476119000056/q32019form10-q.htm"
  },
  {
    "date": "2019-06-30",
    "symbol": "AES",
    "reportedCurrency": "USD",
    "cik": "0000874761",
    "fillingDate": "2019-08-06",
    "acceptedDate": "2019-08-05 17:37:19",
    "calendarYear": "2019",
    "period": "Q2",
    "revenue": 2483000000,
    "costOfRevenue": 1981000000,
    "grossProfit": 503000000,
    "grossProfitRatio": 0.2025775272,
    "researchAndDevelopmentExpenses": 0,
    "generalAndAdministrativeExpenses": 54000000,
    "sellingAndMarketingExpenses": 0,
    "sellingGeneralAndAdministrativeExpenses": 49000000,
    "otherExpenses": 0,
    "operatingExpenses": 49000000,
    "costAndExpenses": 2029000000,
    "interestIncome": 82000000,
    "interestExpense": 266000000,
    "depreciationAndAmortization": 266000000,
    "ebitda": 650000000,
    "ebitdaratio": 0.2617801047,
    "operatingIncome": 454000000,
    "operatingIncomeRatio": 0.1828433347,
    "totalOtherIncomeExpensesNet": -331000000,
    "incomeBeforeTax": 123000000,
    "incomeBeforeTaxRatio": 0.0495368506,
    "incomeTaxExpense": 57000000,
    "netIncome": 16000000,
    "netIncomeRatio": 0.006443818,
    "eps": 0.02,
    "epsdiluted": 0.02,
    "weightedAverageShsOut": 850000000,
    "weightedAverageShsOutDil": 667000000,
    "link": "https://www.sec.gov/Archives/edgar/data/874761/000087476119000048/0000874761-19-000048-index.htm",
    "finalLink": "https://www.sec.gov/Archives/edgar/data/874761/000087476119000048/q22019form10-q.htm"
  },
  {
    "date": "2019-03-31",
    "symbol": "AES",
    "reportedCurrency": "USD",
    "cik": "0000874761",
    "fillingDate": "2019-05-07",
    "acceptedDate": "2019-05-06 18:04:06",
    "calendarYear": "2019",
    "period": "Q1",
    "revenue": 2650000000,
    "costOfRevenue": 2064000000,
    "grossProfit": 595000000,
    "grossProfitRatio": 0.2245283019,
    "researchAndDevelopmentExpenses": 0,
    "generalAndAdministrativeExpenses": 46000000,
    "sellingAndMarketingExpenses": 0,
    "sellingGeneralAndAdministrativeExpenses": 46000000,
    "otherExpenses": 0,
    "operatingExpenses": 46000000,
    "costAndExpenses": 2101000000,
    "interestIncome": 79000000,
    "interestExpense": 257000000,
    "depreciationAndAmortization": 246000000,
    "ebitda": 857000000,
    "ebitdaratio": 0.3233962264,
    "operatingIncome": 549000000,
    "operatingIncomeRatio": 0.2071698113,
    "totalOtherIncomeExpensesNet": -201000000,
    "incomeBeforeTax": 348000000,
    "incomeBeforeTaxRatio": 0.1313207547,
    "incomeTaxExpense": 115000000,
    "netIncome": 154000000,
    "netIncomeRatio": 0.0581132075,
    "eps": 0.23,
    "epsdiluted": 0.23,
    "weightedAverageShsOut": 667000000,
    "weightedAverageShsOutDil": 667000000,
    "link": "https://www.sec.gov/Archives/edgar/data/874761/000087476119000027/0000874761-19-000027-index.htm",
    "finalLink": "https://www.sec.gov/Archives/edgar/data/874761/000087476119000027/q12019form10-q.htm"
  },
  {
    "date": "2018-12-31",
    "symbol": "AES",
    "reportedCurrency": "USD",
    "cik": "0000874761",
    "fillingDate": "2019-02-27",
    "acceptedDate": "2019-02-26 18:30:58",
    "calendarYear": "2018",
    "period": "Q4",
    "revenue": 2622000000,
    "costOfRevenue": 1978000000,
    "grossProfit": 646000000,
    "grossProfitRatio": 0.2463768116,
    "researchAndDevelopmentExpenses": 0,
    "generalAndAdministrativeExpenses": 58000000,
    "sellingAndMarketingExpenses": 0,
    "sellingGeneralAndAdministrativeExpenses": 58000000,
    "otherExpenses": 0,
    "operatingExpenses": 58000000,
    "costAndExpenses": 2034000000,
    "interestIncome": 79000000,
    "interestExpense": 246000000,
    "depreciationAndAmortization": 233000000,
    "ebitda": 825000000,
    "ebitdaratio": 0.3146453089,
    "operatingIncome": 588000000,
    "operatingIncomeRatio": 0.2242562929,
    "totalOtherIncomeExpensesNet": -234000000,
    "incomeBeforeTax": 354000000,
    "incomeBeforeTaxRatio": 0.1350114416,
    "incomeTaxExpense": 199000000,
    "netIncome": 128000000,
    "netIncomeRatio": 0.0488176964,
    "eps": 0.19,
    "epsdiluted": 0.19,
    "weightedAverageShsOut": 673684211,
    "weightedAverageShsOutDil": 673684210,
    "link": "https://www.sec.gov/Archives/edgar/data/874761/000087476119000012/0000874761-19-000012-index.htm",
    "finalLink": "https://www.sec.gov/Archives/edgar/data/874761/000087476119000012/a2018form10-k.htm"
  },
  {
    "date": "2018-09-30",
    "symbol": "AES",
    "reportedCurrency": "USD",
    "cik": "0000874761",
    "fillingDate": "2018-11-06",
    "acceptedDate": "2018-11-05 17:41:48",
    "calendarYear": "2018",
    "period": "Q3",
    "revenue": 2838000000,
    "costOfRevenue": 2166000000,
    "grossProfit": 673000000,
    "grossProfitRatio": 0.2371388302,
    "researchAndDevelopmentExpenses": 0,
    "generalAndAdministrativeExpenses": 44000000,
    "sellingAndMarketingExpenses": 0,
    "sellingGeneralAndAdministrativeExpenses": 43000000,
    "otherExpenses": 0,
    "operatingExpenses": 43000000,
    "costAndExpenses": 2208000000,
    "interestIncome": 79000000,
    "interestExpense": 244000000,
    "depreciationAndAmortization": 258000000,
    "ebitda": 834000000,
    "ebitdaratio": 0.2938689218,
    "operatingIncome": 630000000,
    "operatingIncomeRatio": 0.221987315,
    "totalOtherIncomeExpensesNet": -292000000,
    "incomeBeforeTax": 338000000,
    "incomeBeforeTaxRatio": 0.1190979563,
    "incomeTaxExpense": 146000000,
    "netIncome": 98000000,
    "netIncomeRatio": 0.0345313601,
    "eps": 0.15,
    "epsdiluted": 0.15,
    "weightedAverageShsOut": 662000000,
    "weightedAverageShsOutDil": 665000000,
    "link": "https://www.sec.gov/Archives/edgar/data/874761/000087476118000065/0000874761-18-000065-index.htm",
    "finalLink": "https://www.sec.gov/Archives/edgar/data/874761/000087476118000065/q32018form10-q.htm"
  },
  {
    "date": "2018-06-30",
    "symbol": "AES",
    "reportedCurrency": "USD",
    "cik": "0000874761",
    "fillingDate": "2018-08-07",
    "acceptedDate": "2018-08-06 18:00:29",
    "calendarYear": "2018",
    "period": "Q2",
    "revenue": 2538000000,
    "costOfRevenue": 1937000000,
    "grossProfit": 602000000,
    "grossProfitRatio": 0.2371946414,
    "researchAndDevelopmentExpenses": 0,
    "generalAndAdministrativeExpenses": 35000000,
    "sellingAndMarketingExpenses": 0,
    "sellingGeneralAndAdministrativeExpenses": 35000000,
    "otherExpenses": 0,
    "operatingExpenses": 35000000,
    "costAndExpenses": 1971000000,
    "interestIncome": 76000000,
    "interestExpense": 251000000,
    "depreciationAndAmortization": 258000000,
    "ebitda": 851000000,
    "ebitdaratio": 0.3353033885,
    "operatingIncome": 567000000,
    "operatingIncomeRatio": 0.2234042553,
    "totalOtherIncomeExpensesNet": -211000000,
    "incomeBeforeTax": 356000000,
    "incomeBeforeTaxRatio": 0.1402679275,
    "incomeTaxExpense": 132000000,
    "netIncome": 290000000,
    "netIncomeRatio": 0.1142631994,
    "eps": 0.44,
    "epsdiluted": 0.44,
    "weightedAverageShsOut": 661000000,
    "weightedAverageShsOutDil": 664000000,
    "link": "https://www.sec.gov/Archives/edgar/data/874761/000087476118000054/0000874761-18-000054-index.htm",
    "finalLink": "https://www.sec.gov/Archives/edgar/data/874761/000087476118000054/q22018form10-q.htm"
  },
  {
    "date": "2018-03-31",
    "symbol": "AES",
    "reportedCurrency": "USD",
    "cik": "0000874761",
    "fillingDate": "2018-05-08",
    "acceptedDate": "2018-05-08 07:14:42",
    "calendarYear": "2018",
    "period": "Q1",
    "revenue": 2744000000,
    "costOfRevenue": 2081000000,
    "grossProfit": 661000000,
    "grossProfitRatio": 0.2408892128,
    "researchAndDevelopmentExpenses": 0,
    "generalAndAdministrativeExpenses": 56000000,
    "sellingAndMarketingExpenses": 0,
    "sellingGeneralAndAdministrativeExpenses": 56000000,
    "otherExpenses": 0,
    "operatingExpenses": 56000000,
    "costAndExpenses": 2139000000,
    "interestIncome": 76000000,
    "interestExpense": 266000000,
    "depreciationAndAmortization": 254000000,
    "ebitda": 1518000000,
    "ebitdaratio": 0.5532069971,
    "operatingIncome": 605000000,
    "operatingIncomeRatio": 0.2204810496,
    "totalOtherIncomeExpensesNet": 404000000,
    "incomeBeforeTax": 1009000000,
    "incomeBeforeTaxRatio": 0.3677113703,
    "incomeTaxExpense": 231000000,
    "netIncome": 684000000,
    "netIncomeRatio": 0.249271137,
    "eps": 1.04,
    "epsdiluted": 1.03,
    "weightedAverageShsOut": 663000000,
    "weightedAverageShsOutDil": 663000000,
    "link": "https://www.sec.gov/Archives/edgar/data/874761/000087476118000041/0000874761-18-000041-index.htm",
    "finalLink": "https://www.sec.gov/Archives/edgar/data/874761/000087476118000041/q12018form10-q.htm"
  },
  {
    "date": "2017-12-31",
    "symbol": "AES",
    "reportedCurrency": "USD",
    "cik": "0000874761",
    "fillingDate": "2018-02-27",
    "acceptedDate": "2018-02-26 18:36:52",
    "calendarYear": "2017",
    "period": "Q4",
    "revenue": 2640000000,
    "costOfRevenue": 1976000000,
    "grossProfit": 641000000,
    "grossProfitRatio": 0.2428030303,
    "researchAndDevelopmentExpenses": 0,
    "generalAndAdministrativeExpenses": 60000000,
    "sellingAndMarketingExpenses": 0,
    "sellingGeneralAndAdministrativeExpenses": 60000000,
    "otherExpenses": 0,
    "operatingExpenses": 60000000,
    "costAndExpenses": 2059000000,
    "interestIncome": 59000000,
    "interestExpense": 310000000,
    "depreciationAndAmortization": 285000000,
    "ebitda": 672000000,
    "ebitdaratio": 0.2545454545,
    "operatingIncome": 581000000,
    "operatingIncomeRatio": 0.2200757576,
    "totalOtherIncomeExpensesNet": -459000000,
    "incomeBeforeTax": 122000000,
    "incomeBeforeTaxRatio": 0.0462121212,
    "incomeTaxExpense": 720000000,
    "netIncome": -731000000,
    "netIncomeRatio": -0.2768939394,
    "eps": 0,
    "epsdiluted": 0,
    "weightedAverageShsOut": 0,
    "weightedAverageShsOutDil": 661083743,
    "link": "https://www.sec.gov/Archives/edgar/data/874761/000087476118000014/0000874761-18-000014-index.htm",
    "finalLink": "https://www.sec.gov/Archives/edgar/data/874761/000087476118000014/a2017form10-k.htm"
  },
  {
    "date": "2017-09-30",
    "symbol": "AES",
    "reportedCurrency": "USD",
    "cik": "0000874761",
    "fillingDate": "2017-11-02",
    "acceptedDate": "2017-11-01 18:44:31",
    "calendarYear": "2017",
    "period": "Q3",
    "revenue": 2681000000,
    "costOfRevenue": 2053000000,
    "grossProfit": 630000000,
    "grossProfitRatio": 0.2349869452,
    "researchAndDevelopmentExpenses": 0,
    "generalAndAdministrativeExpenses": 52000000,
    "sellingAndMarketingExpenses": 0,
    "sellingGeneralAndAdministrativeExpenses": 52000000,
    "otherExpenses": 0,
    "operatingExpenses": 52000000,
    "costAndExpenses": 2103000000,
    "interestIncome": 63000000,
    "interestExpense": 277000000,
    "depreciationAndAmortization": 303000000,
    "ebitda": 884000000,
    "ebitdaratio": 0.3297277135,
    "operatingIncome": 578000000,
    "operatingIncomeRatio": 0.2155911973,
    "totalOtherIncomeExpensesNet": -250000000,
    "incomeBeforeTax": 328000000,
    "incomeBeforeTaxRatio": 0.1223424095,
    "incomeTaxExpense": 93000000,
    "netIncome": 152000000,
    "netIncomeRatio": 0.056695263,
    "eps": 0.23,
    "epsdiluted": 0.23,
    "weightedAverageShsOut": 660000000,
    "weightedAverageShsOutDil": 663000000,
    "link": "https://www.sec.gov/Archives/edgar/data/874761/000087476117000066/0000874761-17-000066-index.htm",
    "finalLink": "https://www.sec.gov/Archives/edgar/data/874761/000087476117000066/q32017form10-q.htm"
  },
  {
    "date": "2017-06-30",
    "symbol": "AES",
    "reportedCurrency": "USD",
    "cik": "0000874761",
    "fillingDate": "2017-08-08",
    "acceptedDate": "2017-08-07 17:35:39",
    "calendarYear": "2017",
    "period": "Q2",
    "revenue": 2613000000,
    "costOfRevenue": 1990000000,
    "grossProfit": 622000000,
    "grossProfitRatio": 0.2380405664,
    "researchAndDevelopmentExpenses": 0,
    "generalAndAdministrativeExpenses": 49000000,
    "sellingAndMarketingExpenses": 0,
    "sellingGeneralAndAdministrativeExpenses": 49000000,
    "otherExpenses": 0,
    "operatingExpenses": 49000000,
    "costAndExpenses": 2040000000,
    "interestIncome": 59000000,
    "interestExpense": 256000000,
    "depreciationAndAmortization": 290000000,
    "ebitda": 772000000,
    "ebitdaratio": 0.2954458477,
    "operatingIncome": 573000000,
    "operatingIncomeRatio": 0.2192881745,
    "totalOtherIncomeExpensesNet": -345000000,
    "incomeBeforeTax": 228000000,
    "incomeBeforeTaxRatio": 0.0872560276,
    "incomeTaxExpense": 86000000,
    "netIncome": 53000000,
    "netIncomeRatio": 0.0202831994,
    "eps": 0.08,
    "epsdiluted": 0.08,
    "weightedAverageShsOut": 660000000,
    "weightedAverageShsOutDil": 662000000,
    "link": "https://www.sec.gov/Archives/edgar/data/874761/000087476117000053/0000874761-17-000053-index.htm",
    "finalLink": "https://www.sec.gov/Archives/edgar/data/874761/000087476117000053/q22017form10-q.htm"
  },
  {
    "date": "2017-03-31",
    "symbol": "AES",
    "reportedCurrency": "USD",
    "cik": "0000874761",
    "fillingDate": "2017-05-08",
    "acceptedDate": "2017-05-05 17:40:35",
    "calendarYear": "2017",
    "period": "Q1",
    "revenue": 3482000000,
    "costOfRevenue": 2024000000,
    "grossProfit": 593000000,
    "grossProfitRatio": 0.1703044227,
    "researchAndDevelopmentExpenses": 0,
    "generalAndAdministrativeExpenses": 54000000,
    "sellingAndMarketingExpenses": 0,
    "sellingGeneralAndAdministrativeExpenses": 54000000,
    "otherExpenses": 0,
    "operatingExpenses": 54000000,
    "costAndExpenses": 2943000000,
    "interestIncome": 97000000,
    "interestExpense": 325000000,
    "depreciationAndAmortization": 291000000,
    "ebitda": 776000000,
    "ebitdaratio": 0.222860425,
    "operatingIncome": 539000000,
    "operatingIncomeRatio": 0.1547960942,
    "totalOtherIncomeExpensesNet": -379000000,
    "incomeBeforeTax": 160000000,
    "incomeBeforeTaxRatio": 0.0459506031,
    "incomeTaxExpense": 67000000,
    "netIncome": -24000000,
    "netIncomeRatio": -0.0068925905,
    "eps": -0.04,
    "epsdiluted": -0.04,
    "weightedAverageShsOut": 659000000,
    "weightedAverageShsOutDil": 659000000,
    "link": "https://www.sec.gov/Archives/edgar/data/874761/000087476117000019/0000874761-17-000019-index.htm",
    "finalLink": "https://www.sec.gov/Archives/edgar/data/874761/000087476117000019/q12017form10-q.htm"
  },
  {
    "date": "2016-12-31",
    "symbol": "AES",
    "reportedCurrency": "USD",
    "cik": "0000874761",
    "fillingDate": "2017-02-27",
    "acceptedDate": "2017-02-24 17:37:42",
    "calendarYear": "2016",
    "period": "Q4",
    "revenue": 3527000000,
    "costOfRevenue": 370000000,
    "grossProfit": 648000000,
    "grossProfitRatio": 0.1837255458,
    "researchAndDevelopmentExpenses": 0,
    "generalAndAdministrativeExpenses": 59000000,
    "sellingAndMarketingExpenses": 0,
    "sellingGeneralAndAdministrativeExpenses": 59000000,
    "otherExpenses": 0,
    "operatingExpenses": 59000000,
    "costAndExpenses": 2938000000,
    "interestIncome": 99000000,
    "interestExpense": 345000000,
    "depreciationAndAmortization": 299000000,
    "ebitda": 336000000,
    "ebitdaratio": 0.0952650978,
    "operatingIncome": 589000000,
    "operatingIncomeRatio": 0.1669974483,
    "totalOtherIncomeExpensesNet": -897000000,
    "incomeBeforeTax": -308000000,
    "incomeBeforeTaxRatio": -0.0873263397,
    "incomeTaxExpense": -353000000,
    "netIncome": -949000000,
    "netIncomeRatio": -0.2690671959,
    "eps": -1.44,
    "epsdiluted": -1.44,
    "weightedAverageShsOut": 659027778,
    "weightedAverageShsOutDil": 659027777,
    "link": "https://www.sec.gov/Archives/edgar/data/874761/000087476117000003/0000874761-17-000003-index.htm",
    "finalLink": "https://www.sec.gov/Archives/edgar/data/874761/000087476117000003/a2016form10-k.htm"
  },
  {
    "date": "2016-09-30",
    "symbol": "AES",
    "reportedCurrency": "USD",
    "cik": "0000874761",
    "fillingDate": "2016-11-04",
    "acceptedDate": "2016-11-03 17:41:30",
    "calendarYear": "2016",
    "period": "Q3",
    "revenue": 3522000000,
    "costOfRevenue": 2854000000,
    "grossProfit": 685000000,
    "grossProfitRatio": 0.194491766,
    "researchAndDevelopmentExpenses": 0,
    "generalAndAdministrativeExpenses": 40000000,
    "sellingAndMarketingExpenses": 0,
    "sellingGeneralAndAdministrativeExpenses": 40000000,
    "otherExpenses": 0,
    "operatingExpenses": 40000000,
    "costAndExpenses": 2877000000,
    "interestIncome": 110000000,
    "interestExpense": 329000000,
    "depreciationAndAmortization": 291000000,
    "ebitda": 914000000,
    "ebitdaratio": 0.2595116411,
    "operatingIncome": 645000000,
    "operatingIncomeRatio": 0.1831345826,
    "totalOtherIncomeExpensesNet": -351000000,
    "incomeBeforeTax": 294000000,
    "incomeBeforeTaxRatio": 0.0834752981,
    "incomeTaxExpense": 75000000,
    "netIncome": 170000000,
    "netIncomeRatio": 0.0482680295,
    "eps": 0.26,
    "epsdiluted": 0.26,
    "weightedAverageShsOut": 659000000,
    "weightedAverageShsOutDil": 662000000,
    "link": "https://www.sec.gov/Archives/edgar/data/874761/000087476116000123/0000874761-16-000123-index.htm",
    "finalLink": "https://www.sec.gov/Archives/edgar/data/874761/000087476116000123/q32016form10-q.htm"
  },
  {
    "date": "2016-06-30",
    "symbol": "AES",
    "reportedCurrency": "USD",
    "cik": "0000874761",
    "fillingDate": "2016-08-05",
    "acceptedDate": "2016-08-04 17:34:06",
    "calendarYear": "2016",
    "period": "Q2",
    "revenue": 3470000000,
    "costOfRevenue": 2655000000,
    "grossProfit": 671000000,
    "grossProfitRatio": 0.1933717579,
    "researchAndDevelopmentExpenses": 0,
    "generalAndAdministrativeExpenses": 47000000,
    "sellingAndMarketingExpenses": 0,
    "sellingGeneralAndAdministrativeExpenses": 49000000,
    "otherExpenses": 0,
    "operatingExpenses": 49000000,
    "costAndExpenses": 2848000000,
    "interestIncome": 93000000,
    "interestExpense": 313000000,
    "depreciationAndAmortization": 290000000,
    "ebitda": 843000000,
    "ebitdaratio": 0.2429394813,
    "operatingIncome": 622000000,
    "operatingIncomeRatio": 0.1792507205,
    "totalOtherIncomeExpensesNet": -382000000,
    "incomeBeforeTax": 240000000,
    "incomeBeforeTaxRatio": 0.0691642651,
    "incomeTaxExpense": -7000000,
    "netIncome": 53000000,
    "netIncomeRatio": 0.0152737752,
    "eps": -0.73,
    "epsdiluted": -0.73,
    "weightedAverageShsOut": 659000000,
    "weightedAverageShsOutDil": 659000000,
    "link": "https://www.sec.gov/Archives/edgar/data/874761/000087476116000112/0000874761-16-000112-index.htm",
    "finalLink": "https://www.sec.gov/Archives/edgar/data/874761/000087476116000112/q22016form10-q.htm"
  },
  {
    "date": "2016-03-31",
    "symbol": "AES",
    "reportedCurrency": "USD",
    "cik": "0000874761",
    "fillingDate": "2016-05-09",
    "acceptedDate": "2016-05-06 17:42:00",
    "calendarYear": "2016",
    "period": "Q1",
    "revenue": 3482000000,
    "costOfRevenue": 2762000000,
    "grossProfit": 593000000,
    "grossProfitRatio": 0.1703044227,
    "researchAndDevelopmentExpenses": 0,
    "generalAndAdministrativeExpenses": 48000000,
    "sellingAndMarketingExpenses": 0,
    "sellingGeneralAndAdministrativeExpenses": 54000000,
    "otherExpenses": 0,
    "operatingExpenses": 54000000,
    "costAndExpenses": 2943000000,
    "interestIncome": 97000000,
    "interestExpense": 325000000,
    "depreciationAndAmortization": 291000000,
    "ebitda": 776000000,
    "ebitdaratio": 0.222860425,
    "operatingIncome": 539000000,
    "operatingIncomeRatio": 0.1547960942,
    "totalOtherIncomeExpensesNet": -379000000,
    "incomeBeforeTax": 160000000,
    "incomeBeforeTaxRatio": 0.0459506031,
    "incomeTaxExpense": 96000000,
    "netIncome": -24000000,
    "netIncomeRatio": -0.0068925905,
    "eps": 0.19,
    "epsdiluted": 0.19,
    "weightedAverageShsOut": 661000000,
    "weightedAverageShsOutDil": 663000000,
    "link": "https://www.sec.gov/Archives/edgar/data/874761/000087476116000097/0000874761-16-000097-index.htm",
    "finalLink": "https://www.sec.gov/Archives/edgar/data/874761/000087476116000097/q12016form10-q.htm"
  },
  {
    "date": "2015-12-31",
    "symbol": "AES",
    "reportedCurrency": "USD",
    "cik": "0000874761",
    "fillingDate": "2016-02-24",
    "acceptedDate": "2016-02-23 18:20:11",
    "calendarYear": "2015",
    "period": "Q4",
    "revenue": 3527000000,
    "costOfRevenue": 2502000000,
    "grossProfit": 648000000,
    "grossProfitRatio": 0.1837255458,
    "researchAndDevelopmentExpenses": 0,
    "generalAndAdministrativeExpenses": 46000000,
    "sellingAndMarketingExpenses": 0,
    "sellingGeneralAndAdministrativeExpenses": 59000000,
    "otherExpenses": 0,
    "operatingExpenses": 59000000,
    "costAndExpenses": 2938000000,
    "interestIncome": 99000000,
    "interestExpense": 345000000,
    "depreciationAndAmortization": 299000000,
    "ebitda": 336000000,
    "ebitdaratio": 0.0952650978,
    "operatingIncome": 589000000,
    "operatingIncomeRatio": 0.1669974483,
    "totalOtherIncomeExpensesNet": -897000000,
    "incomeBeforeTax": -308000000,
    "incomeBeforeTaxRatio": -0.0873263397,
    "incomeTaxExpense": 204000000,
    "netIncome": -949000000,
    "netIncomeRatio": -0.2690671959,
    "eps": -0.13,
    "epsdiluted": -0.13,
    "weightedAverageShsOut": 653846154,
    "weightedAverageShsOutDil": 653846153,
    "link": "https://www.sec.gov/Archives/edgar/data/874761/000087476116000077/0000874761-16-000077-index.htm",
    "finalLink": "https://www.sec.gov/Archives/edgar/data/874761/000087476116000077/a2015form10-k.htm"
  },
  {
    "date": "2015-09-30",
    "symbol": "AES",
    "reportedCurrency": "USD",
    "cik": "0000874761",
    "fillingDate": "2015-11-05",
    "acceptedDate": "2015-11-04 17:36:07",
    "calendarYear": "2015",
    "period": "Q3",
    "revenue": 3522000000,
    "costOfRevenue": 2857000000,
    "grossProfit": 685000000,
    "grossProfitRatio": 0.194491766,
    "researchAndDevelopmentExpenses": 0,
    "generalAndAdministrativeExpenses": 45000000,
    "sellingAndMarketingExpenses": 0,
    "sellingGeneralAndAdministrativeExpenses": 40000000,
    "otherExpenses": 0,
    "operatingExpenses": 40000000,
    "costAndExpenses": 2877000000,
    "interestIncome": 110000000,
    "interestExpense": 329000000,
    "depreciationAndAmortization": 291000000,
    "ebitda": 914000000,
    "ebitdaratio": 0.2595116411,
    "operatingIncome": 645000000,
    "operatingIncomeRatio": 0.1831345826,
    "totalOtherIncomeExpensesNet": -351000000,
    "incomeBeforeTax": 294000000,
    "incomeBeforeTaxRatio": 0.0834752981,
    "incomeTaxExpense": 43000000,
    "netIncome": 170000000,
    "netIncomeRatio": 0.0482680295,
    "eps": 0.27,
    "epsdiluted": 0.26,
    "weightedAverageShsOut": 679000000,
    "weightedAverageShsOutDil": 682000000,
    "link": "https://www.sec.gov/Archives/edgar/data/874761/000087476115000062/0000874761-15-000062-index.htm",
    "finalLink": "https://www.sec.gov/Archives/edgar/data/874761/000087476115000062/q32015form10-q.htm"
  },
  {
    "date": "2015-06-30",
    "symbol": "AES",
    "reportedCurrency": "USD",
    "cik": "0000874761",
    "fillingDate": "2015-08-10",
    "acceptedDate": "2015-08-07 17:34:49",
    "calendarYear": "2015",
    "period": "Q2",
    "revenue": 3656000000,
    "costOfRevenue": 2901000000,
    "grossProfit": 755000000,
    "grossProfitRatio": 0.2065098468,
    "researchAndDevelopmentExpenses": 0,
    "generalAndAdministrativeExpenses": 50000000,
    "sellingAndMarketingExpenses": 0,
    "sellingGeneralAndAdministrativeExpenses": 50000000,
    "otherExpenses": 0,
    "operatingExpenses": 50000000,
    "costAndExpenses": 2951000000,
    "interestIncome": 116000000,
    "interestExpense": 287000000,
    "depreciationAndAmortization": 299000000,
    "ebitda": 982000000,
    "ebitdaratio": 0.2685995624,
    "operatingIncome": 705000000,
    "operatingIncomeRatio": 0.192833698,
    "totalOtherIncomeExpensesNet": -309000000,
    "incomeBeforeTax": 396000000,
    "incomeBeforeTaxRatio": 0.1083150985,
    "incomeTaxExpense": 123000000,
    "netIncome": 69000000,
    "netIncomeRatio": 0.0188730853,
    "eps": 0.1,
    "epsdiluted": 0.1,
    "weightedAverageShsOut": 693000000,
    "weightedAverageShsOutDil": 695000000,
    "link": "https://www.sec.gov/Archives/edgar/data/874761/000087476115000054/0000874761-15-000054-index.htm",
    "finalLink": "https://www.sec.gov/Archives/edgar/data/874761/000087476115000054/q22015form10-q.htm"
  },
  {
    "date": "2015-03-31",
    "symbol": "AES",
    "reportedCurrency": "USD",
    "cik": "0000874761",
    "fillingDate": "2015-05-11",
    "acceptedDate": "2015-05-08 17:41:12",
    "calendarYear": "2015",
    "period": "Q1",
    "revenue": 3758000000,
    "costOfRevenue": 3037000000,
    "grossProfit": 721000000,
    "grossProfitRatio": 0.1918573709,
    "researchAndDevelopmentExpenses": 0,
    "generalAndAdministrativeExpenses": 55000000,
    "sellingAndMarketingExpenses": 0,
    "sellingGeneralAndAdministrativeExpenses": 55000000,
    "otherExpenses": 0,
    "operatingExpenses": 55000000,
    "costAndExpenses": 3318000000,
    "interestIncome": 90000000,
    "interestExpense": 363000000,
    "depreciationAndAmortization": 298000000,
    "ebitda": 996000000,
    "ebitdaratio": 0.2650345929,
    "operatingIncome": 666000000,
    "operatingIncomeRatio": 0.1772219266,
    "totalOtherIncomeExpensesNet": -331000000,
    "incomeBeforeTax": 335000000,
    "incomeBeforeTaxRatio": 0.0891431613,
    "incomeTaxExpense": 96000000,
    "netIncome": 142000000,
    "netIncomeRatio": 0.0377860564,
    "eps": 0.2,
    "epsdiluted": 0.2,
    "weightedAverageShsOut": 704000000,
    "weightedAverageShsOutDil": 707000000,
    "link": "https://www.sec.gov/Archives/edgar/data/874761/000087476115000031/0000874761-15-000031-index.htm",
    "finalLink": "https://www.sec.gov/Archives/edgar/data/874761/000087476115000031/q12015form10-q.htm"
  },
  {
    "date": "2014-12-31",
    "symbol": "AES",
    "reportedCurrency": "USD",
    "cik": "0000874761",
    "fillingDate": "2015-02-26",
    "acceptedDate": "2015-02-25 19:07:16",
    "calendarYear": "2014",
    "period": "Q4",
    "revenue": 4132000000,
    "costOfRevenue": 3424000000,
    "grossProfit": 708000000,
    "grossProfitRatio": 0.1713455954,
    "researchAndDevelopmentExpenses": 0,
    "generalAndAdministrativeExpenses": 39000000,
    "sellingAndMarketingExpenses": 0,
    "sellingGeneralAndAdministrativeExpenses": 39000000,
    "otherExpenses": 0,
    "operatingExpenses": 39000000,
    "costAndExpenses": 3463000000,
    "interestIncome": 160000000,
    "interestExpense": 385000000,
    "depreciationAndAmortization": 308000000,
    "ebitda": 1127000000,
    "ebitdaratio": 0.272749274,
    "operatingIncome": 669000000,
    "operatingIncomeRatio": 0.1619070668,
    "totalOtherIncomeExpensesNet": -235000000,
    "incomeBeforeTax": 434000000,
    "incomeBeforeTaxRatio": 0.1050338819,
    "incomeTaxExpense": 116000000,
    "netIncome": 206000000,
    "netIncomeRatio": 0.0498547919,
    "eps": 0.29,
    "epsdiluted": 0.29,
    "weightedAverageShsOut": 710344828,
    "weightedAverageShsOutDil": 710344827,
    "link": "https://www.sec.gov/Archives/edgar/data/874761/000087476115000009/0000874761-15-000009-index.htm",
    "finalLink": "https://www.sec.gov/Archives/edgar/data/874761/000087476115000009/a2014form10-k.htm"
  },
  {
    "date": "2014-09-30",
    "symbol": "AES",
    "reportedCurrency": "USD",
    "cik": "0000874761",
    "fillingDate": "2014-11-06",
    "acceptedDate": "2014-11-05 17:33:27",
    "calendarYear": "2014",
    "period": "Q3",
    "revenue": 4441000000,
    "costOfRevenue": 3674000000,
    "grossProfit": 767000000,
    "grossProfitRatio": 0.1727088494,
    "researchAndDevelopmentExpenses": 0,
    "generalAndAdministrativeExpenses": 45000000,
    "sellingAndMarketingExpenses": 0,
    "sellingGeneralAndAdministrativeExpenses": 45000000,
    "otherExpenses": 0,
    "operatingExpenses": 45000000,
    "costAndExpenses": 3719000000,
    "interestIncome": 69000000,
    "interestExpense": 390000000,
    "depreciationAndAmortization": 312000000,
    "ebitda": 1308000000,
    "ebitdaratio": 0.2945282594,
    "operatingIncome": 722000000,
    "operatingIncomeRatio": 0.1625759964,
    "totalOtherIncomeExpensesNet": -116000000,
    "incomeBeforeTax": 606000000,
    "incomeBeforeTaxRatio": 0.1364557532,
    "incomeTaxExpense": 92000000,
    "netIncome": 488000000,
    "netIncomeRatio": 0.109885161,
    "eps": 0.68,
    "epsdiluted": 0.67,
    "weightedAverageShsOut": 721000000,
    "weightedAverageShsOutDil": 740000000,
    "link": "https://www.sec.gov/Archives/edgar/data/874761/000087476114000053/0000874761-14-000053-index.htm",
    "finalLink": "https://www.sec.gov/Archives/edgar/data/874761/000087476114000053/q32014form10-q.htm"
  },
  {
    "date": "2014-06-30",
    "symbol": "AES",
    "reportedCurrency": "USD",
    "cik": "0000874761",
    "fillingDate": "2014-08-07",
    "acceptedDate": "2014-08-06 17:51:11",
    "calendarYear": "2014",
    "period": "Q2",
    "revenue": 4311000000,
    "costOfRevenue": 3492000000,
    "grossProfit": 819000000,
    "grossProfitRatio": 0.1899791232,
    "researchAndDevelopmentExpenses": 0,
    "generalAndAdministrativeExpenses": 52000000,
    "sellingAndMarketingExpenses": 0,
    "sellingGeneralAndAdministrativeExpenses": 52000000,
    "otherExpenses": 0,
    "operatingExpenses": 52000000,
    "costAndExpenses": 3544000000,
    "interestIncome": 73000000,
    "interestExpense": 323000000,
    "depreciationAndAmortization": 319000000,
    "ebitda": 1060000000,
    "ebitdaratio": 0.2458826258,
    "operatingIncome": 767000000,
    "operatingIncomeRatio": 0.1779169566,
    "totalOtherIncomeExpensesNet": -349000000,
    "incomeBeforeTax": 418000000,
    "incomeBeforeTaxRatio": 0.0969612619,
    "incomeTaxExpense": 157000000,
    "netIncome": 133000000,
    "netIncomeRatio": 0.0308513106,
    "eps": 0.18,
    "epsdiluted": 0.18,
    "weightedAverageShsOut": 725000000,
    "weightedAverageShsOutDil": 728000000,
    "link": "https://www.sec.gov/Archives/edgar/data/874761/000087476114000046/0000874761-14-000046-index.htm",
    "finalLink": "https://www.sec.gov/Archives/edgar/data/874761/000087476114000046/q22014form10-q.htm"
  },
  {
    "date": "2014-03-31",
    "symbol": "AES",
    "reportedCurrency": "USD",
    "cik": "0000874761",
    "fillingDate": "2014-05-08",
    "acceptedDate": "2014-05-07 17:37:43",
    "calendarYear": "2014",
    "period": "Q1",
    "revenue": 4262000000,
    "costOfRevenue": 3468000000,
    "grossProfit": 794000000,
    "grossProfitRatio": 0.1862975129,
    "researchAndDevelopmentExpenses": 0,
    "generalAndAdministrativeExpenses": 51000000,
    "sellingAndMarketingExpenses": 0,
    "sellingGeneralAndAdministrativeExpenses": 51000000,
    "otherExpenses": 0,
    "operatingExpenses": 51000000,
    "costAndExpenses": 3519000000,
    "interestIncome": 63000000,
    "interestExpense": 373000000,
    "depreciationAndAmortization": 306000000,
    "ebitda": 797000000,
    "ebitdaratio": 0.1870014078,
    "operatingIncome": 743000000,
    "operatingIncomeRatio": 0.1743312999,
    "totalOtherIncomeExpensesNet": -625000000,
    "incomeBeforeTax": 118000000,
    "incomeBeforeTaxRatio": 0.0276865321,
    "incomeTaxExpense": 54000000,
    "netIncome": -58000000,
    "netIncomeRatio": -0.0136086344,
    "eps": -0.08,
    "epsdiluted": -0.08,
    "weightedAverageShsOut": 724000000,
    "weightedAverageShsOutDil": 724000000,
    "link": "https://www.sec.gov/Archives/edgar/data/874761/000087476114000036/0000874761-14-000036-index.htm",
    "finalLink": "https://www.sec.gov/Archives/edgar/data/874761/000087476114000036/q12014form10-q.htm"
  },
  {
    "date": "2013-12-31",
    "symbol": "AES",
    "reportedCurrency": "USD",
    "cik": "0000874761",
    "fillingDate": "2014-02-26",
    "acceptedDate": "2014-02-25 21:30:59",
    "calendarYear": "2013",
    "period": "Q4",
    "revenue": 3800000000,
    "costOfRevenue": 3130000000,
    "grossProfit": 670000000,
    "grossProfitRatio": 0.1763157895,
    "researchAndDevelopmentExpenses": 0,
    "generalAndAdministrativeExpenses": 37000000,
    "sellingAndMarketingExpenses": 0,
    "sellingGeneralAndAdministrativeExpenses": 37000000,
    "otherExpenses": 0,
    "operatingExpenses": 37000000,
    "costAndExpenses": 3176000000,
    "interestIncome": 62000000,
    "interestExpense": 417000000,
    "depreciationAndAmortization": 312000000,
    "ebitda": 672000000,
    "ebitdaratio": 0.1768421053,
    "operatingIncome": 607000000,
    "operatingIncomeRatio": 0.1597368421,
    "totalOtherIncomeExpensesNet": -664000000,
    "incomeBeforeTax": -57000000,
    "incomeBeforeTaxRatio": -0.015,
    "incomeTaxExpense": 58000000,
    "netIncome": -206000000,
    "netIncomeRatio": -0.0542105263,
    "eps": 0,
    "epsdiluted": 0,
    "weightedAverageShsOut": 0,
    "weightedAverageShsOutDil": 735714285,
    "link": "https://www.sec.gov/Archives/edgar/data/874761/000087476114000011/0000874761-14-000011-index.htm",
    "finalLink": "https://www.sec.gov/Archives/edgar/data/874761/000087476114000011/a2013form10-k.htm"
  },
  {
    "date": "2013-09-30",
    "symbol": "AES",
    "reportedCurrency": "USD",
    "cik": "0000874761",
    "fillingDate": "2013-11-07",
    "acceptedDate": "2013-11-06 17:34:54",
    "calendarYear": "2013",
    "period": "Q3",
    "revenue": 3996000000,
    "costOfRevenue": 3069000000,
    "grossProfit": 927000000,
    "grossProfitRatio": 0.231981982,
    "researchAndDevelopmentExpenses": 0,
    "generalAndAdministrativeExpenses": 53000000,
    "sellingAndMarketingExpenses": 0,
    "sellingGeneralAndAdministrativeExpenses": 53000000,
    "otherExpenses": 0,
    "operatingExpenses": 53000000,
    "costAndExpenses": 3122000000,
    "interestIncome": 85000000,
    "interestExpense": 358000000,
    "depreciationAndAmortization": 321000000,
    "ebitda": 1129000000,
    "ebitdaratio": 0.2825325325,
    "operatingIncome": 874000000,
    "operatingIncomeRatio": 0.2187187187,
    "totalOtherIncomeExpensesNet": -424000000,
    "incomeBeforeTax": 450000000,
    "incomeBeforeTaxRatio": 0.1126126126,
    "incomeTaxExpense": 126000000,
    "netIncome": 71000000,
    "netIncomeRatio": 0.0177677678,
    "eps": 0.09,
    "epsdiluted": 0.09,
    "weightedAverageShsOut": 742000000,
    "weightedAverageShsOutDil": 747000000,
    "link": "https://www.sec.gov/Archives/edgar/data/874761/000087476113000025/0000874761-13-000025-index.htm",
    "finalLink": "https://www.sec.gov/Archives/edgar/data/874761/000087476113000025/q32013form10-q.htm"
  },
  {
    "date": "2013-06-30",
    "symbol": "AES",
    "reportedCurrency": "USD",
    "cik": "0000874761",
    "fillingDate": "2013-08-08",
    "acceptedDate": "2013-08-07 17:32:22",
    "calendarYear": "2013",
    "period": "Q2",
    "revenue": 3945000000,
    "costOfRevenue": 3044000000,
    "grossProfit": 901000000,
    "grossProfitRatio": 0.2283903676,
    "researchAndDevelopmentExpenses": 0,
    "generalAndAdministrativeExpenses": 53000000,
    "sellingAndMarketingExpenses": 0,
    "sellingGeneralAndAdministrativeExpenses": 53000000,
    "otherExpenses": 0,
    "operatingExpenses": 53000000,
    "costAndExpenses": 3097000000,
    "interestIncome": 63000000,
    "interestExpense": 337000000,
    "depreciationAndAmortization": 332000000,
    "ebitda": 1076000000,
    "ebitdaratio": 0.2727503169,
    "operatingIncome": 848000000,
    "operatingIncomeRatio": 0.2149556401,
    "totalOtherIncomeExpensesNet": -441000000,
    "incomeBeforeTax": 407000000,
    "incomeBeforeTaxRatio": 0.1031685678,
    "incomeTaxExpense": 76000000,
    "netIncome": 167000000,
    "netIncomeRatio": 0.0423320659,
    "eps": 0.22,
    "epsdiluted": 0.22,
    "weightedAverageShsOut": 747000000,
    "weightedAverageShsOutDil": 751000000,
    "link": "https://www.sec.gov/Archives/edgar/data/874761/000087476113000008/0000874761-13-000008-index.htm",
    "finalLink": "https://www.sec.gov/Archives/edgar/data/874761/000087476113000008/q22013form10-q.htm"
  },
  {
    "date": "2013-03-31",
    "symbol": "AES",
    "reportedCurrency": "USD",
    "cik": "0000874761",
    "fillingDate": "2013-05-09",
    "acceptedDate": "2013-05-08 17:57:53",
    "calendarYear": "2013",
    "period": "Q1",
    "revenue": 4150000000,
    "costOfRevenue": 3401000000,
    "grossProfit": 749000000,
    "grossProfitRatio": 0.1804819277,
    "researchAndDevelopmentExpenses": 0,
    "generalAndAdministrativeExpenses": 54000000,
    "sellingAndMarketingExpenses": 0,
    "sellingGeneralAndAdministrativeExpenses": 54000000,
    "otherExpenses": 0,
    "operatingExpenses": 54000000,
    "costAndExpenses": 3455000000,
    "interestIncome": 65000000,
    "interestExpense": 370000000,
    "depreciationAndAmortization": 329000000,
    "ebitda": 1009000000,
    "ebitdaratio": 0.2431325301,
    "operatingIncome": 695000000,
    "operatingIncomeRatio": 0.1674698795,
    "totalOtherIncomeExpensesNet": -385000000,
    "incomeBeforeTax": 310000000,
    "incomeBeforeTaxRatio": 0.0746987952,
    "incomeTaxExpense": 83000000,
    "netIncome": 82000000,
    "netIncomeRatio": 0.0197590361,
    "eps": 0.11,
    "epsdiluted": 0.11,
    "weightedAverageShsOut": 745000000,
    "weightedAverageShsOutDil": 749000000,
    "link": "https://www.sec.gov/Archives/edgar/data/874761/000119312513207967/0001193125-13-207967-index.htm",
    "finalLink": "https://www.sec.gov/Archives/edgar/data/874761/000119312513207967/d531783d10q.htm"
  },
  {
    "date": "2012-12-31",
    "symbol": "AES",
    "reportedCurrency": "USD",
    "cik": "0000874761",
    "fillingDate": "2013-02-27",
    "acceptedDate": "2013-02-26 19:09:37",
    "calendarYear": "2012",
    "period": "Q4",
    "revenue": 4622000000,
    "costOfRevenue": 3682000000,
    "grossProfit": 940000000,
    "grossProfitRatio": 0.2033751623,
    "researchAndDevelopmentExpenses": 0,
    "generalAndAdministrativeExpenses": 0,
    "sellingAndMarketingExpenses": 0,
    "sellingGeneralAndAdministrativeExpenses": 76000000,
    "otherExpenses": 0,
    "operatingExpenses": 76000000,
    "costAndExpenses": 3758000000,
    "interestIncome": 86000000,
    "interestExpense": 370000000,
    "depreciationAndAmortization": 356000000,
    "ebitda": 1317000000,
    "ebitdaratio": 0.2849415837,
    "operatingIncome": 864000000,
    "operatingIncomeRatio": 0.186932064,
    "totalOtherIncomeExpensesNet": -273000000,
    "incomeBeforeTax": 591000000,
    "incomeBeforeTaxRatio": 0.1278667244,
    "incomeTaxExpense": 189000000,
    "netIncome": 175000000,
    "netIncomeRatio": 0.0378623972,
    "eps": 0,
    "epsdiluted": 0,
    "weightedAverageShsOut": 0,
    "weightedAverageShsOutDil": 752000000,
    "link": "https://www.sec.gov/Archives/edgar/data/874761/000119312513077580/0001193125-13-077580-index.htm",
    "finalLink": "https://www.sec.gov/Archives/edgar/data/874761/000119312513077580/d472985d10k.htm"
  },
  {
    "date": "2012-09-30",
    "symbol": "AES",
    "reportedCurrency": "USD",
    "cik": "0000874761",
    "fillingDate": "2012-11-07",
    "acceptedDate": "2012-11-06 17:39:33",
    "calendarYear": "2012",
    "period": "Q3",
    "revenue": 4355000000,
    "costOfRevenue": 3388000000,
    "grossProfit": 967000000,
    "grossProfitRatio": 0.222043628,
    "researchAndDevelopmentExpenses": 0,
    "generalAndAdministrativeExpenses": 64000000,
    "sellingAndMarketingExpenses": 0,
    "sellingGeneralAndAdministrativeExpenses": 64000000,
    "otherExpenses": 0,
    "operatingExpenses": 64000000,
    "costAndExpenses": 3452000000,
    "interestIncome": 88000000,
    "interestExpense": 396000000,
    "depreciationAndAmortization": 332000000,
    "ebitda": -555000000,
    "ebitdaratio": -0.1274397245,
    "operatingIncome": 903000000,
    "operatingIncomeRatio": 0.207347876,
    "totalOtherIncomeExpensesNet": -2186000000,
    "incomeBeforeTax": -1283000000,
    "incomeBeforeTaxRatio": -0.2946039036,
    "incomeTaxExpense": 172000000,
    "netIncome": -1568000000,
    "netIncomeRatio": -0.3600459242,
    "eps": -2.1,
    "epsdiluted": -2.1,
    "weightedAverageShsOut": 747000000,
    "weightedAverageShsOutDil": 747000000,
    "link": "https://www.sec.gov/Archives/edgar/data/874761/000119312512454917/0001193125-12-454917-index.htm",
    "finalLink": "https://www.sec.gov/Archives/edgar/data/874761/000119312512454917/d432577d10q.htm"
  },
  {
    "date": "2012-06-30",
    "symbol": "AES",
    "reportedCurrency": "USD",
    "cik": "0000874761",
    "fillingDate": "2012-08-06",
    "acceptedDate": "2012-08-03 17:33:59",
    "calendarYear": "2012",
    "period": "Q2",
    "revenue": 4089000000,
    "costOfRevenue": 3396000000,
    "grossProfit": 693000000,
    "grossProfitRatio": 0.1694790902,
    "researchAndDevelopmentExpenses": 0,
    "generalAndAdministrativeExpenses": 74000000,
    "sellingAndMarketingExpenses": 0,
    "sellingGeneralAndAdministrativeExpenses": 74000000,
    "otherExpenses": 0,
    "operatingExpenses": 74000000,
    "costAndExpenses": 3470000000,
    "interestIncome": 82000000,
    "interestExpense": 384000000,
    "depreciationAndAmortization": 346000000,
    "ebitda": 931000000,
    "ebitdaratio": 0.2276840303,
    "operatingIncome": 619000000,
    "operatingIncomeRatio": 0.1513817559,
    "totalOtherIncomeExpensesNet": -418000000,
    "incomeBeforeTax": 201000000,
    "incomeBeforeTaxRatio": 0.0491562729,
    "incomeTaxExpense": 75000000,
    "netIncome": 140000000,
    "netIncomeRatio": 0.0342382,
    "eps": 0.18,
    "epsdiluted": 0.18,
    "weightedAverageShsOut": 764000000,
    "weightedAverageShsOutDil": 768000000,
    "link": "https://www.sec.gov/Archives/edgar/data/874761/000119312512335182/0001193125-12-335182-index.htm",
    "finalLink": "https://www.sec.gov/Archives/edgar/data/874761/000119312512335182/d385489d10q.htm"
  },
  {
    "date": "2012-03-31",
    "symbol": "AES",
    "reportedCurrency": "USD",
    "cik": "0000874761",
    "fillingDate": "2012-05-04",
    "acceptedDate": "2012-05-03 17:42:37",
    "calendarYear": "2012",
    "period": "Q1",
    "revenue": 4586000000,
    "costOfRevenue": 3514000000,
    "grossProfit": 1072000000,
    "grossProfitRatio": 0.2337549062,
    "researchAndDevelopmentExpenses": 0,
    "generalAndAdministrativeExpenses": 87000000,
    "sellingAndMarketingExpenses": 0,
    "sellingGeneralAndAdministrativeExpenses": 87000000,
    "otherExpenses": 0,
    "operatingExpenses": 87000000,
    "costAndExpenses": 3601000000,
    "interestIncome": 91000000,
    "interestExpense": 416000000,
    "depreciationAndAmortization": 360000000,
    "ebitda": 1545000000,
    "ebitdaratio": 0.3368948975,
    "operatingIncome": 985000000,
    "operatingIncomeRatio": 0.2147841256,
    "totalOtherIncomeExpensesNet": -216000000,
    "incomeBeforeTax": 769000000,
    "incomeBeforeTaxRatio": 0.1676842564,
    "incomeTaxExpense": 268000000,
    "netIncome": 341000000,
    "netIncomeRatio": 0.0743567379,
    "eps": 0.45,
    "epsdiluted": 0.44,
    "weightedAverageShsOut": 766000000,
    "weightedAverageShsOutDil": 785000000,
    "link": "https://www.sec.gov/Archives/edgar/data/874761/000119312512209005/0001193125-12-209005-index.htm",
    "finalLink": "https://www.sec.gov/Archives/edgar/data/874761/000119312512209005/d343256d10q.htm"
  },
  {
    "date": "2011-12-31",
    "symbol": "AES",
    "reportedCurrency": "USD",
    "cik": "0000874761",
    "fillingDate": "2012-02-27",
    "acceptedDate": "2012-02-24 18:35:33",
    "calendarYear": "2011",
    "period": "Q4",
    "revenue": 4157000000,
    "costOfRevenue": 3042000000,
    "grossProfit": 1115000000,
    "grossProfitRatio": 0.2682222757,
    "researchAndDevelopmentExpenses": 0,
    "generalAndAdministrativeExpenses": 0,
    "sellingAndMarketingExpenses": 0,
    "sellingGeneralAndAdministrativeExpenses": 108000000,
    "otherExpenses": 0,
    "operatingExpenses": 108000000,
    "costAndExpenses": 3150000000,
    "interestIncome": 107000000,
    "interestExpense": 425000000,
    "depreciationAndAmortization": 315000000,
    "ebitda": 1400000000,
    "ebitdaratio": 0.3367813327,
    "operatingIncome": 1007000000,
    "operatingIncomeRatio": 0.2422420014,
    "totalOtherIncomeExpensesNet": -347000000,
    "incomeBeforeTax": 660000000,
    "incomeBeforeTaxRatio": 0.1587683426,
    "incomeTaxExpense": 167000000,
    "netIncome": -209000000,
    "netIncomeRatio": -0.0502766418,
    "eps": 0,
    "epsdiluted": 0,
    "weightedAverageShsOut": 0,
    "weightedAverageShsOutDil": 781500000,
    "link": "https://www.sec.gov/Archives/edgar/data/874761/000119312512078654/0001193125-12-078654-index.htm",
    "finalLink": "https://www.sec.gov/Archives/edgar/data/874761/000119312512078654/d290041d10k.htm"
  },
  {
    "date": "2011-09-30",
    "symbol": "AES",
    "reportedCurrency": "USD",
    "cik": "0000874761",
    "fillingDate": "2011-11-04",
    "acceptedDate": "2011-11-03 17:42:06",
    "calendarYear": "2011",
    "period": "Q3",
    "revenue": 4307000000,
    "costOfRevenue": 3297000000,
    "grossProfit": 1010000000,
    "grossProfitRatio": 0.2345019735,
    "researchAndDevelopmentExpenses": 0,
    "generalAndAdministrativeExpenses": 0,
    "sellingAndMarketingExpenses": 0,
    "sellingGeneralAndAdministrativeExpenses": 90000000,
    "otherExpenses": 0,
    "operatingExpenses": 90000000,
    "costAndExpenses": 3387000000,
    "interestIncome": 102000000,
    "interestExpense": 418000000,
    "depreciationAndAmortization": 325000000,
    "ebitda": 1009000000,
    "ebitdaratio": 0.2342697934,
    "operatingIncome": 920000000,
    "operatingIncomeRatio": 0.2136057581,
    "totalOtherIncomeExpensesNet": -654000000,
    "incomeBeforeTax": 266000000,
    "incomeBeforeTaxRatio": 0.0617599257,
    "incomeTaxExpense": 68000000,
    "netIncome": -131000000,
    "netIncomeRatio": -0.0304156025,
    "eps": -0.17,
    "epsdiluted": -0.17,
    "weightedAverageShsOut": 778000000,
    "weightedAverageShsOutDil": 778000000,
    "link": "https://www.sec.gov/Archives/edgar/data/874761/000119312511295471/0001193125-11-295471-index.htm",
    "finalLink": "https://www.sec.gov/Archives/edgar/data/874761/000119312511295471/d250893d10q.htm"
  },
  {
    "date": "2011-06-30",
    "symbol": "AES",
    "reportedCurrency": "USD",
    "cik": "0000874761",
    "fillingDate": "2011-08-05",
    "acceptedDate": "2011-08-04 17:35:22",
    "calendarYear": "2011",
    "period": "Q2",
    "revenue": 4435000000,
    "costOfRevenue": 3443000000,
    "grossProfit": 992000000,
    "grossProfitRatio": 0.22367531,
    "researchAndDevelopmentExpenses": 0,
    "generalAndAdministrativeExpenses": 0,
    "sellingAndMarketingExpenses": 0,
    "sellingGeneralAndAdministrativeExpenses": 97000000,
    "otherExpenses": 0,
    "operatingExpenses": 97000000,
    "costAndExpenses": 3540000000,
    "interestIncome": 96000000,
    "interestExpense": 381000000,
    "depreciationAndAmortization": 317000000,
    "ebitda": 1312000000,
    "ebitdaratio": 0.2958286359,
    "operatingIncome": 895000000,
    "operatingIncomeRatio": 0.2018038331,
    "totalOtherIncomeExpensesNet": -281000000,
    "incomeBeforeTax": 614000000,
    "incomeBeforeTaxRatio": 0.1384441939,
    "incomeTaxExpense": 174000000,
    "netIncome": 174000000,
    "netIncomeRatio": 0.0392333709,
    "eps": 0.22,
    "epsdiluted": 0.22,
    "weightedAverageShsOut": 782000000,
    "weightedAverageShsOutDil": 787000000,
    "link": "https://www.sec.gov/Archives/edgar/data/874761/000119312511210642/0001193125-11-210642-index.htm",
    "finalLink": "https://www.sec.gov/Archives/edgar/data/874761/000119312511210642/d10q.htm"
  },
  {
    "date": "2011-03-31",
    "symbol": "AES",
    "reportedCurrency": "USD",
    "cik": "0000874761",
    "fillingDate": "2011-05-09",
    "acceptedDate": "2011-05-06 17:34:25",
    "calendarYear": "2011",
    "period": "Q1",
    "revenue": 4156000000,
    "costOfRevenue": 3163000000,
    "grossProfit": 993000000,
    "grossProfitRatio": 0.2389316651,
    "researchAndDevelopmentExpenses": 0,
    "generalAndAdministrativeExpenses": 0,
    "sellingAndMarketingExpenses": 0,
    "sellingGeneralAndAdministrativeExpenses": 95000000,
    "otherExpenses": 0,
    "operatingExpenses": 95000000,
    "costAndExpenses": 3258000000,
    "interestIncome": 95000000,
    "interestExpense": 338000000,
    "depreciationAndAmortization": 305000000,
    "ebitda": 1338000000,
    "ebitdaratio": 0.3219441771,
    "operatingIncome": 898000000,
    "operatingIncomeRatio": 0.2160731473,
    "totalOtherIncomeExpensesNet": -203000000,
    "incomeBeforeTax": 695000000,
    "incomeBeforeTaxRatio": 0.1672281039,
    "incomeTaxExpense": 215000000,
    "netIncome": 224000000,
    "netIncomeRatio": 0.0538979788,
    "eps": 0.28,
    "epsdiluted": 0.28,
    "weightedAverageShsOut": 787000000,
    "weightedAverageShsOutDil": 792000000,
    "link": "https://www.sec.gov/Archives/edgar/data/874761/000119312511131020/0001193125-11-131020-index.htm",
    "finalLink": "https://www.sec.gov/Archives/edgar/data/874761/000119312511131020/d10q.htm"
  },
  {
    "date": "2010-12-31",
    "symbol": "AES",
    "reportedCurrency": "USD",
    "cik": "0000874761",
    "fillingDate": "2011-02-28",
    "acceptedDate": "2011-02-25 17:37:23",
    "calendarYear": "2010",
    "period": "Q4",
    "revenue": 4404000000,
    "costOfRevenue": 3393000000,
    "grossProfit": 1011000000,
    "grossProfitRatio": 0.2295640327,
    "researchAndDevelopmentExpenses": 0,
    "generalAndAdministrativeExpenses": 0,
    "sellingAndMarketingExpenses": 0,
    "sellingGeneralAndAdministrativeExpenses": 113000000,
    "otherExpenses": 0,
    "operatingExpenses": 113000000,
    "costAndExpenses": 3506000000,
    "interestIncome": 104000000,
    "interestExpense": 359000000,
    "depreciationAndAmortization": 302000000,
    "ebitda": 218000000,
    "ebitdaratio": 0.0495004541,
    "operatingIncome": 898000000,
    "operatingIncomeRatio": 0.2039055404,
    "totalOtherIncomeExpensesNet": -1341000000,
    "incomeBeforeTax": -443000000,
    "incomeBeforeTaxRatio": -0.1005903724,
    "incomeTaxExpense": -255000000,
    "netIncome": -436000000,
    "netIncomeRatio": -0.0990009083,
    "eps": 0,
    "epsdiluted": 0,
    "weightedAverageShsOut": 0,
    "weightedAverageShsOutDil": 791642857,
    "link": "https://www.sec.gov/Archives/edgar/data/874761/000119312511047720/0001193125-11-047720-index.htm",
    "finalLink": "https://www.sec.gov/Archives/edgar/data/874761/000119312511047720/d10k.htm"
  },
  {
    "date": "2010-09-30",
    "symbol": "AES",
    "reportedCurrency": "USD",
    "cik": "0000874761",
    "fillingDate": "2010-11-04",
    "acceptedDate": "2010-11-03 17:44:30",
    "calendarYear": "2010",
    "period": "Q3",
    "revenue": 3990000000,
    "costOfRevenue": 3023000000,
    "grossProfit": 967000000,
    "grossProfitRatio": 0.2423558897,
    "researchAndDevelopmentExpenses": 0,
    "generalAndAdministrativeExpenses": 0,
    "sellingAndMarketingExpenses": 0,
    "sellingGeneralAndAdministrativeExpenses": 98000000,
    "otherExpenses": 0,
    "operatingExpenses": 98000000,
    "costAndExpenses": 3121000000,
    "interestIncome": 96000000,
    "interestExpense": 381000000,
    "depreciationAndAmortization": 292000000,
    "ebitda": 1038000000,
    "ebitdaratio": 0.2601503759,
    "operatingIncome": 869000000,
    "operatingIncomeRatio": 0.2177944862,
    "totalOtherIncomeExpensesNet": -504000000,
    "incomeBeforeTax": 365000000,
    "incomeBeforeTaxRatio": 0.0914786967,
    "incomeTaxExpense": 102000000,
    "netIncome": 114000000,
    "netIncomeRatio": 0.0285714286,
    "eps": 0.14,
    "epsdiluted": 0.14,
    "weightedAverageShsOut": 814285714,
    "weightedAverageShsOutDil": 814285714,
    "link": "https://www.sec.gov/Archives/edgar/data/874761/000119312510246393/0001193125-10-246393-index.htm",
    "finalLink": "https://www.sec.gov/Archives/edgar/data/874761/000119312510246393/d10q.htm"
  },
  {
    "date": "2010-06-30",
    "symbol": "AES",
    "reportedCurrency": "USD",
    "cik": "0000874761",
    "fillingDate": "2010-08-06",
    "acceptedDate": "2010-08-05 17:35:40",
    "calendarYear": "2010",
    "period": "Q2",
    "revenue": 3923000000,
    "costOfRevenue": 2921000000,
    "grossProfit": 1002000000,
    "grossProfitRatio": 0.2554167729,
    "researchAndDevelopmentExpenses": 0,
    "generalAndAdministrativeExpenses": 0,
    "sellingAndMarketingExpenses": 0,
    "sellingGeneralAndAdministrativeExpenses": 101000000,
    "otherExpenses": 0,
    "operatingExpenses": 101000000,
    "costAndExpenses": 3022000000,
    "interestIncome": 101000000,
    "interestExpense": 389000000,
    "depreciationAndAmortization": 291000000,
    "ebitda": 1236000000,
    "ebitdaratio": 0.3150650013,
    "operatingIncome": 901000000,
    "operatingIncomeRatio": 0.22967117,
    "totalOtherIncomeExpensesNet": -345000000,
    "incomeBeforeTax": 556000000,
    "incomeBeforeTaxRatio": 0.1417282692,
    "incomeTaxExpense": 261000000,
    "netIncome": 144000000,
    "netIncomeRatio": 0.0367066021,
    "eps": 0.18,
    "epsdiluted": 0.18,
    "weightedAverageShsOut": 695000000,
    "weightedAverageShsOutDil": 800000000,
    "link": "https://www.sec.gov/Archives/edgar/data/874761/000119312510179614/0001193125-10-179614-index.htm",
    "finalLink": "https://www.sec.gov/Archives/edgar/data/874761/000119312510179614/d10q.htm"
  },
  {
    "date": "2010-03-31",
    "symbol": "AES",
    "reportedCurrency": "USD",
    "cik": "0000874761",
    "fillingDate": "2010-05-07",
    "acceptedDate": "2010-05-06 17:33:57",
    "calendarYear": "2010",
    "period": "Q1",
    "revenue": 3920000000,
    "costOfRevenue": 2959000000,
    "grossProfit": 961000000,
    "grossProfitRatio": 0.2451530612,
    "researchAndDevelopmentExpenses": 0,
    "generalAndAdministrativeExpenses": 0,
    "sellingAndMarketingExpenses": 0,
    "sellingGeneralAndAdministrativeExpenses": 80000000,
    "otherExpenses": 0,
    "operatingExpenses": 80000000,
    "costAndExpenses": 3039000000,
    "interestIncome": 108000000,
    "interestExpense": 381000000,
    "depreciationAndAmortization": 293000000,
    "ebitda": 1228000000,
    "ebitdaratio": 0.3132653061,
    "operatingIncome": 881000000,
    "operatingIncomeRatio": 0.224744898,
    "totalOtherIncomeExpensesNet": -327000000,
    "incomeBeforeTax": 554000000,
    "incomeBeforeTaxRatio": 0.1413265306,
    "incomeTaxExpense": 186000000,
    "netIncome": 187000000,
    "netIncomeRatio": 0.0477040816,
    "eps": 0.27,
    "epsdiluted": 0.27,
    "weightedAverageShsOut": 695000000,
    "weightedAverageShsOutDil": 701000000,
    "link": "https://www.sec.gov/Archives/edgar/data/874761/000119312510111183/0001193125-10-111183-index.htm",
    "finalLink": "https://www.sec.gov/Archives/edgar/data/874761/000119312510111183/d10q.htm"
  },
  {
    "date": "2009-12-31",
    "symbol": "AES",
    "reportedCurrency": "USD",
    "cik": "0000874761",
    "fillingDate": "2010-02-26",
    "acceptedDate": "2010-02-25 17:55:00",
    "calendarYear": "2009",
    "period": "Q4",
    "revenue": 3408000000,
    "costOfRevenue": 2651000000,
    "grossProfit": 757000000,
    "grossProfitRatio": 0.2221244131,
    "researchAndDevelopmentExpenses": 0,
    "generalAndAdministrativeExpenses": 0,
    "sellingAndMarketingExpenses": 0,
    "sellingGeneralAndAdministrativeExpenses": 90000000,
    "otherExpenses": 0,
    "operatingExpenses": 90000000,
    "costAndExpenses": 2741000000,
    "interestIncome": 66000000,
    "interestExpense": 320000000,
    "depreciationAndAmortization": 282000000,
    "ebitda": 1063000000,
    "ebitdaratio": 0.3119131455,
    "operatingIncome": 667000000,
    "operatingIncomeRatio": 0.1957159624,
    "totalOtherIncomeExpensesNet": -206000000,
    "incomeBeforeTax": 461000000,
    "incomeBeforeTaxRatio": 0.1352699531,
    "incomeTaxExpense": 114000000,
    "netIncome": -48000000,
    "netIncomeRatio": -0.014084507,
    "eps": 0,
    "epsdiluted": 0,
    "weightedAverageShsOut": 0,
    "weightedAverageShsOutDil": 685500000,
    "link": "https://www.sec.gov/Archives/edgar/data/874761/000119312510041006/0001193125-10-041006-index.htm",
    "finalLink": "https://www.sec.gov/Archives/edgar/data/874761/000119312510041006/d10k.htm"
  },
  {
    "date": "2009-09-30",
    "symbol": "AES",
    "reportedCurrency": "USD",
    "cik": "0000874761",
    "fillingDate": "2009-11-06",
    "acceptedDate": "2009-11-05 17:48:31",
    "calendarYear": "2009",
    "period": "Q3",
    "revenue": 3652000000,
    "costOfRevenue": 2685000000,
    "grossProfit": 967000000,
    "grossProfitRatio": 0.2647864184,
    "researchAndDevelopmentExpenses": 0,
    "generalAndAdministrativeExpenses": 82000000,
    "sellingAndMarketingExpenses": -1000000,
    "sellingGeneralAndAdministrativeExpenses": 81000000,
    "otherExpenses": 0,
    "operatingExpenses": 81000000,
    "costAndExpenses": 2766000000,
    "interestIncome": 90000000,
    "interestExpense": 406000000,
    "depreciationAndAmortization": 269000000,
    "ebitda": 1274000000,
    "ebitdaratio": 0.3488499452,
    "operatingIncome": 886000000,
    "operatingIncomeRatio": 0.2426067908,
    "totalOtherIncomeExpensesNet": -287000000,
    "incomeBeforeTax": 599000000,
    "incomeBeforeTaxRatio": 0.1640197152,
    "incomeTaxExpense": 203000000,
    "netIncome": 185000000,
    "netIncomeRatio": 0.0506571742,
    "eps": 0.28,
    "epsdiluted": 0.28,
    "weightedAverageShsOut": 667000000,
    "weightedAverageShsOutDil": 671000000,
    "link": "https://www.sec.gov/Archives/edgar/data/874761/000119312509225854/0001193125-09-225854-index.htm",
    "finalLink": "https://www.sec.gov/Archives/edgar/data/874761/000119312509225854/d10q.htm"
  },
  {
    "date": "2009-06-30",
    "symbol": "AES",
    "reportedCurrency": "USD",
    "cik": "0000874761",
    "fillingDate": "2009-08-07",
    "acceptedDate": "2009-08-07 00:00:00",
    "calendarYear": "2009",
    "period": "Q2",
    "revenue": 3291000000,
    "costOfRevenue": 2488000000,
    "grossProfit": 803000000,
    "grossProfitRatio": 0.2439987846,
    "researchAndDevelopmentExpenses": 0,
    "generalAndAdministrativeExpenses": 0,
    "sellingAndMarketingExpenses": 0,
    "sellingGeneralAndAdministrativeExpenses": 87000000,
    "otherExpenses": 0,
    "operatingExpenses": 87000000,
    "costAndExpenses": 2575000000,
    "interestIncome": 89000000,
    "interestExpense": 368000000,
    "depreciationAndAmortization": 253000000,
    "ebitda": 1179000000,
    "ebitdaratio": 0.3582497721,
    "operatingIncome": 716000000,
    "operatingIncomeRatio": 0.2175630507,
    "totalOtherIncomeExpensesNet": -158000000,
    "incomeBeforeTax": 558000000,
    "incomeBeforeTaxRatio": 0.1695533273,
    "incomeTaxExpense": 105000000,
    "netIncome": 303000000,
    "netIncomeRatio": 0.0920692799,
    "eps": 0.45,
    "epsdiluted": 0.45,
    "weightedAverageShsOut": 667000000,
    "weightedAverageShsOutDil": 684000000,
    "link": "https://www.sec.gov/Archives/edgar/data/874761/000119312509167427/0001193125-09-167427-index.htm",
    "finalLink": "https://www.sec.gov/Archives/edgar/data/874761/000119312509167427/d10q.htm"
  },
  {
    "date": "2009-03-31",
    "symbol": "AES",
    "reportedCurrency": "USD",
    "cik": "0000874761",
    "fillingDate": "2009-05-08",
    "acceptedDate": "2009-05-07 18:03:43",
    "calendarYear": "2009",
    "period": "Q1",
    "revenue": 3269000000,
    "costOfRevenue": 2413000000,
    "grossProfit": 856000000,
    "grossProfitRatio": 0.2618537779,
    "researchAndDevelopmentExpenses": 0,
    "generalAndAdministrativeExpenses": 0,
    "sellingAndMarketingExpenses": 0,
    "sellingGeneralAndAdministrativeExpenses": 84000000,
    "otherExpenses": 10000000,
    "operatingExpenses": 94000000,
    "costAndExpenses": 2507000000,
    "interestIncome": 93000000,
    "interestExpense": 380000000,
    "depreciationAndAmortization": 245000000,
    "ebitda": 1274000000,
    "ebitdaratio": 0.3897216274,
    "operatingIncome": 762000000,
    "operatingIncomeRatio": 0.233098807,
    "totalOtherIncomeExpensesNet": -113000000,
    "incomeBeforeTax": 649000000,
    "incomeBeforeTaxRatio": 0.1985316611,
    "incomeTaxExpense": 174000000,
    "netIncome": 218000000,
    "netIncomeRatio": 0.0666870603,
    "eps": 0.33,
    "epsdiluted": 0.33,
    "weightedAverageShsOut": 665000000,
    "weightedAverageShsOutDil": 666000000,
    "link": "https://www.sec.gov/Archives/edgar/data/874761/000119312509103686/0001193125-09-103686-index.htm",
    "finalLink": "https://www.sec.gov/Archives/edgar/data/874761/000119312509103686/d10q.htm"
  },
  {
    "date": "2008-12-31",
    "symbol": "AES",
    "reportedCurrency": "USD",
    "cik": "0000874761",
    "fillingDate": "2009-02-26",
    "acceptedDate": "2009-02-26 17:30:17",
    "calendarYear": "2008",
    "period": "Q4",
    "revenue": 3475000000,
    "costOfRevenue": 0,
    "grossProfit": 3475000000,
    "grossProfitRatio": 1,
    "researchAndDevelopmentExpenses": 0,
    "generalAndAdministrativeExpenses": 0,
    "sellingAndMarketingExpenses": 0,
    "sellingGeneralAndAdministrativeExpenses": 84000000,
    "otherExpenses": -9656000000,
    "operatingExpenses": -9572000000,
    "costAndExpenses": 2791000000,
    "interestIncome": 0,
    "interestExpense": 0,
    "depreciationAndAmortization": 241000000,
    "ebitda": 2184000000,
    "ebitdaratio": 0.6284892086,
    "operatingIncome": 684000000,
    "operatingIncomeRatio": 0.1968345324,
    "totalOtherIncomeExpensesNet": 60000000,
    "incomeBeforeTax": 744000000,
    "incomeBeforeTaxRatio": 0.2141007194,
    "incomeTaxExpense": 49000000,
    "netIncome": -47000000,
    "netIncomeRatio": -0.0135251799,
    "eps": 0,
    "epsdiluted": 0,
    "weightedAverageShsOut": 0,
    "weightedAverageShsOutDil": 677500000,
    "link": "https://www.sec.gov/Archives/edgar/data/874761/000104746909001899/0001047469-09-001899-index.htm",
    "finalLink": "https://www.sec.gov/Archives/edgar/data/874761/000104746909001899/a2190712z10-k.htm"
  },
  {
    "date": "2008-09-30",
    "symbol": "AES",
    "reportedCurrency": "USD",
    "cik": "0000874761",
    "fillingDate": "2008-11-06",
    "acceptedDate": "2008-11-06 17:06:15",
    "calendarYear": "2008",
    "period": "Q3",
    "revenue": 4319000000,
    "costOfRevenue": 3357000000,
    "grossProfit": 962000000,
    "grossProfitRatio": 0.2227367446,
    "researchAndDevelopmentExpenses": 0,
    "generalAndAdministrativeExpenses": 0,
    "sellingAndMarketingExpenses": 0,
    "sellingGeneralAndAdministrativeExpenses": 90000000,
    "otherExpenses": 0,
    "operatingExpenses": 90000000,
    "costAndExpenses": 3447000000,
    "interestIncome": 156000000,
    "interestExpense": 458000000,
    "depreciationAndAmortization": 260000000,
    "ebitda": 1251000000,
    "ebitdaratio": 0.289650382,
    "operatingIncome": 846000000,
    "operatingIncomeRatio": 0.1958786756,
    "totalOtherIncomeExpensesNet": -313000000,
    "incomeBeforeTax": 533000000,
    "incomeBeforeTaxRatio": 0.1234081963,
    "incomeTaxExpense": 168000000,
    "netIncome": 145000000,
    "netIncomeRatio": 0.0335725862,
    "eps": 0.22,
    "epsdiluted": 0.22,
    "weightedAverageShsOut": 669000000,
    "weightedAverageShsOutDil": 675000000,
    "link": "https://www.sec.gov/Archives/edgar/data/874761/000104746908011742/0001047469-08-011742-index.htm",
    "finalLink": "https://www.sec.gov/Archives/edgar/data/874761/000104746908011742/a2188867z10-q.htm"
  },
  {
    "date": "2008-06-30",
    "symbol": "AES",
    "reportedCurrency": "USD",
    "cik": "0000874761",
    "fillingDate": "2008-08-07",
    "acceptedDate": "2008-08-07 16:45:11",
    "calendarYear": "2008",
    "period": "Q2",
    "revenue": 4126000000,
    "costOfRevenue": 3097000000,
    "grossProfit": 1029000000,
    "grossProfitRatio": 0.2493940863,
    "researchAndDevelopmentExpenses": 0,
    "generalAndAdministrativeExpenses": 0,
    "sellingAndMarketingExpenses": 0,
    "sellingGeneralAndAdministrativeExpenses": 99000000,
    "otherExpenses": 0,
    "operatingExpenses": 99000000,
    "costAndExpenses": 3196000000,
    "interestIncome": 133000000,
    "interestExpense": 469000000,
    "depreciationAndAmortization": 256000000,
    "ebitda": 2182000000,
    "ebitdaratio": 0.528841493,
    "operatingIncome": 930000000,
    "operatingIncomeRatio": 0.2253999031,
    "totalOtherIncomeExpensesNet": 527000000,
    "incomeBeforeTax": 1457000000,
    "incomeBeforeTaxRatio": 0.3531265148,
    "incomeTaxExpense": 318000000,
    "netIncome": 903000000,
    "netIncomeRatio": 0.2188560349,
    "eps": 1.34,
    "epsdiluted": 1.31,
    "weightedAverageShsOut": 672000000,
    "weightedAverageShsOutDil": 694000000,
    "link": "https://www.sec.gov/Archives/edgar/data/874761/000104746908008912/0001047469-08-008912-index.htm",
    "finalLink": "https://www.sec.gov/Archives/edgar/data/874761/000104746908008912/a2187152z10-q.htm"
  },
  {
    "date": "2008-03-31",
    "symbol": "AES",
    "reportedCurrency": "USD",
    "cik": "0000874761",
    "fillingDate": "2008-05-08",
    "acceptedDate": "2008-05-08 15:41:13",
    "calendarYear": "2008",
    "period": "Q1",
    "revenue": 4081000000,
    "costOfRevenue": 3039000000,
    "grossProfit": 1042000000,
    "grossProfitRatio": 0.2553295761,
    "researchAndDevelopmentExpenses": 0,
    "generalAndAdministrativeExpenses": 0,
    "sellingAndMarketingExpenses": 0,
    "sellingGeneralAndAdministrativeExpenses": 98000000,
    "otherExpenses": 0,
    "operatingExpenses": 98000000,
    "costAndExpenses": 3137000000,
    "interestIncome": 116000000,
    "interestExpense": 435000000,
    "depreciationAndAmortization": 244000000,
    "ebitda": 1303000000,
    "ebitdaratio": 0.3192844891,
    "operatingIncome": 944000000,
    "operatingIncomeRatio": 0.231315854,
    "totalOtherIncomeExpensesNet": -320000000,
    "incomeBeforeTax": 624000000,
    "incomeBeforeTaxRatio": 0.1529037001,
    "incomeTaxExpense": 239000000,
    "netIncome": 233000000,
    "netIncomeRatio": 0.0570938495,
    "eps": 0.35,
    "epsdiluted": 0.34,
    "weightedAverageShsOut": 671000000,
    "weightedAverageShsOutDil": 679000000,
    "link": "https://www.sec.gov/Archives/edgar/data/874761/000104746908006210/0001047469-08-006210-index.htm",
    "finalLink": "https://www.sec.gov/Archives/edgar/data/874761/000104746908006210/a2185517z10-q.htm"
  },
  {
    "date": "2007-12-31",
    "symbol": "AES",
    "reportedCurrency": "USD",
    "cik": "0000874761",
    "fillingDate": "2008-03-17",
    "acceptedDate": "2008-03-14 17:53:35",
    "calendarYear": "2007",
    "period": "Q4",
    "revenue": 3664000000,
    "costOfRevenue": 0,
    "grossProfit": 3664000000,
    "grossProfitRatio": 1,
    "researchAndDevelopmentExpenses": 0,
    "generalAndAdministrativeExpenses": 0,
    "sellingAndMarketingExpenses": 0,
    "sellingGeneralAndAdministrativeExpenses": 115000000,
    "otherExpenses": -7340000000,
    "operatingExpenses": -7225000000,
    "costAndExpenses": 2954000000,
    "interestIncome": 0,
    "interestExpense": 0,
    "depreciationAndAmortization": 0,
    "ebitda": 1082000000,
    "ebitdaratio": 0.2953056769,
    "operatingIncome": 710000000,
    "operatingIncomeRatio": 0.1937772926,
    "totalOtherIncomeExpensesNet": -179000000,
    "incomeBeforeTax": 531000000,
    "incomeBeforeTaxRatio": 0.1449235808,
    "incomeTaxExpense": 84000000,
    "netIncome": 17000000,
    "netIncomeRatio": 0.004639738,
    "eps": 0,
    "epsdiluted": 0,
    "weightedAverageShsOut": 0,
    "weightedAverageShsOutDil": 678500000,
    "link": "https://www.sec.gov/Archives/edgar/data/874761/000104746908002833/0001047469-08-002833-index.htm",
    "finalLink": "https://www.sec.gov/Archives/edgar/data/874761/000104746908002833/a2183492z10-k.htm"
  },
  {
    "date": "2007-09-30",
    "symbol": "AES",
    "reportedCurrency": "USD",
    "cik": "0000874761",
    "fillingDate": "2007-11-06",
    "acceptedDate": "2007-11-06 09:23:15",
    "calendarYear": "2007",
    "period": "Q3",
    "revenue": 3484000000,
    "costOfRevenue": 0,
    "grossProfit": 3484000000,
    "grossProfitRatio": 1,
    "researchAndDevelopmentExpenses": 0,
    "generalAndAdministrativeExpenses": 0,
    "sellingAndMarketingExpenses": 0,
    "sellingGeneralAndAdministrativeExpenses": 93000000,
    "otherExpenses": 2675000000,
    "operatingExpenses": 2768000000,
    "costAndExpenses": 2768000000,
    "interestIncome": 0,
    "interestExpense": 0,
    "depreciationAndAmortization": 237000000,
    "ebitda": 953000000,
    "ebitdaratio": 0.2735361653,
    "operatingIncome": 716000000,
    "operatingIncomeRatio": 0.205510907,
    "totalOtherIncomeExpensesNet": -468000000,
    "incomeBeforeTax": 248000000,
    "incomeBeforeTaxRatio": 0.0711825488,
    "incomeTaxExpense": 156000000,
    "netIncome": 104000000,
    "netIncomeRatio": 0.0298507463,
    "eps": 0.16,
    "epsdiluted": 0.15,
    "weightedAverageShsOut": 666000000,
    "weightedAverageShsOutDil": 675000000,
    "link": "https://www.sec.gov/Archives/edgar/data/874761/000104746907008464/0001047469-07-008464-index.htm",
    "finalLink": "https://www.sec.gov/Archives/edgar/data/874761/000104746907008464/a2180700z10-q.htm"
  },
  {
    "date": "2007-06-30",
    "symbol": "AES",
    "reportedCurrency": "USD",
    "cik": "0000874761",
    "fillingDate": "2007-08-09",
    "acceptedDate": "2007-08-09 17:10:14",
    "calendarYear": "2007",
    "period": "Q2",
    "revenue": 3340000000,
    "costOfRevenue": 0,
    "grossProfit": 3340000000,
    "grossProfitRatio": 1,
    "researchAndDevelopmentExpenses": 0,
    "generalAndAdministrativeExpenses": 0,
    "sellingAndMarketingExpenses": 0,
    "sellingGeneralAndAdministrativeExpenses": 89000000,
    "otherExpenses": 2436000000,
    "operatingExpenses": 2525000000,
    "costAndExpenses": 2525000000,
    "interestIncome": 0,
    "interestExpense": 0,
    "depreciationAndAmortization": 0,
    "ebitda": 815000000,
    "ebitdaratio": 0.244011976,
    "operatingIncome": 800000000,
    "operatingIncomeRatio": 0.2395209581,
    "totalOtherIncomeExpensesNet": -239000000,
    "incomeBeforeTax": 561000000,
    "incomeBeforeTaxRatio": 0.1679640719,
    "incomeTaxExpense": 275000000,
    "netIncome": 254000000,
    "netIncomeRatio": 0.0760479042,
    "eps": 0.38,
    "epsdiluted": 0.37,
    "weightedAverageShsOut": 667000000,
    "weightedAverageShsOutDil": 692000000,
    "link": "https://www.sec.gov/Archives/edgar/data/874761/000110465907061026/0001104659-07-061026-index.htm",
    "finalLink": "https://www.sec.gov/Archives/edgar/data/874761/000110465907061026/a07-21395_110q.htm"
  },
  {
    "date": "2007-03-31",
    "symbol": "AES",
    "reportedCurrency": "USD",
    "cik": "0000874761",
    "fillingDate": "2007-08-17",
    "acceptedDate": "2007-08-17 16:53:26",
    "calendarYear": "2007",
    "period": "Q1",
    "revenue": 3091000000,
    "costOfRevenue": 0,
    "grossProfit": 3091000000,
    "grossProfitRatio": 1,
    "researchAndDevelopmentExpenses": 0,
    "generalAndAdministrativeExpenses": 0,
    "sellingAndMarketingExpenses": 0,
    "sellingGeneralAndAdministrativeExpenses": 79000000,
    "otherExpenses": 2242000000,
    "operatingExpenses": 2321000000,
    "costAndExpenses": 2321000000,
    "interestIncome": 0,
    "interestExpense": 0,
    "depreciationAndAmortization": 0,
    "ebitda": 770000000,
    "ebitdaratio": 0.2491103203,
    "operatingIncome": 770000000,
    "operatingIncomeRatio": 0.2491103203,
    "totalOtherIncomeExpensesNet": -482000000,
    "incomeBeforeTax": 288000000,
    "incomeBeforeTaxRatio": 0.0931737302,
    "incomeTaxExpense": 175000000,
    "netIncome": -461000000,
    "netIncomeRatio": -0.1491426723,
    "eps": -0.69,
    "epsdiluted": -0.69,
    "weightedAverageShsOut": 668115942,
    "weightedAverageShsOutDil": 677941176,
    "link": "https://www.sec.gov/Archives/edgar/data/874761/000110465907063395/0001104659-07-063395-index.htm",
    "finalLink": "https://www.sec.gov/Archives/edgar/data/874761/000110465907063395/a07-22063_110qa.htm"
  },
  {
    "date": "2006-12-31",
    "symbol": "AES",
    "reportedCurrency": "USD",
    "cik": "0000874761",
    "fillingDate": "2007-08-07",
    "acceptedDate": "2007-08-07 06:01:50",
    "calendarYear": "2006",
    "period": "Q4",
    "revenue": 3129000000,
    "costOfRevenue": 0,
    "grossProfit": 3129000000,
    "grossProfitRatio": 1,
    "researchAndDevelopmentExpenses": 0,
    "generalAndAdministrativeExpenses": 0,
    "sellingAndMarketingExpenses": 0,
    "sellingGeneralAndAdministrativeExpenses": 125000000,
    "otherExpenses": 2572000000,
    "operatingExpenses": 2697000000,
    "costAndExpenses": 2697000000,
    "interestIncome": 0,
    "interestExpense": 0,
    "depreciationAndAmortization": 0,
    "ebitda": 432000000,
    "ebitdaratio": 0.138063279,
    "operatingIncome": 432000000,
    "operatingIncomeRatio": 0.138063279,
    "totalOtherIncomeExpensesNet": -326000000,
    "incomeBeforeTax": 106000000,
    "incomeBeforeTaxRatio": 0.0338766379,
    "incomeTaxExpense": 33000000,
    "netIncome": 81000000,
    "netIncomeRatio": 0.0258868648,
    "eps": 0,
    "epsdiluted": 0,
    "weightedAverageShsOut": 0,
    "weightedAverageShsOutDil": 674970588,
    "link": "https://www.sec.gov/Archives/edgar/data/874761/000110465907059339/0001104659-07-059339-index.htm",
    "finalLink": "https://www.sec.gov/Archives/edgar/data/874761/000110465907059339/a07-21078_110ka.htm"
  },
  {
    "date": "2006-09-30",
    "symbol": "AES",
    "reportedCurrency": "USD",
    "cik": "0000874761",
    "fillingDate": "2006-11-07",
    "acceptedDate": "2006-11-07 16:10:21",
    "calendarYear": "2006",
    "period": "Q3",
    "revenue": 2947000000,
    "costOfRevenue": 0,
    "grossProfit": 2947000000,
    "grossProfitRatio": 1,
    "researchAndDevelopmentExpenses": 0,
    "generalAndAdministrativeExpenses": 0,
    "sellingAndMarketingExpenses": 0,
    "sellingGeneralAndAdministrativeExpenses": 67000000,
    "otherExpenses": 2121000000,
    "operatingExpenses": 2188000000,
    "costAndExpenses": 2188000000,
    "interestIncome": 0,
    "interestExpense": 0,
    "depreciationAndAmortization": 0,
    "ebitda": 759000000,
    "ebitdaratio": 0.2575500509,
    "operatingIncome": 759000000,
    "operatingIncomeRatio": 0.2575500509,
    "totalOtherIncomeExpensesNet": -1122000000,
    "incomeBeforeTax": -363000000,
    "incomeBeforeTaxRatio": -0.1231761113,
    "incomeTaxExpense": 5000000,
    "netIncome": -327000000,
    "netIncomeRatio": -0.1109602986,
    "eps": -0.5,
    "epsdiluted": -0.5,
    "weightedAverageShsOut": 654000000,
    "weightedAverageShsOutDil": 654000000,
    "link": "https://www.sec.gov/Archives/edgar/data/874761/000110465906072202/0001104659-06-072202-index.htm",
    "finalLink": "https://www.sec.gov/Archives/edgar/data/874761/000110465906072202/a06-22054_110q.htm"
  },
  {
    "date": "2006-06-30",
    "symbol": "AES",
    "reportedCurrency": "USD",
    "cik": "0000874761",
    "fillingDate": "2006-08-07",
    "acceptedDate": "2006-08-07 15:38:49",
    "calendarYear": "2006",
    "period": "Q2",
    "revenue": 2862000000,
    "costOfRevenue": 0,
    "grossProfit": 2862000000,
    "grossProfitRatio": 1,
    "researchAndDevelopmentExpenses": 0,
    "generalAndAdministrativeExpenses": 0,
    "sellingAndMarketingExpenses": 0,
    "sellingGeneralAndAdministrativeExpenses": 58000000,
    "otherExpenses": 2015000000,
    "operatingExpenses": 2073000000,
    "costAndExpenses": 2073000000,
    "interestIncome": 0,
    "interestExpense": 0,
    "depreciationAndAmortization": 0,
    "ebitda": 789000000,
    "ebitdaratio": 0.2756813417,
    "operatingIncome": 789000000,
    "operatingIncomeRatio": 0.2756813417,
    "totalOtherIncomeExpensesNet": -508000000,
    "incomeBeforeTax": 281000000,
    "incomeBeforeTaxRatio": 0.0981830887,
    "incomeTaxExpense": 88000000,
    "netIncome": 175000000,
    "netIncomeRatio": 0.0611460517,
    "eps": 0.27,
    "epsdiluted": 0.26,
    "weightedAverageShsOut": 648148148,
    "weightedAverageShsOutDil": 673076923,
    "link": "https://www.sec.gov/Archives/edgar/data/874761/000110465906052004/0001104659-06-052004-index.htm",
    "finalLink": "https://www.sec.gov/Archives/edgar/data/874761/000110465906052004/a06-15773_110q.htm"
  },
  {
    "date": "2006-03-31",
    "symbol": "AES",
    "reportedCurrency": "USD",
    "cik": "0000874761",
    "fillingDate": "2006-05-08",
    "acceptedDate": "2006-05-05 21:53:14",
    "calendarYear": "2006",
    "period": "Q1",
    "revenue": 2817000000,
    "costOfRevenue": 0,
    "grossProfit": 2817000000,
    "grossProfitRatio": 1,
    "researchAndDevelopmentExpenses": 0,
    "generalAndAdministrativeExpenses": 0,
    "sellingAndMarketingExpenses": 0,
    "sellingGeneralAndAdministrativeExpenses": 57000000,
    "otherExpenses": 1900000000,
    "operatingExpenses": 1957000000,
    "costAndExpenses": 1957000000,
    "interestIncome": 0,
    "interestExpense": 0,
    "depreciationAndAmortization": 0,
    "ebitda": 860000000,
    "ebitdaratio": 0.3052893149,
    "operatingIncome": 860000000,
    "operatingIncomeRatio": 0.3052893149,
    "totalOtherIncomeExpensesNet": -344000000,
    "incomeBeforeTax": 516000000,
    "incomeBeforeTaxRatio": 0.1831735889,
    "incomeTaxExpense": 186000000,
    "netIncome": 348000000,
    "netIncomeRatio": 0.1235356763,
    "eps": 0.53,
    "epsdiluted": 0.52,
    "weightedAverageShsOut": 656603774,
    "weightedAverageShsOutDil": 669230769,
    "link": "https://www.sec.gov/Archives/edgar/data/874761/000110465906031711/0001104659-06-031711-index.htm",
    "finalLink": "https://www.sec.gov/Archives/edgar/data/874761/000110465906031711/a06-11061_110q.htm"
  },
  {
    "date": "2005-12-31",
    "symbol": "AES",
    "reportedCurrency": "USD",
    "cik": "0000874761",
    "fillingDate": "2006-04-04",
    "acceptedDate": "2006-04-04 07:56:13",
    "calendarYear": "2005",
    "period": "Q4",
    "revenue": 2973000000,
    "costOfRevenue": 0,
    "grossProfit": 2973000000,
    "grossProfitRatio": 1,
    "researchAndDevelopmentExpenses": 0,
    "generalAndAdministrativeExpenses": 0,
    "sellingAndMarketingExpenses": 0,
    "sellingGeneralAndAdministrativeExpenses": 78000000,
    "otherExpenses": 2044000000,
    "operatingExpenses": 2122000000,
    "costAndExpenses": 2122000000,
    "interestIncome": 0,
    "interestExpense": 0,
    "depreciationAndAmortization": 0,
    "ebitda": 851000000,
    "ebitdaratio": 0.2862428523,
    "operatingIncome": 851000000,
    "operatingIncomeRatio": 0.2862428523,
    "totalOtherIncomeExpensesNet": -579000000,
    "incomeBeforeTax": 272000000,
    "incomeBeforeTaxRatio": 0.0914900774,
    "incomeTaxExpense": 93000000,
    "netIncome": 177000000,
    "netIncomeRatio": 0.0595358224,
    "eps": 0,
    "epsdiluted": 0,
    "weightedAverageShsOut": 0,
    "weightedAverageShsOutDil": 667115385,
    "link": "https://www.sec.gov/Archives/edgar/data/874761/000110465906021893/0001104659-06-021893-index.htm",
    "finalLink": "https://www.sec.gov/Archives/edgar/data/874761/000110465906021893/a06-2378_110k.htm"
  },
  {
    "date": "2005-09-30",
    "symbol": "AES",
    "reportedCurrency": "USD",
    "cik": "0000874761",
    "fillingDate": "2006-04-13",
    "acceptedDate": "2006-04-12 18:49:21",
    "calendarYear": "2005",
    "period": "Q3",
    "revenue": 2759000000,
    "costOfRevenue": 0,
    "grossProfit": 2759000000,
    "grossProfitRatio": 1,
    "researchAndDevelopmentExpenses": 0,
    "generalAndAdministrativeExpenses": 0,
    "sellingAndMarketingExpenses": 0,
    "sellingGeneralAndAdministrativeExpenses": 49000000,
    "otherExpenses": 1862000000,
    "operatingExpenses": 1911000000,
    "costAndExpenses": 1911000000,
    "interestIncome": 0,
    "interestExpense": 0,
    "depreciationAndAmortization": 0,
    "ebitda": 848000000,
    "ebitdaratio": 0.3073577383,
    "operatingIncome": 848000000,
    "operatingIncomeRatio": 0.3073577383,
    "totalOtherIncomeExpensesNet": -461000000,
    "incomeBeforeTax": 387000000,
    "incomeBeforeTaxRatio": 0.1402682131,
    "incomeTaxExpense": 173000000,
    "netIncome": 244000000,
    "netIncomeRatio": 0.0884378398,
    "eps": 0.38,
    "epsdiluted": 0.37,
    "weightedAverageShsOut": 642105263,
    "weightedAverageShsOutDil": 659459459,
    "link": "https://www.sec.gov/Archives/edgar/data/874761/000110465906024786/0001104659-06-024786-index.htm",
    "finalLink": "https://www.sec.gov/Archives/edgar/data/874761/000110465906024786/a06-8674_110qa.htm"
  },
  {
    "date": "2005-06-30",
    "symbol": "AES",
    "reportedCurrency": "USD",
    "cik": "0000874761",
    "fillingDate": "2006-01-19",
    "acceptedDate": "2006-01-19 06:08:50",
    "calendarYear": "2005",
    "period": "Q2",
    "revenue": 2649000000,
    "costOfRevenue": 0,
    "grossProfit": 2649000000,
    "grossProfitRatio": 1,
    "researchAndDevelopmentExpenses": 0,
    "generalAndAdministrativeExpenses": 0,
    "sellingAndMarketingExpenses": 0,
    "sellingGeneralAndAdministrativeExpenses": 45000000,
    "otherExpenses": 2123000000,
    "operatingExpenses": 2168000000,
    "costAndExpenses": 2168000000,
    "interestIncome": 0,
    "interestExpense": 0,
    "depreciationAndAmortization": 0,
    "ebitda": 481000000,
    "ebitdaratio": 0.1815779539,
    "operatingIncome": 481000000,
    "operatingIncomeRatio": 0.1815779539,
    "totalOtherIncomeExpensesNet": -314000000,
    "incomeBeforeTax": 167000000,
    "incomeBeforeTaxRatio": 0.0630426576,
    "incomeTaxExpense": 80000000,
    "netIncome": 85000000,
    "netIncomeRatio": 0.0320875802,
    "eps": 0.13,
    "epsdiluted": 0.13,
    "weightedAverageShsOut": 653846154,
    "weightedAverageShsOutDil": 653846154,
    "link": "https://www.sec.gov/Archives/edgar/data/874761/000110465906002740/0001104659-06-002740-index.htm",
    "finalLink": "https://www.sec.gov/Archives/edgar/data/874761/000110465906002740/a05-22638_110q.htm"
  },
  {
    "date": "2005-03-31",
    "symbol": "AES",
    "reportedCurrency": "USD",
    "cik": "0000874761",
    "fillingDate": "2006-04-13",
    "acceptedDate": "2006-04-12 18:42:35",
    "calendarYear": "2005",
    "period": "Q1",
    "revenue": 2663000000,
    "costOfRevenue": 0,
    "grossProfit": 2663000000,
    "grossProfitRatio": 1,
    "researchAndDevelopmentExpenses": 0,
    "generalAndAdministrativeExpenses": 0,
    "sellingAndMarketingExpenses": 0,
    "sellingGeneralAndAdministrativeExpenses": 49000000,
    "otherExpenses": 1839000000,
    "operatingExpenses": 1888000000,
    "costAndExpenses": 1888000000,
    "interestIncome": 0,
    "interestExpense": 0,
    "depreciationAndAmortization": 224000000,
    "ebitda": 775000000,
    "ebitdaratio": 0.2910251596,
    "operatingIncome": 775000000,
    "operatingIncomeRatio": 0.2910251596,
    "totalOtherIncomeExpensesNet": -504000000,
    "incomeBeforeTax": 271000000,
    "incomeBeforeTaxRatio": 0.1017649268,
    "incomeTaxExpense": 147000000,
    "netIncome": 124000000,
    "netIncomeRatio": 0.0465640255,
    "eps": 0.19,
    "epsdiluted": 0.19,
    "weightedAverageShsOut": 652631579,
    "weightedAverageShsOutDil": 652631579,
    "link": "https://www.sec.gov/Archives/edgar/data/874761/000110465906024782/0001104659-06-024782-index.htm",
    "finalLink": "https://www.sec.gov/Archives/edgar/data/874761/000110465906024782/a06-8672_110qa.htm"
  },
  {
    "date": "2004-12-31",
    "symbol": "AES",
    "reportedCurrency": "USD",
    "cik": "0000874761",
    "fillingDate": "2005-03-30",
    "acceptedDate": "2005-03-30 16:17:37",
    "calendarYear": "2004",
    "period": "Q4",
    "revenue": 2543000000,
    "costOfRevenue": 0,
    "grossProfit": 2543000000,
    "grossProfitRatio": 1,
    "researchAndDevelopmentExpenses": 0,
    "generalAndAdministrativeExpenses": 0,
    "sellingAndMarketingExpenses": 0,
    "sellingGeneralAndAdministrativeExpenses": 52000000,
    "otherExpenses": 1829000000,
    "operatingExpenses": 1881000000,
    "costAndExpenses": 1881000000,
    "interestIncome": 0,
    "interestExpense": 0,
    "depreciationAndAmortization": 232000000,
    "ebitda": 894000000,
    "ebitdaratio": 0.3515532835,
    "operatingIncome": 662000000,
    "operatingIncomeRatio": 0.2603224538,
    "totalOtherIncomeExpensesNet": -522000000,
    "incomeBeforeTax": 140000000,
    "incomeBeforeTaxRatio": 0.0550530869,
    "incomeTaxExpense": 48000000,
    "netIncome": 160000000,
    "netIncomeRatio": 0.0629178136,
    "eps": 0,
    "epsdiluted": 0,
    "weightedAverageShsOut": 0,
    "weightedAverageShsOutDil": 650315790,
    "link": "https://www.sec.gov/Archives/edgar/data/874761/000110465905013802/0001104659-05-013802-index.htm",
    "finalLink": "https://www.sec.gov/Archives/edgar/data/874761/000110465905013802/a05-5402_110k.htm"
  },
  {
    "date": "2004-09-30",
    "symbol": "AES",
    "reportedCurrency": "USD",
    "cik": "0000874761",
    "fillingDate": "2004-11-08",
    "acceptedDate": "2004-11-08 14:49:13",
    "calendarYear": "2004",
    "period": "Q3",
    "revenue": 2422000000,
    "costOfRevenue": 0,
    "grossProfit": 2422000000,
    "grossProfitRatio": 1,
    "researchAndDevelopmentExpenses": 0,
    "generalAndAdministrativeExpenses": 0,
    "sellingAndMarketingExpenses": 0,
    "sellingGeneralAndAdministrativeExpenses": 40000000,
    "otherExpenses": 1690000000,
    "operatingExpenses": 1730000000,
    "costAndExpenses": 1730000000,
    "interestIncome": 0,
    "interestExpense": 0,
    "depreciationAndAmortization": 210000000,
    "ebitda": 692000000,
    "ebitdaratio": 0.2857142857,
    "operatingIncome": 692000000,
    "operatingIncomeRatio": 0.2857142857,
    "totalOtherIncomeExpensesNet": -478000000,
    "incomeBeforeTax": 214000000,
    "incomeBeforeTaxRatio": 0.08835673,
    "incomeTaxExpense": 128000000,
    "netIncome": 93000000,
    "netIncomeRatio": 0.0383980182,
    "eps": 0.14,
    "epsdiluted": 0.14,
    "weightedAverageShsOut": 664285714,
    "weightedAverageShsOutDil": 664285714,
    "link": "https://www.sec.gov/Archives/edgar/data/874761/000110465904034238/0001104659-04-034238-index.htm",
    "finalLink": "https://www.sec.gov/Archives/edgar/data/874761/000110465904034238/a04-12573_110q.htm"
  },
  {
    "date": "2004-06-30",
    "symbol": "AES",
    "reportedCurrency": "USD",
    "cik": "0000874761",
    "fillingDate": "2004-08-06",
    "acceptedDate": "2004-08-06 16:51:15",
    "calendarYear": "2004",
    "period": "Q2",
    "revenue": 2262000000,
    "costOfRevenue": 0,
    "grossProfit": 2262000000,
    "grossProfitRatio": 1,
    "researchAndDevelopmentExpenses": 0,
    "generalAndAdministrativeExpenses": 0,
    "sellingAndMarketingExpenses": 0,
    "sellingGeneralAndAdministrativeExpenses": 42000000,
    "otherExpenses": 1606000000,
    "operatingExpenses": 1648000000,
    "costAndExpenses": 1648000000,
    "interestIncome": 0,
    "interestExpense": 0,
    "depreciationAndAmortization": 199000000,
    "ebitda": 614000000,
    "ebitdaratio": 0.2714412025,
    "operatingIncome": 614000000,
    "operatingIncomeRatio": 0.2714412025,
    "totalOtherIncomeExpensesNet": -494000000,
    "incomeBeforeTax": 120000000,
    "incomeBeforeTaxRatio": 0.0530503979,
    "incomeTaxExpense": 17000000,
    "netIncome": 74000000,
    "netIncomeRatio": 0.032714412,
    "eps": 0.12,
    "epsdiluted": 0.11,
    "weightedAverageShsOut": 616666667,
    "weightedAverageShsOutDil": 672727273,
    "link": "https://www.sec.gov/Archives/edgar/data/874761/000110465904023037/0001104659-04-023037-index.htm",
    "finalLink": "https://www.sec.gov/Archives/edgar/data/874761/000110465904023037/a04-8773_110q.htm"
  },
  {
    "date": "2004-03-31",
    "symbol": "AES",
    "reportedCurrency": "USD",
    "cik": "0000874761",
    "fillingDate": "2004-05-10",
    "acceptedDate": "2004-05-10 17:14:33",
    "calendarYear": "2004",
    "period": "Q1",
    "revenue": 2257000000,
    "costOfRevenue": 0,
    "grossProfit": 2257000000,
    "grossProfitRatio": 1,
    "researchAndDevelopmentExpenses": 0,
    "generalAndAdministrativeExpenses": 0,
    "sellingAndMarketingExpenses": 0,
    "sellingGeneralAndAdministrativeExpenses": 48000000,
    "otherExpenses": 1578000000,
    "operatingExpenses": 1626000000,
    "costAndExpenses": 1626000000,
    "interestIncome": 0,
    "interestExpense": 0,
    "depreciationAndAmortization": 200000000,
    "ebitda": 831000000,
    "ebitdaratio": 0.36818786,
    "operatingIncome": 631000000,
    "operatingIncomeRatio": 0.2795746566,
    "totalOtherIncomeExpensesNet": -493000000,
    "incomeBeforeTax": 138000000,
    "incomeBeforeTaxRatio": 0.0611431103,
    "incomeTaxExpense": 64000000,
    "netIncome": 48000000,
    "netIncomeRatio": 0.0212671688,
    "eps": 0.08,
    "epsdiluted": 0.08,
    "weightedAverageShsOut": 600000000,
    "weightedAverageShsOutDil": 600000000,
    "link": "https://www.sec.gov/Archives/edgar/data/874761/000110465904013600/0001104659-04-013600-index.htm",
    "finalLink": "https://www.sec.gov/Archives/edgar/data/874761/000110465904013600/a04-4771_110q.htm"
  },
  {
    "date": "2003-12-31",
    "symbol": "AES",
    "reportedCurrency": "USD",
    "cik": "0000874761",
    "fillingDate": "2004-03-15",
    "acceptedDate": "2004-03-15 12:39:45",
    "calendarYear": "2003",
    "period": "Q4",
    "revenue": 2087000000,
    "costOfRevenue": 0,
    "grossProfit": 2087000000,
    "grossProfitRatio": 1,
    "researchAndDevelopmentExpenses": 0,
    "generalAndAdministrativeExpenses": 0,
    "sellingAndMarketingExpenses": 0,
    "sellingGeneralAndAdministrativeExpenses": 60000000,
    "otherExpenses": 1372000000,
    "operatingExpenses": 1432000000,
    "costAndExpenses": 1432000000,
    "interestIncome": 0,
    "interestExpense": 0,
    "depreciationAndAmortization": 0,
    "ebitda": 655000000,
    "ebitdaratio": 0.3138476282,
    "operatingIncome": 655000000,
    "operatingIncomeRatio": 0.3138476282,
    "totalOtherIncomeExpensesNet": -500000000,
    "incomeBeforeTax": 155000000,
    "incomeBeforeTaxRatio": 0.0742692861,
    "incomeTaxExpense": 66000000,
    "netIncome": -444000000,
    "netIncomeRatio": -0.2127455678,
    "eps": 0,
    "epsdiluted": 0,
    "weightedAverageShsOut": 0,
    "weightedAverageShsOutDil": 593506494,
    "link": "https://www.sec.gov/Archives/edgar/data/874761/000104746904007896/0001047469-04-007896-index.htm",
    "finalLink": "https://www.sec.gov/Archives/edgar/data/874761/000104746904007896/a2130846z10-k.htm"
  },
  {
    "date": "2003-09-30",
    "symbol": "AES",
    "reportedCurrency": "USD",
    "cik": "0000874761",
    "fillingDate": "2003-11-14",
    "acceptedDate": "2003-11-13 18:16:03",
    "calendarYear": "2003",
    "period": "Q3",
    "revenue": 2231000000,
    "costOfRevenue": 0,
    "grossProfit": 2231000000,
    "grossProfitRatio": 1,
    "researchAndDevelopmentExpenses": 0,
    "generalAndAdministrativeExpenses": 0,
    "sellingAndMarketingExpenses": 0,
    "sellingGeneralAndAdministrativeExpenses": 36000000,
    "otherExpenses": 1630000000,
    "operatingExpenses": 1666000000,
    "costAndExpenses": 1666000000,
    "interestIncome": 0,
    "interestExpense": 0,
    "depreciationAndAmortization": 0,
    "ebitda": 565000000,
    "ebitdaratio": 0.2532496638,
    "operatingIncome": 487000000,
    "operatingIncomeRatio": 0.2182877633,
    "totalOtherIncomeExpensesNet": -392000000,
    "incomeBeforeTax": 95000000,
    "incomeBeforeTaxRatio": 0.0425818019,
    "incomeTaxExpense": 33000000,
    "netIncome": 76000000,
    "netIncomeRatio": 0.0340654415,
    "eps": 0.12,
    "epsdiluted": 0.12,
    "weightedAverageShsOut": 633333333,
    "weightedAverageShsOutDil": 633333333,
    "link": "https://www.sec.gov/Archives/edgar/data/874761/000110465903026291/0001104659-03-026291-index.htm",
    "finalLink": "https://www.sec.gov/Archives/edgar/data/874761/000110465903026291/a03-5331_110q.htm"
  },
  {
    "date": "2003-06-30",
    "symbol": "AES",
    "reportedCurrency": "USD",
    "cik": "0000874761",
    "fillingDate": "2003-08-13",
    "acceptedDate": "2003-08-13 06:09:03",
    "calendarYear": "2003",
    "period": "Q2",
    "revenue": 2192000000,
    "costOfRevenue": 0,
    "grossProfit": 2192000000,
    "grossProfitRatio": 1,
    "researchAndDevelopmentExpenses": 0,
    "generalAndAdministrativeExpenses": 0,
    "sellingAndMarketingExpenses": 0,
    "sellingGeneralAndAdministrativeExpenses": 32000000,
    "otherExpenses": 1725000000,
    "operatingExpenses": 1757000000,
    "costAndExpenses": 1757000000,
    "interestIncome": 0,
    "interestExpense": 0,
    "depreciationAndAmortization": 0,
    "ebitda": 435000000,
    "ebitdaratio": 0.1984489051,
    "operatingIncome": 435000000,
    "operatingIncomeRatio": 0.1984489051,
    "totalOtherIncomeExpensesNet": -336000000,
    "incomeBeforeTax": 99000000,
    "incomeBeforeTaxRatio": 0.0451642336,
    "incomeTaxExpense": 34000000,
    "netIncome": -129000000,
    "netIncomeRatio": -0.058850365,
    "eps": -0.22,
    "epsdiluted": -0.22,
    "weightedAverageShsOut": 586363636,
    "weightedAverageShsOutDil": 586363636,
    "link": "https://www.sec.gov/Archives/edgar/data/874761/000110465903017847/0001104659-03-017847-index.htm",
    "finalLink": "https://www.sec.gov/Archives/edgar/data/874761/000110465903017847/a03-1517_110q.htm"
  },
  {
    "date": "2003-03-31",
    "symbol": "AES",
    "reportedCurrency": "USD",
    "cik": "0000874761",
    "fillingDate": "2003-05-15",
    "acceptedDate": "2003-05-15 17:20:49",
    "calendarYear": "2003",
    "period": "Q1",
    "revenue": 1911000000,
    "costOfRevenue": 0,
    "grossProfit": 1911000000,
    "grossProfitRatio": 1,
    "researchAndDevelopmentExpenses": 0,
    "generalAndAdministrativeExpenses": 0,
    "sellingAndMarketingExpenses": 0,
    "sellingGeneralAndAdministrativeExpenses": 29000000,
    "otherExpenses": 1337000000,
    "operatingExpenses": 1366000000,
    "costAndExpenses": 1366000000,
    "interestIncome": 0,
    "interestExpense": 0,
    "depreciationAndAmortization": 0,
    "ebitda": 545000000,
    "ebitdaratio": 0.2851909995,
    "operatingIncome": 545000000,
    "operatingIncomeRatio": 0.2851909995,
    "totalOtherIncomeExpensesNet": -363000000,
    "incomeBeforeTax": 182000000,
    "incomeBeforeTaxRatio": 0.0952380952,
    "incomeTaxExpense": 51000000,
    "netIncome": 93000000,
    "netIncomeRatio": 0.0486656201,
    "eps": 0.16,
    "epsdiluted": 0.16,
    "weightedAverageShsOut": 581250000,
    "weightedAverageShsOutDil": 581250000,
    "link": "https://www.sec.gov/Archives/edgar/data/874761/000110465903010432/0001104659-03-010432-index.htm",
    "finalLink": "https://www.sec.gov/Archives/edgar/data/874761/000110465903010432/j0931_10q.htm"
  },
  {
    "date": "2002-12-31",
    "symbol": "AES",
    "reportedCurrency": "USD",
    "cik": "0000874761",
    "fillingDate": "2003-03-26",
    "acceptedDate": "2003-03-26 08:14:40",
    "calendarYear": "2002",
    "period": "Q4",
    "revenue": 2134000000,
    "costOfRevenue": 0,
    "grossProfit": 2134000000,
    "grossProfitRatio": 1,
    "researchAndDevelopmentExpenses": 0,
    "generalAndAdministrativeExpenses": 0,
    "sellingAndMarketingExpenses": 0,
    "sellingGeneralAndAdministrativeExpenses": 44000000,
    "otherExpenses": 3628000000,
    "operatingExpenses": 3672000000,
    "costAndExpenses": 3672000000,
    "interestIncome": 0,
    "interestExpense": 0,
    "depreciationAndAmortization": 0,
    "ebitda": -1538000000,
    "ebitdaratio": -0.7207122774,
    "operatingIncome": -1538000000,
    "operatingIncomeRatio": -0.7207122774,
    "totalOtherIncomeExpensesNet": -1097000000,
    "incomeBeforeTax": -2635000000,
    "incomeBeforeTaxRatio": -1.2347703843,
    "incomeTaxExpense": -69000000,
    "netIncome": -2765000000,
    "netIncomeRatio": -1.2956888472,
    "eps": 0,
    "epsdiluted": 0,
    "weightedAverageShsOut": 0,
    "weightedAverageShsOutDil": 508266667,
    "link": "https://www.sec.gov/Archives/edgar/data/874761/000104746903010240/0001047469-03-010240-index.htm",
    "finalLink": "https://www.sec.gov/Archives/edgar/data/874761/000104746903010240/a2105668z10-k.htm"
  },
  {
    "date": "2002-09-30",
    "symbol": "AES",
    "reportedCurrency": "USD",
    "cik": "0000874761",
    "fillingDate": "2002-11-12",
    "acceptedDate": "2002-11-12 17:29:05",
    "calendarYear": "2002",
    "period": "Q3",
    "revenue": 1896000000,
    "costOfRevenue": 0,
    "grossProfit": 1896000000,
    "grossProfitRatio": 1,
    "researchAndDevelopmentExpenses": 0,
    "generalAndAdministrativeExpenses": 0,
    "sellingAndMarketingExpenses": 0,
    "sellingGeneralAndAdministrativeExpenses": 10000000,
    "otherExpenses": 1816000000,
    "operatingExpenses": 1826000000,
    "costAndExpenses": 1826000000,
    "interestIncome": 0,
    "interestExpense": 0,
    "depreciationAndAmortization": 0,
    "ebitda": 70000000,
    "ebitdaratio": 0.0369198312,
    "operatingIncome": 70000000,
    "operatingIncomeRatio": 0.0369198312,
    "totalOtherIncomeExpensesNet": -368000000,
    "incomeBeforeTax": -298000000,
    "incomeBeforeTaxRatio": -0.1571729958,
    "incomeTaxExpense": -91000000,
    "netIncome": -315000000,
    "netIncomeRatio": -0.1661392405,
    "eps": -0.58,
    "epsdiluted": -0.58,
    "weightedAverageShsOut": 542000000,
    "weightedAverageShsOutDil": 542000000,
    "link": "https://www.sec.gov/Archives/edgar/data/874761/000091205702042084/0000912057-02-042084-index.htm",
    "finalLink": "https://www.sec.gov/Archives/edgar/data/874761/000091205702042084/a2093034z10-q.htm"
  },
  {
    "date": "2002-06-30",
    "symbol": "AES",
    "reportedCurrency": "USD",
    "cik": "0000874761",
    "fillingDate": "2002-08-14",
    "acceptedDate": "2002-08-14 15:03:41",
    "calendarYear": "2002",
    "period": "Q2",
    "revenue": 2038000000,
    "costOfRevenue": 1691000000,
    "grossProfit": 347000000,
    "grossProfitRatio": 0.1702649657,
    "researchAndDevelopmentExpenses": 0,
    "generalAndAdministrativeExpenses": 0,
    "sellingAndMarketingExpenses": 0,
    "sellingGeneralAndAdministrativeExpenses": 28000000,
    "otherExpenses": 1661000000,
    "operatingExpenses": 1689000000,
    "costAndExpenses": 1689000000,
    "interestIncome": 0,
    "interestExpense": 0,
    "depreciationAndAmortization": 0,
    "ebitda": 349000000,
    "ebitdaratio": 0.1712463199,
    "operatingIncome": 353000000,
    "operatingIncomeRatio": 0.1732090285,
    "totalOtherIncomeExpensesNet": -461000000,
    "incomeBeforeTax": -108000000,
    "incomeBeforeTaxRatio": -0.0529931305,
    "incomeTaxExpense": -7000000,
    "netIncome": -115000000,
    "netIncomeRatio": -0.0564278705,
    "eps": -0.22,
    "epsdiluted": -0.22,
    "weightedAverageShsOut": 535000000,
    "weightedAverageShsOutDil": 535000000,
    "link": "https://www.sec.gov/Archives/edgar/data/874761/000091205702032040/0000912057-02-032040-index.htm",
    "finalLink": "https://www.sec.gov/Archives/edgar/data/874761/000091205702032040/a2087092z10-q.htm"
  },
  {
    "date": "2002-03-31",
    "symbol": "AES",
    "reportedCurrency": "USD",
    "cik": "0000874761",
    "fillingDate": "2002-05-15",
    "acceptedDate": "2002-05-15 16:39:12",
    "calendarYear": "2002",
    "period": "Q1",
    "revenue": 2201000000,
    "costOfRevenue": 1990000000,
    "grossProfit": 211000000,
    "grossProfitRatio": 0.0958655157,
    "researchAndDevelopmentExpenses": 0,
    "generalAndAdministrativeExpenses": 0,
    "sellingAndMarketingExpenses": 0,
    "sellingGeneralAndAdministrativeExpenses": 28000000,
    "otherExpenses": 1583000000,
    "operatingExpenses": 1611000000,
    "costAndExpenses": 1611000000,
    "interestIncome": 0,
    "interestExpense": 0,
    "depreciationAndAmortization": 0,
    "ebitda": 590000000,
    "ebitdaratio": 0.2680599727,
    "operatingIncome": 590000000,
    "operatingIncomeRatio": 0.2680599727,
    "totalOtherIncomeExpensesNet": -410000000,
    "incomeBeforeTax": 180000000,
    "incomeBeforeTaxRatio": 0.0817810086,
    "incomeTaxExpense": 62000000,
    "netIncome": -313000000,
    "netIncomeRatio": -0.1422080872,
    "eps": -0.59,
    "epsdiluted": -0.59,
    "weightedAverageShsOut": 541000000,
    "weightedAverageShsOutDil": 541000000,
    "link": "https://www.sec.gov/Archives/edgar/data/874761/000091205702020815/0000912057-02-020815-index.htm",
    "finalLink": "https://www.sec.gov/Archives/edgar/data/874761/000091205702020815/a2079799z10-q.htm"
  },
  {
    "date": "2001-12-31",
    "symbol": "AES",
    "reportedCurrency": "USD",
    "cik": "0000874761",
    "fillingDate": "2002-03-25",
    "acceptedDate": "2002-03-25 00:00:00",
    "calendarYear": "2001",
    "period": "Q4",
    "revenue": 2299000000,
    "costOfRevenue": 1588000000,
    "grossProfit": 711000000,
    "grossProfitRatio": 0.3092648978,
    "researchAndDevelopmentExpenses": 0,
    "generalAndAdministrativeExpenses": 0,
    "sellingAndMarketingExpenses": 0,
    "sellingGeneralAndAdministrativeExpenses": 33000000,
    "otherExpenses": 0,
    "operatingExpenses": 33000000,
    "costAndExpenses": 1621000000,
    "interestIncome": 0,
    "interestExpense": 0,
    "depreciationAndAmortization": 0,
    "ebitda": 678000000,
    "ebitdaratio": 0.2949108308,
    "operatingIncome": 678000000,
    "operatingIncomeRatio": 0.2949108308,
    "totalOtherIncomeExpensesNet": -322000000,
    "incomeBeforeTax": 356000000,
    "incomeBeforeTaxRatio": 0.1548499348,
    "incomeTaxExpense": 110000000,
    "netIncome": 52000000,
    "netIncomeRatio": 0.0226185298,
    "eps": 0,
    "epsdiluted": 0,
    "weightedAverageShsOut": 0,
    "weightedAverageShsOutDil": 540012195,
    "link": "https://www.sec.gov/Archives/edgar/data/874761/000091205702011424/0000912057-02-011424-index.htm",
    "finalLink": "https://www.sec.gov/Archives/edgar/data/874761/000091205702011424/a2074070z10-k.htm"
  },
  {
    "date": "2001-09-30",
    "symbol": "AES",
    "reportedCurrency": "USD",
    "cik": "0000874761",
    "fillingDate": "2001-11-14",
    "acceptedDate": "2001-11-14 00:00:00",
    "calendarYear": "2001",
    "period": "Q3",
    "revenue": 1845000000,
    "costOfRevenue": 1762000000,
    "grossProfit": 83000000,
    "grossProfitRatio": 0.0449864499,
    "researchAndDevelopmentExpenses": 0,
    "generalAndAdministrativeExpenses": 0,
    "sellingAndMarketingExpenses": 0,
    "sellingGeneralAndAdministrativeExpenses": 17000000,
    "otherExpenses": 1407000000,
    "operatingExpenses": 1424000000,
    "costAndExpenses": 1424000000,
    "interestIncome": 0,
    "interestExpense": 0,
    "depreciationAndAmortization": 0,
    "ebitda": 421000000,
    "ebitdaratio": 0.2281842818,
    "operatingIncome": 421000000,
    "operatingIncomeRatio": 0.2281842818,
    "totalOtherIncomeExpensesNet": -416000000,
    "incomeBeforeTax": 5000000,
    "incomeBeforeTaxRatio": 0.0027100271,
    "incomeTaxExpense": -1000000,
    "netIncome": 3000000,
    "netIncomeRatio": 0.0016260163,
    "eps": 0.01,
    "epsdiluted": 0.01,
    "weightedAverageShsOut": 531000000,
    "weightedAverageShsOutDil": 537000000,
    "link": "https://www.sec.gov/Archives/edgar/data/874761/000091205701539571/0000912057-01-539571-index.htm",
    "finalLink": "https://www.sec.gov/Archives/edgar/data/874761/000091205701539571/a2063551z10-q.txt"
  },
  {
    "date": "2001-06-30",
    "symbol": "AES",
    "reportedCurrency": "USD",
    "cik": "0000874761",
    "fillingDate": "2001-08-14",
    "acceptedDate": "2001-08-14 00:00:00",
    "calendarYear": "2001",
    "period": "Q2",
    "revenue": 1877000000,
    "costOfRevenue": 1417000000,
    "grossProfit": 460000000,
    "grossProfitRatio": 0.2450719233,
    "researchAndDevelopmentExpenses": 0,
    "generalAndAdministrativeExpenses": 0,
    "sellingAndMarketingExpenses": 0,
    "sellingGeneralAndAdministrativeExpenses": 41000000,
    "otherExpenses": 0,
    "operatingExpenses": 41000000,
    "costAndExpenses": 1458000000,
    "interestIncome": 0,
    "interestExpense": 0,
    "depreciationAndAmortization": 0,
    "ebitda": 419000000,
    "ebitdaratio": 0.2232285562,
    "operatingIncome": 419000000,
    "operatingIncomeRatio": 0.2232285562,
    "totalOtherIncomeExpensesNet": -192000000,
    "incomeBeforeTax": 227000000,
    "incomeBeforeTaxRatio": 0.1209376665,
    "incomeTaxExpense": 81000000,
    "netIncome": 115000000,
    "netIncomeRatio": 0.0612679808,
    "eps": 0.22,
    "epsdiluted": 0.21,
    "weightedAverageShsOut": 531000000,
    "weightedAverageShsOutDil": 538000000,
    "link": "https://www.sec.gov/Archives/edgar/data/874761/000091205701528456/0000912057-01-528456-index.htm",
    "finalLink": "https://www.sec.gov/Archives/edgar/data/874761/000091205701528456/a2056886z10-q.txt"
  },
  {
    "date": "2001-03-31",
    "symbol": "AES",
    "reportedCurrency": "USD",
    "cik": "0000874761",
    "fillingDate": "2001-05-15",
    "acceptedDate": "2001-05-15 00:00:00",
    "calendarYear": "2001",
    "period": "Q1",
    "revenue": 2545000000,
    "costOfRevenue": 1921000000,
    "grossProfit": 624000000,
    "grossProfitRatio": 0.2451866405,
    "researchAndDevelopmentExpenses": 0,
    "generalAndAdministrativeExpenses": 0,
    "sellingAndMarketingExpenses": 0,
    "sellingGeneralAndAdministrativeExpenses": 22000000,
    "otherExpenses": 94000000,
    "operatingExpenses": 116000000,
    "costAndExpenses": 2037000000,
    "interestIncome": 0,
    "interestExpense": 0,
    "depreciationAndAmortization": 0,
    "ebitda": 508000000,
    "ebitdaratio": 0.1996070727,
    "operatingIncome": 508000000,
    "operatingIncomeRatio": 0.1996070727,
    "totalOtherIncomeExpensesNet": -345000000,
    "incomeBeforeTax": 163000000,
    "incomeBeforeTaxRatio": 0.0640471513,
    "incomeTaxExpense": 57000000,
    "netIncome": 106000000,
    "netIncomeRatio": 0.0416502947,
    "eps": 0.2,
    "epsdiluted": 0.2,
    "weightedAverageShsOut": 532074637,
    "weightedAverageShsOutDil": 532074637,
    "link": "https://www.sec.gov/Archives/edgar/data/874761/000091205701515919/0000912057-01-515919-index.htm",
    "finalLink": "https://www.sec.gov/Archives/edgar/data/874761/000091205701515919/a2046672z10-q.txt"
  },
  {
    "date": "2000-12-31",
    "symbol": "AES",
    "reportedCurrency": "USD",
    "cik": "0000874761",
    "fillingDate": "2001-03-27",
    "acceptedDate": "2001-03-27 00:00:00",
    "calendarYear": "2000",
    "period": "Q4",
    "revenue": 1916000000,
    "costOfRevenue": 841000000,
    "grossProfit": 1075000000,
    "grossProfitRatio": 0.5610647182,
    "researchAndDevelopmentExpenses": 0,
    "generalAndAdministrativeExpenses": 0,
    "sellingAndMarketingExpenses": 0,
    "sellingGeneralAndAdministrativeExpenses": 16000000,
    "otherExpenses": 582000000,
    "operatingExpenses": 598000000,
    "costAndExpenses": 1439000000,
    "interestIncome": 0,
    "interestExpense": 0,
    "depreciationAndAmortization": 0,
    "ebitda": 477000000,
    "ebitdaratio": 0.2489561587,
    "operatingIncome": 477000000,
    "operatingIncomeRatio": 0.2489561587,
    "totalOtherIncomeExpensesNet": -170000000,
    "incomeBeforeTax": 307000000,
    "incomeBeforeTaxRatio": 0.1602296451,
    "incomeTaxExpense": 86000000,
    "netIncome": 221000000,
    "netIncomeRatio": 0.1153444676,
    "eps": 0,
    "epsdiluted": 0,
    "weightedAverageShsOut": 0,
    "weightedAverageShsOutDil": 501244419,
    "link": "https://www.sec.gov/Archives/edgar/data/874761/000091205701008514/0000912057-01-008514-index.htm",
    "finalLink": "https://www.sec.gov/Archives/edgar/data/874761/000091205701008514/a2042927z10-k.htm"
  },
  {
    "date": "2000-09-30",
    "symbol": "AES",
    "reportedCurrency": "USD",
    "cik": "0000874761",
    "fillingDate": "2000-11-14",
    "acceptedDate": "2000-11-14 00:00:00",
    "calendarYear": "2000",
    "period": "Q3",
    "revenue": 1761000000,
    "costOfRevenue": 1308000000,
    "grossProfit": 453000000,
    "grossProfitRatio": 0.2572402044,
    "researchAndDevelopmentExpenses": 0,
    "generalAndAdministrativeExpenses": 0,
    "sellingAndMarketingExpenses": 0,
    "sellingGeneralAndAdministrativeExpenses": 21000000,
    "otherExpenses": 0,
    "operatingExpenses": 21000000,
    "costAndExpenses": 1329000000,
    "interestIncome": 0,
    "interestExpense": 0,
    "depreciationAndAmortization": 0,
    "ebitda": 432000000,
    "ebitdaratio": 0.2453151618,
    "operatingIncome": 432000000,
    "operatingIncomeRatio": 0.2453151618,
    "totalOtherIncomeExpensesNet": -246000000,
    "incomeBeforeTax": 186000000,
    "incomeBeforeTaxRatio": 0.1056218058,
    "incomeTaxExpense": 52000000,
    "netIncome": 134000000,
    "netIncomeRatio": 0.0760931289,
    "eps": 0.29,
    "epsdiluted": 0.29,
    "weightedAverageShsOut": 462068966,
    "weightedAverageShsOutDil": 462068966,
    "link": "https://www.sec.gov/Archives/edgar/data/874761/000091205700049842/0000912057-00-049842-index.htm",
    "finalLink": "https://www.sec.gov/Archives/edgar/data/874761/000091205700049842/a2030695z10-q.txt"
  },
  {
    "date": "2000-06-30",
    "symbol": "AES",
    "reportedCurrency": "USD",
    "cik": "0000874761",
    "fillingDate": "2000-08-11",
    "acceptedDate": "2000-08-11 00:00:00",
    "calendarYear": "2000",
    "period": "Q2",
    "revenue": 1751000000,
    "costOfRevenue": 1358000000,
    "grossProfit": 393000000,
    "grossProfitRatio": 0.2244431753,
    "researchAndDevelopmentExpenses": 0,
    "generalAndAdministrativeExpenses": 0,
    "sellingAndMarketingExpenses": 0,
    "sellingGeneralAndAdministrativeExpenses": 19000000,
    "otherExpenses": 0,
    "operatingExpenses": 19000000,
    "costAndExpenses": 1377000000,
    "interestIncome": 0,
    "interestExpense": 0,
    "depreciationAndAmortization": 0,
    "ebitda": 374000000,
    "ebitdaratio": 0.213592233,
    "operatingIncome": 374000000,
    "operatingIncomeRatio": 0.213592233,
    "totalOtherIncomeExpensesNet": -174000000,
    "incomeBeforeTax": 200000000,
    "incomeBeforeTaxRatio": 0.1142204455,
    "incomeTaxExpense": 60000000,
    "netIncome": 140000000,
    "netIncomeRatio": 0.0799543118,
    "eps": 0.3,
    "epsdiluted": 0.28,
    "weightedAverageShsOut": 473000000,
    "weightedAverageShsOutDil": 498000000,
    "link": "https://www.sec.gov/Archives/edgar/data/874761/000091205700036614/0000912057-00-036614-index.htm",
    "finalLink": "https://www.sec.gov/Archives/edgar/data/874761/000091205700036614/a10-q.txt"
  },
  {
    "date": "2000-03-31",
    "symbol": "AES",
    "reportedCurrency": "USD",
    "cik": "0000874761",
    "fillingDate": "2000-05-15",
    "acceptedDate": "2000-05-15 00:00:00",
    "calendarYear": "2000",
    "period": "Q1",
    "revenue": 1696000000,
    "costOfRevenue": 1220000000,
    "grossProfit": 476000000,
    "grossProfitRatio": 0.2806603774,
    "researchAndDevelopmentExpenses": 0,
    "generalAndAdministrativeExpenses": 0,
    "sellingAndMarketingExpenses": 0,
    "sellingGeneralAndAdministrativeExpenses": 29000000,
    "otherExpenses": 0,
    "operatingExpenses": 29000000,
    "costAndExpenses": 1249000000,
    "interestIncome": 0,
    "interestExpense": 0,
    "depreciationAndAmortization": 0,
    "ebitda": 447000000,
    "ebitdaratio": 0.2635613208,
    "operatingIncome": 447000000,
    "operatingIncomeRatio": 0.2635613208,
    "totalOtherIncomeExpensesNet": -40000000,
    "incomeBeforeTax": 407000000,
    "incomeBeforeTaxRatio": 0.2399764151,
    "incomeTaxExpense": 133000000,
    "netIncome": 267000000,
    "netIncomeRatio": 0.1574292453,
    "eps": 0.59,
    "epsdiluted": 0.56,
    "weightedAverageShsOut": 414200000,
    "weightedAverageShsOutDil": 414200000,
    "link": "https://www.sec.gov/Archives/edgar/data/874761/000091205700024940/0000912057-00-024940-index.html",
    "finalLink": "https://www.sec.gov/Archives/edgar/data/874761/000091205700024940/"
  },
  {
    "date": "1999-12-31",
    "symbol": "AES",
    "reportedCurrency": "USD",
    "cik": "0000874761",
    "fillingDate": "2000-03-30",
    "acceptedDate": "2000-03-30 00:00:00",
    "calendarYear": "1999",
    "period": "Q4",
    "revenue": 1128000000,
    "costOfRevenue": 539000000,
    "grossProfit": 589000000,
    "grossProfitRatio": 0.5221631206,
    "researchAndDevelopmentExpenses": 0,
    "generalAndAdministrativeExpenses": 0,
    "sellingAndMarketingExpenses": 0,
    "sellingGeneralAndAdministrativeExpenses": 27000000,
    "otherExpenses": 286000000,
    "operatingExpenses": 313000000,
    "costAndExpenses": 852000000,
    "interestIncome": 0,
    "interestExpense": 0,
    "depreciationAndAmortization": 0,
    "ebitda": 276000000,
    "ebitdaratio": 0.2446808511,
    "operatingIncome": 276000000,
    "operatingIncomeRatio": 0.2446808511,
    "totalOtherIncomeExpensesNet": -91000000,
    "incomeBeforeTax": 185000000,
    "incomeBeforeTaxRatio": 0.1640070922,
    "incomeTaxExpense": 56000000,
    "netIncome": 112000000,
    "netIncomeRatio": 0.0992907801,
    "eps": 0,
    "epsdiluted": 0,
    "weightedAverageShsOut": 0,
    "weightedAverageShsOutDil": 403651724,
    "link": "https://www.sec.gov/Archives/edgar/data/874761/000091205700014628/0000912057-00-014628-index.html",
    "finalLink": "https://www.sec.gov/Archives/edgar/data/874761/000091205700014628/"
  },
  {
    "date": "1999-09-30",
    "symbol": "AES",
    "reportedCurrency": "USD",
    "cik": "0000874761",
    "fillingDate": "1999-11-15",
    "acceptedDate": "1999-11-15 00:00:00",
    "calendarYear": "1999",
    "period": "Q3",
    "revenue": 847000000,
    "costOfRevenue": 602000000,
    "grossProfit": 245000000,
    "grossProfitRatio": 0.2892561983,
    "researchAndDevelopmentExpenses": 0,
    "generalAndAdministrativeExpenses": 0,
    "sellingAndMarketingExpenses": 0,
    "sellingGeneralAndAdministrativeExpenses": 13000000,
    "otherExpenses": 0,
    "operatingExpenses": 13000000,
    "costAndExpenses": 615000000,
    "interestIncome": 0,
    "interestExpense": 0,
    "depreciationAndAmortization": 0,
    "ebitda": 847000000,
    "ebitdaratio": 1,
    "operatingIncome": 847000000,
    "operatingIncomeRatio": 1,
    "totalOtherIncomeExpensesNet": -762000000,
    "incomeBeforeTax": 85000000,
    "incomeBeforeTaxRatio": 0.1003541913,
    "incomeTaxExpense": 27000000,
    "netIncome": 58000000,
    "netIncomeRatio": 0.0684769776,
    "eps": 0.15,
    "epsdiluted": 0.15,
    "weightedAverageShsOut": 384000000,
    "weightedAverageShsOutDil": 394000000,
    "link": "https://www.sec.gov/Archives/edgar/data/874761/000091205799005829/0000912057-99-005829-index.html",
    "finalLink": "https://www.sec.gov/Archives/edgar/data/874761/000091205799005829/0000912057-99-005829-d1.html"
  },
  {
    "date": "1999-06-30",
    "symbol": "AES",
    "reportedCurrency": "USD",
    "cik": "0000874761",
    "fillingDate": "1999-08-09",
    "acceptedDate": "1999-08-09 00:00:00",
    "calendarYear": "1999",
    "period": "Q2",
    "revenue": 640000000,
    "costOfRevenue": 412000000,
    "grossProfit": 228000000,
    "grossProfitRatio": 0.35625,
    "researchAndDevelopmentExpenses": 0,
    "generalAndAdministrativeExpenses": 0,
    "sellingAndMarketingExpenses": 0,
    "sellingGeneralAndAdministrativeExpenses": 15000000,
    "otherExpenses": 0,
    "operatingExpenses": 15000000,
    "costAndExpenses": 427000000,
    "interestIncome": 0,
    "interestExpense": 0,
    "depreciationAndAmortization": 0,
    "ebitda": 213000000,
    "ebitdaratio": 0.3328125,
    "operatingIncome": 213000000,
    "operatingIncomeRatio": 0.3328125,
    "totalOtherIncomeExpensesNet": -108000000,
    "incomeBeforeTax": 105000000,
    "incomeBeforeTaxRatio": 0.1640625,
    "incomeTaxExpense": 34000000,
    "netIncome": 71000000,
    "netIncomeRatio": 0.1109375,
    "eps": 0.19,
    "epsdiluted": 0.18,
    "weightedAverageShsOut": 373684211,
    "weightedAverageShsOutDil": 394444444,
    "link": "https://www.sec.gov/Archives/edgar/data/874761/000100515099000653/0001005150-99-000653-index.html",
    "finalLink": "https://www.sec.gov/Archives/edgar/data/874761/000100515099000653/"
  },
  {
    "date": "1999-03-31",
    "symbol": "AES",
    "reportedCurrency": "USD",
    "cik": "0000874761",
    "fillingDate": "1999-05-17",
    "acceptedDate": "1999-05-17 00:00:00",
    "calendarYear": "1999",
    "period": "Q1",
    "revenue": 638000000,
    "costOfRevenue": 349000000,
    "grossProfit": 289000000,
    "grossProfitRatio": 0.4529780564,
    "researchAndDevelopmentExpenses": 0,
    "generalAndAdministrativeExpenses": 0,
    "sellingAndMarketingExpenses": 0,
    "sellingGeneralAndAdministrativeExpenses": 16000000,
    "otherExpenses": 60000000,
    "operatingExpenses": 76000000,
    "costAndExpenses": 425000000,
    "interestIncome": 0,
    "interestExpense": 0,
    "depreciationAndAmortization": 60000000,
    "ebitda": 273000000,
    "ebitdaratio": 0.4278996865,
    "operatingIncome": 213000000,
    "operatingIncomeRatio": 0.3338557994,
    "totalOtherIncomeExpensesNet": -232000000,
    "incomeBeforeTax": -19000000,
    "incomeBeforeTaxRatio": -0.0297805643,
    "incomeTaxExpense": -6000000,
    "netIncome": -13000000,
    "netIncomeRatio": -0.0203761755,
    "eps": -0.04,
    "epsdiluted": -0.04,
    "weightedAverageShsOut": 350200000,
    "weightedAverageShsOutDil": 372600000,
    "link": "https://www.sec.gov/Archives/edgar/data/874761/000100515099000452/0001005150-99-000452-index.html",
    "finalLink": "https://www.sec.gov/Archives/edgar/data/874761/"
  },
  {
    "date": "1998-12-31",
    "symbol": "AES",
    "reportedCurrency": "USD",
    "cik": "0000874761",
    "fillingDate": "1999-03-30",
    "acceptedDate": "1999-03-30 00:00:00",
    "calendarYear": "1998",
    "period": "Q4",
    "revenue": 646000000,
    "costOfRevenue": 357000000,
    "grossProfit": 289000000,
    "grossProfitRatio": 0.4473684211,
    "researchAndDevelopmentExpenses": 0,
    "generalAndAdministrativeExpenses": 0,
    "sellingAndMarketingExpenses": 0,
    "sellingGeneralAndAdministrativeExpenses": 14000000,
    "otherExpenses": 49000000,
    "operatingExpenses": 63000000,
    "costAndExpenses": 420000000,
    "interestIncome": 0,
    "interestExpense": 0,
    "depreciationAndAmortization": 48000000,
    "ebitda": 274000000,
    "ebitdaratio": 0.4241486068,
    "operatingIncome": 226000000,
    "operatingIncomeRatio": 0.3498452012,
    "totalOtherIncomeExpensesNet": -88000000,
    "incomeBeforeTax": 138000000,
    "incomeBeforeTaxRatio": 0.213622291,
    "incomeTaxExpense": 46000000,
    "netIncome": 94000000,
    "netIncomeRatio": 0.1455108359,
    "eps": 0,
    "epsdiluted": 0,
    "weightedAverageShsOut": 0,
    "weightedAverageShsOutDil": 370323669,
    "link": "https://www.sec.gov/Archives/edgar/data/874761/000100515099000212/0001005150-99-000212-index.html",
    "finalLink": "https://www.sec.gov/Archives/edgar/data/874761/"
  },
  {
    "date": "1998-09-30",
    "symbol": "AES",
    "reportedCurrency": "USD",
    "cik": "0000874761",
    "fillingDate": "1998-11-16",
    "acceptedDate": "1998-11-16 00:00:00",
    "calendarYear": "1998",
    "period": "Q3",
    "revenue": 612000000,
    "costOfRevenue": 327000000,
    "grossProfit": 285000000,
    "grossProfitRatio": 0.4656862745,
    "researchAndDevelopmentExpenses": 0,
    "generalAndAdministrativeExpenses": 0,
    "sellingAndMarketingExpenses": 0,
    "sellingGeneralAndAdministrativeExpenses": 15000000,
    "otherExpenses": 73000000,
    "operatingExpenses": 88000000,
    "costAndExpenses": 415000000,
    "interestIncome": 0,
    "interestExpense": 0,
    "depreciationAndAmortization": 73000000,
    "ebitda": 685000000,
    "ebitdaratio": 1.1192810458,
    "operatingIncome": 197000000,
    "operatingIncomeRatio": 0.3218954248,
    "totalOtherIncomeExpensesNet": -88000000,
    "incomeBeforeTax": 109000000,
    "incomeBeforeTaxRatio": 0.1781045752,
    "incomeTaxExpense": 30000000,
    "netIncome": 81000000,
    "netIncomeRatio": 0.1323529412,
    "eps": 0.23,
    "epsdiluted": 0.23,
    "weightedAverageShsOut": 352173913,
    "weightedAverageShsOutDil": 352173913,
    "link": "https://www.sec.gov/Archives/edgar/data/874761/000100515098001145/0001005150-98-001145-index.html",
    "finalLink": "https://www.sec.gov/Archives/edgar/data/874761/"
  },
  {
    "date": "1998-06-30",
    "symbol": "AES",
    "reportedCurrency": "USD",
    "cik": "0000874761",
    "fillingDate": "1998-08-14",
    "acceptedDate": "1998-08-14 00:00:00",
    "calendarYear": "1998",
    "period": "Q2",
    "revenue": 565000000,
    "costOfRevenue": 355000000,
    "grossProfit": 210000000,
    "grossProfitRatio": 0.3716814159,
    "researchAndDevelopmentExpenses": 0,
    "generalAndAdministrativeExpenses": 0,
    "sellingAndMarketingExpenses": 0,
    "sellingGeneralAndAdministrativeExpenses": 12000000,
    "otherExpenses": 30000000,
    "operatingExpenses": 42000000,
    "costAndExpenses": 397000000,
    "interestIncome": 0,
    "interestExpense": 0,
    "depreciationAndAmortization": 30000000,
    "ebitda": 595000000,
    "ebitdaratio": 1.0530973451,
    "operatingIncome": 565000000,
    "operatingIncomeRatio": 1,
    "totalOtherIncomeExpensesNet": -458000000,
    "incomeBeforeTax": 107000000,
    "incomeBeforeTaxRatio": 0.189380531,
    "incomeTaxExpense": 36000000,
    "netIncome": 71000000,
    "netIncomeRatio": 0.1256637168,
    "eps": 0.21,
    "epsdiluted": 0.2,
    "weightedAverageShsOut": 338095238,
    "weightedAverageShsOutDil": 355000000,
    "link": "https://www.sec.gov/Archives/edgar/data/874761/000100515098000824/0001005150-98-000824-index.html",
    "finalLink": "https://www.sec.gov/Archives/edgar/data/874761/"
  },
  {
    "date": "1998-03-31",
    "symbol": "AES",
    "reportedCurrency": "USD",
    "cik": "0000874761",
    "fillingDate": "1998-05-15",
    "acceptedDate": "1998-05-15 00:00:00",
    "calendarYear": "1998",
    "period": "Q1",
    "revenue": 575000000,
    "costOfRevenue": 352000000,
    "grossProfit": 223000000,
    "grossProfitRatio": 0.387826087,
    "researchAndDevelopmentExpenses": 0,
    "generalAndAdministrativeExpenses": 0,
    "sellingAndMarketingExpenses": 0,
    "sellingGeneralAndAdministrativeExpenses": 15000000,
    "otherExpenses": 47000000,
    "operatingExpenses": 62000000,
    "costAndExpenses": 414000000,
    "interestIncome": 0,
    "interestExpense": 0,
    "depreciationAndAmortization": 45000000,
    "ebitda": 206000000,
    "ebitdaratio": 0.3582608696,
    "operatingIncome": 161000000,
    "operatingIncomeRatio": 0.28,
    "totalOtherIncomeExpensesNet": -63000000,
    "incomeBeforeTax": 98000000,
    "incomeBeforeTaxRatio": 0.1704347826,
    "incomeTaxExpense": 33000000,
    "netIncome": 65000000,
    "netIncomeRatio": 0.1130434783,
    "eps": 0.19,
    "epsdiluted": 0.19,
    "weightedAverageShsOut": 350200000,
    "weightedAverageShsOutDil": 350200000,
    "link": "https://www.sec.gov/Archives/edgar/data/874761/000100515098000506/0001005150-98-000506-index.html",
    "finalLink": "https://www.sec.gov/Archives/edgar/data/874761/"
  },
  {
    "date": "1997-12-31",
    "symbol": "AES",
    "reportedCurrency": "USD",
    "cik": "0000874761",
    "fillingDate": "1998-03-31",
    "acceptedDate": "1998-03-31 00:00:00",
    "calendarYear": "1997",
    "period": "Q4",
    "revenue": 531000000,
    "costOfRevenue": 344000000,
    "grossProfit": 187000000,
    "grossProfitRatio": 0.352165725,
    "researchAndDevelopmentExpenses": 0,
    "generalAndAdministrativeExpenses": 0,
    "sellingAndMarketingExpenses": 0,
    "sellingGeneralAndAdministrativeExpenses": 20000000,
    "otherExpenses": 66000000,
    "operatingExpenses": 86000000,
    "costAndExpenses": 430000000,
    "interestIncome": 0,
    "interestExpense": 0,
    "depreciationAndAmortization": 61000000,
    "ebitda": 162000000,
    "ebitdaratio": 0.3050847458,
    "operatingIncome": 101000000,
    "operatingIncomeRatio": 0.1902071563,
    "totalOtherIncomeExpensesNet": -39000000,
    "incomeBeforeTax": 62000000,
    "incomeBeforeTaxRatio": 0.1167608286,
    "incomeTaxExpense": 6000000,
    "netIncome": 56000000,
    "netIncomeRatio": 0.1054613936,
    "eps": 0,
    "epsdiluted": 0,
    "weightedAverageShsOut": 0,
    "weightedAverageShsOutDil": 353481818,
    "link": "https://www.sec.gov/Archives/edgar/data/874761/000100515098000277/0001005150-98-000277-index.html",
    "finalLink": "https://www.sec.gov/Archives/edgar/data/874761/"
  },
  {
    "date": "1997-09-30",
    "symbol": "AES",
    "reportedCurrency": "USD",
    "cik": "0000874761",
    "fillingDate": "1997-11-13",
    "acceptedDate": "1997-11-13 00:00:00",
    "calendarYear": "1997",
    "period": "Q3",
    "revenue": 358000000,
    "costOfRevenue": 227000000,
    "grossProfit": 131000000,
    "grossProfitRatio": 0.3659217877,
    "researchAndDevelopmentExpenses": 0,
    "generalAndAdministrativeExpenses": 0,
    "sellingAndMarketingExpenses": 0,
    "sellingGeneralAndAdministrativeExpenses": 10000000,
    "otherExpenses": 28000000,
    "operatingExpenses": 38000000,
    "costAndExpenses": 265000000,
    "interestIncome": 0,
    "interestExpense": 0,
    "depreciationAndAmortization": 19000000,
    "ebitda": 112000000,
    "ebitdaratio": 0.312849162,
    "operatingIncome": 93000000,
    "operatingIncomeRatio": 0.2597765363,
    "totalOtherIncomeExpensesNet": -28000000,
    "incomeBeforeTax": 65000000,
    "incomeBeforeTaxRatio": 0.1815642458,
    "incomeTaxExpense": 15000000,
    "netIncome": 47000000,
    "netIncomeRatio": 0.1312849162,
    "eps": 0.13,
    "epsdiluted": 0.13,
    "weightedAverageShsOut": 346200000,
    "weightedAverageShsOutDil": 370600000,
    "link": "https://www.sec.gov/Archives/edgar/data/874761/000087476197000043/0000874761-97-000043-index.html",
    "finalLink": "https://www.sec.gov/Archives/edgar/data/874761/"
  },
  {
    "date": "1997-06-30",
    "symbol": "AES",
    "reportedCurrency": "USD",
    "cik": "0000874761",
    "fillingDate": "1997-08-14",
    "acceptedDate": "1997-08-14 00:00:00",
    "calendarYear": "1997",
    "period": "Q2",
    "revenue": 261000000,
    "costOfRevenue": 144000000,
    "grossProfit": 117000000,
    "grossProfitRatio": 0.4482758621,
    "researchAndDevelopmentExpenses": 0,
    "generalAndAdministrativeExpenses": 0,
    "sellingAndMarketingExpenses": 0,
    "sellingGeneralAndAdministrativeExpenses": 6000000,
    "otherExpenses": 22000000,
    "operatingExpenses": 28000000,
    "costAndExpenses": 172000000,
    "interestIncome": 0,
    "interestExpense": 0,
    "depreciationAndAmortization": 19000000,
    "ebitda": 108000000,
    "ebitdaratio": 0.4137931034,
    "operatingIncome": 89000000,
    "operatingIncomeRatio": 0.3409961686,
    "totalOtherIncomeExpensesNet": -28000000,
    "incomeBeforeTax": 61000000,
    "incomeBeforeTaxRatio": 0.2337164751,
    "incomeTaxExpense": 19000000,
    "netIncome": 42000000,
    "netIncomeRatio": 0.1609195402,
    "eps": 0.13,
    "epsdiluted": 0.13,
    "weightedAverageShsOut": 336400000,
    "weightedAverageShsOutDil": 350800000,
    "link": "https://www.sec.gov/Archives/edgar/data/874761/000087476197000020/0000874761-97-000020-index.html",
    "finalLink": "https://www.sec.gov/Archives/edgar/data/874761/"
  },
  {
    "date": "1997-03-31",
    "symbol": "AES",
    "reportedCurrency": "USD",
    "cik": "0000874761",
    "fillingDate": "1997-05-15",
    "acceptedDate": "1997-05-15 00:00:00",
    "calendarYear": "1997",
    "period": "Q1",
    "revenue": 261000000,
    "costOfRevenue": 152000000,
    "grossProfit": 109000000,
    "grossProfitRatio": 0.4176245211,
    "researchAndDevelopmentExpenses": 0,
    "generalAndAdministrativeExpenses": 0,
    "sellingAndMarketingExpenses": 0,
    "sellingGeneralAndAdministrativeExpenses": 9000000,
    "otherExpenses": 22000000,
    "operatingExpenses": 31000000,
    "costAndExpenses": 183000000,
    "interestIncome": 0,
    "interestExpense": 0,
    "depreciationAndAmortization": 15000000,
    "ebitda": 93000000,
    "ebitdaratio": 0.3563218391,
    "operatingIncome": 78000000,
    "operatingIncomeRatio": 0.2988505747,
    "totalOtherIncomeExpensesNet": -22000000,
    "incomeBeforeTax": 56000000,
    "incomeBeforeTaxRatio": 0.214559387,
    "incomeTaxExpense": 16000000,
    "netIncome": 40000000,
    "netIncomeRatio": 0.153256705,
    "eps": 0.13,
    "epsdiluted": 0.13,
    "weightedAverageShsOut": 320000000,
    "weightedAverageShsOutDil": 321200000,
    "link": "https://www.sec.gov/Archives/edgar/data/874761/000087476197000013/0000874761-97-000013-index.html",
    "finalLink": "https://www.sec.gov/Archives/edgar/data/874761/"
  },
  {
    "date": "1996-12-31",
    "symbol": "AES",
    "reportedCurrency": "USD",
    "cik": "0000874761",
    "fillingDate": "1997-03-31",
    "acceptedDate": "1997-03-31 00:00:00",
    "calendarYear": "1996",
    "period": "Q4",
    "revenue": 284000000,
    "costOfRevenue": 159000000,
    "grossProfit": 125000000,
    "grossProfitRatio": 0.4401408451,
    "researchAndDevelopmentExpenses": 0,
    "generalAndAdministrativeExpenses": 0,
    "sellingAndMarketingExpenses": 0,
    "sellingGeneralAndAdministrativeExpenses": 12000000,
    "otherExpenses": 42000000,
    "operatingExpenses": 54000000,
    "costAndExpenses": 213000000,
    "interestIncome": 0,
    "interestExpense": 0,
    "depreciationAndAmortization": 0,
    "ebitda": 93000000,
    "ebitdaratio": 0.3274647887,
    "operatingIncome": 71000000,
    "operatingIncomeRatio": 0.25,
    "totalOtherIncomeExpensesNet": -22000000,
    "incomeBeforeTax": 49000000,
    "incomeBeforeTaxRatio": 0.1725352113,
    "incomeTaxExpense": 13000000,
    "netIncome": 36000000,
    "netIncomeRatio": 0.1267605634,
    "eps": 0,
    "epsdiluted": 0,
    "weightedAverageShsOut": 0,
    "weightedAverageShsOutDil": 316850000,
    "link": "https://www.sec.gov/Archives/edgar/data/874761/000100515097000210/0001005150-97-000210-index.html",
    "finalLink": "https://www.sec.gov/Archives/edgar/data/874761/"
  },
  {
    "date": "1996-09-30",
    "symbol": "AES",
    "reportedCurrency": "USD",
    "cik": "0000874761",
    "fillingDate": "1996-11-01",
    "acceptedDate": "1996-11-01 00:00:00",
    "calendarYear": "1996",
    "period": "Q3",
    "revenue": 205000000,
    "costOfRevenue": 108000000,
    "grossProfit": 97000000,
    "grossProfitRatio": 0.4731707317,
    "researchAndDevelopmentExpenses": 0,
    "generalAndAdministrativeExpenses": 0,
    "sellingAndMarketingExpenses": 0,
    "sellingGeneralAndAdministrativeExpenses": 8000000,
    "otherExpenses": 14000000,
    "operatingExpenses": 22000000,
    "costAndExpenses": 130000000,
    "interestIncome": 0,
    "interestExpense": 0,
    "depreciationAndAmortization": 0,
    "ebitda": 89000000,
    "ebitdaratio": 0.4341463415,
    "operatingIncome": 75000000,
    "operatingIncomeRatio": 0.3658536585,
    "totalOtherIncomeExpensesNet": -27000000,
    "incomeBeforeTax": 48000000,
    "incomeBeforeTaxRatio": 0.2341463415,
    "incomeTaxExpense": 16000000,
    "netIncome": 32000000,
    "netIncomeRatio": 0.156097561,
    "eps": 0.11,
    "epsdiluted": 0.11,
    "weightedAverageShsOut": 290909091,
    "weightedAverageShsOutDil": 290909091,
    "link": "https://www.sec.gov/Archives/edgar/data/874761/000087476196000013/0000874761-96-000013-index.html",
    "finalLink": "https://www.sec.gov/Archives/edgar/data/874761/"
  },
  {
    "date": "1996-06-30",
    "symbol": "AES",
    "reportedCurrency": "USD",
    "cik": "0000874761",
    "fillingDate": "1996-08-14",
    "acceptedDate": "1996-08-14 00:00:00",
    "calendarYear": "1996",
    "period": "Q2",
    "revenue": 174000000,
    "costOfRevenue": -46000000,
    "grossProfit": 220000000,
    "grossProfitRatio": 1.2643678161,
    "researchAndDevelopmentExpenses": 0,
    "generalAndAdministrativeExpenses": 0,
    "sellingAndMarketingExpenses": 0,
    "sellingGeneralAndAdministrativeExpenses": 6000000,
    "otherExpenses": 145000000,
    "operatingExpenses": 151000000,
    "costAndExpenses": 105000000,
    "interestIncome": 0,
    "interestExpense": 0,
    "depreciationAndAmortization": 0,
    "ebitda": 214000000,
    "ebitdaratio": 1.2298850575,
    "operatingIncome": 69000000,
    "operatingIncomeRatio": 0.3965517241,
    "totalOtherIncomeExpensesNet": -25000000,
    "incomeBeforeTax": 44000000,
    "incomeBeforeTaxRatio": 0.2528735632,
    "incomeTaxExpense": 16000000,
    "netIncome": 28000000,
    "netIncomeRatio": 0.1609195402,
    "eps": 0.1,
    "epsdiluted": 0.1,
    "weightedAverageShsOut": 280000000,
    "weightedAverageShsOutDil": 280000000,
    "link": "https://www.sec.gov/Archives/edgar/data/874761/000087476196000004/0000874761-96-000004-index.html",
    "finalLink": "https://www.sec.gov/Archives/edgar/data/874761/"
  },
  {
    "date": "1996-03-31",
    "symbol": "AES",
    "reportedCurrency": "USD",
    "cik": "0000874761",
    "fillingDate": "1996-05-06",
    "acceptedDate": "1996-05-06 00:00:00",
    "calendarYear": "1996",
    "period": "Q1",
    "revenue": 172000000,
    "costOfRevenue": 84000000,
    "grossProfit": 88000000,
    "grossProfitRatio": 0.511627907,
    "researchAndDevelopmentExpenses": 0,
    "generalAndAdministrativeExpenses": 0,
    "sellingAndMarketingExpenses": 0,
    "sellingGeneralAndAdministrativeExpenses": 9000000,
    "otherExpenses": 14000000,
    "operatingExpenses": 23000000,
    "costAndExpenses": 107000000,
    "interestIncome": 0,
    "interestExpense": 0,
    "depreciationAndAmortization": 0,
    "ebitda": 79000000,
    "ebitdaratio": 0.4593023256,
    "operatingIncome": 65000000,
    "operatingIncomeRatio": 0.3779069767,
    "totalOtherIncomeExpensesNet": -21000000,
    "incomeBeforeTax": 44000000,
    "incomeBeforeTaxRatio": 0.2558139535,
    "incomeTaxExpense": 15000000,
    "netIncome": 29000000,
    "netIncomeRatio": 0.1686046512,
    "eps": 0.1,
    "epsdiluted": 0.1,
    "weightedAverageShsOut": 290000000,
    "weightedAverageShsOutDil": 290000000,
    "link": "https://www.sec.gov/Archives/edgar/data/874761/000087476196000003/0000874761-96-000003-index.html",
    "finalLink": "https://www.sec.gov/Archives/edgar/data/874761/"
  },
  {
    "date": "1995-12-31",
    "symbol": "AES",
    "reportedCurrency": "USD",
    "cik": "0000874761",
    "fillingDate": "1995-12-31",
    "acceptedDate": "1995-12-31 00:00:00",
    "calendarYear": "1995",
    "period": "Q4",
    "revenue": 172900000,
    "costOfRevenue": 84000000,
    "grossProfit": 88900000,
    "grossProfitRatio": 0.5141700405,
    "researchAndDevelopmentExpenses": 0,
    "generalAndAdministrativeExpenses": 0,
    "sellingAndMarketingExpenses": 0,
    "sellingGeneralAndAdministrativeExpenses": 10300000,
    "otherExpenses": 16300000,
    "operatingExpenses": 26600000,
    "costAndExpenses": 110600000,
    "interestIncome": 0,
    "interestExpense": 0,
    "depreciationAndAmortization": 0,
    "ebitda": 78600000,
    "ebitdaratio": 0.4545980335,
    "operatingIncome": 62300000,
    "operatingIncomeRatio": 0.3603238866,
    "totalOtherIncomeExpensesNet": -19900000,
    "incomeBeforeTax": 42400000,
    "incomeBeforeTaxRatio": 0.2452284558,
    "incomeTaxExpense": 14000000,
    "netIncome": 28400000,
    "netIncomeRatio": 0.1642567958,
    "eps": 0,
    "epsdiluted": 0,
    "weightedAverageShsOut": 0,
    "weightedAverageShsOutDil": 296153846,
    "link": null,
    "finalLink": null
  },
  {
    "date": "1995-09-30",
    "symbol": "AES",
    "reportedCurrency": "USD",
    "cik": "0000874761",
    "fillingDate": "1995-09-30",
    "acceptedDate": "1995-09-30 00:00:00",
    "calendarYear": "1995",
    "period": "Q3",
    "revenue": 174000000,
    "costOfRevenue": 86000000,
    "grossProfit": 88000000,
    "grossProfitRatio": 0.5057471264,
    "researchAndDevelopmentExpenses": 0,
    "generalAndAdministrativeExpenses": 0,
    "sellingAndMarketingExpenses": 0,
    "sellingGeneralAndAdministrativeExpenses": 8000000,
    "otherExpenses": 15000000,
    "operatingExpenses": 23000000,
    "costAndExpenses": 109000000,
    "interestIncome": 0,
    "interestExpense": 0,
    "depreciationAndAmortization": 0,
    "ebitda": 80000000,
    "ebitdaratio": 0.4597701149,
    "operatingIncome": 65000000,
    "operatingIncomeRatio": 0.3735632184,
    "totalOtherIncomeExpensesNet": -23000000,
    "incomeBeforeTax": 42000000,
    "incomeBeforeTaxRatio": 0.2413793103,
    "incomeTaxExpense": 15000000,
    "netIncome": 27000000,
    "netIncomeRatio": 0.1551724138,
    "eps": 0.09,
    "epsdiluted": 0.09,
    "weightedAverageShsOut": 300000000,
    "weightedAverageShsOutDil": 300000000,
    "link": null,
    "finalLink": null
  }
]