[
  {
    "date": "2024-12-31",
    "symbol": "AES",
    "reportedCurrency": "USD",
    "cik": "0000874761",
    "fillingDate": "2025-03-11",
    "acceptedDate": "2025-03-10 19:49:14",
    "calendarYear": "2024",
    "period": "FY",
    "revenue": 12278000000,
    "costOfRevenue": 9964000000,
    "grossProfit": 2316000000,
    "grossProfitRatio": 0.18863007,
    "researchAndDevelopmentExpenses": 0,
    "generalAndAdministrativeExpenses": 288000000,
    "sellingAndMarketingExpenses": 0,
    "sellingGeneralAndAdministrativeExpenses": 288000000,
    "otherExpenses": 0,
    "operatingExpenses": 288000000,
    "costAndExpenses": 10250000000,
    "interestIncome": 381000000,
    "interestExpense": 1517000000,
    "depreciationAndAmortization": 1264000000,
    "ebitda": 3675000000,
    "ebitdaratio": 0.2993158495,
    "operatingIncome": 2028000000,
    "operatingIncomeRatio": 0.165173481,
    "totalOtherIncomeExpensesNet": -1160000000,
    "incomeBeforeTax": 868000000,
    "incomeBeforeTaxRatio": 0.070695553,
    "incomeTaxExpense": 59000000,
    "netIncome": 1686000000,
    "netIncomeRatio": 0.1373187816,
    "eps": 2.38,
    "epsdiluted": 2.36,
    "weightedAverageShsOut": 705462185,
    "weightedAverageShsOutDil": 713000000,
    "link": "https://www.sec.gov/Archives/edgar/data/874761/000087476125000013/0000874761-25-000013-index.htm",
    "finalLink": "https://www.sec.gov/Archives/edgar/data/874761/000087476125000013/aes-20241231.htm"
  },
  {
    "date": "2023-12-31",
    "symbol": "AES",
    "reportedCurrency": "USD",
    "cik": "0000874761",
    "fillingDate": "2024-02-26",
    "acceptedDate": "2024-02-26 17:24:09",
    "calendarYear": "2023",
    "period": "FY",
    "revenue": 12676000000,
    "costOfRevenue": 10164000000,
    "grossProfit": 2515000000,
    "grossProfitRatio": 0.1984064374,
    "researchAndDevelopmentExpenses": 0,
    "generalAndAdministrativeExpenses": 255000000,
    "sellingAndMarketingExpenses": 0,
    "sellingGeneralAndAdministrativeExpenses": 255000000,
    "otherExpenses": 0,
    "operatingExpenses": 255000000,
    "costAndExpenses": 10416000000,
    "interestIncome": 551000000,
    "interestExpense": 1302000000,
    "depreciationAndAmortization": 1128000000,
    "ebitda": 2534000000,
    "ebitdaratio": 0.1999053329,
    "operatingIncome": 2260000000,
    "operatingIncomeRatio": 0.1782896813,
    "totalOtherIncomeExpensesNet": -2188000000,
    "incomeBeforeTax": 72000000,
    "incomeBeforeTaxRatio": 0.0056800252,
    "incomeTaxExpense": 261000000,
    "netIncome": 242000000,
    "netIncomeRatio": 0.019091196,
    "eps": 0.37,
    "epsdiluted": 0.35,
    "weightedAverageShsOut": 669000000,
    "weightedAverageShsOutDil": 712000000,
    "link": "https://www.sec.gov/Archives/edgar/data/874761/000087476124000011/0000874761-24-000011-index.htm",
    "finalLink": "https://www.sec.gov/Archives/edgar/data/874761/000087476124000011/aes-20231231.htm"
  },
  {
    "date": "2022-12-31",
    "symbol": "AES",
    "reportedCurrency": "USD",
    "cik": "0000874761",
    "fillingDate": "2023-03-01",
    "acceptedDate": "2023-03-01 16:44:29",
    "calendarYear": "2022",
    "period": "FY",
    "revenue": 12618000000,
    "costOfRevenue": 10069000000,
    "grossProfit": 2548000000,
    "grossProfitRatio": 0.2019337454,
    "researchAndDevelopmentExpenses": 0,
    "generalAndAdministrativeExpenses": 207000000,
    "sellingAndMarketingExpenses": 0,
    "sellingGeneralAndAdministrativeExpenses": 207000000,
    "otherExpenses": 0,
    "operatingExpenses": 207000000,
    "costAndExpenses": 10277000000,
    "interestIncome": 389000000,
    "interestExpense": 1059000000,
    "depreciationAndAmortization": 1053000000,
    "ebitda": 1943000000,
    "ebitdaratio": 0.1539863687,
    "operatingIncome": 2341000000,
    "operatingIncomeRatio": 0.1855286099,
    "totalOtherIncomeExpensesNet": -2581000000,
    "incomeBeforeTax": -240000000,
    "incomeBeforeTaxRatio": -0.019020447,
    "incomeTaxExpense": 265000000,
    "netIncome": -546000000,
    "netIncomeRatio": -0.0432715169,
    "eps": -0.82,
    "epsdiluted": -0.82,
    "weightedAverageShsOut": 665853659,
    "weightedAverageShsOutDil": 668000000,
    "link": "https://www.sec.gov/Archives/edgar/data/874761/000087476123000010/0000874761-23-000010-index.htm",
    "finalLink": "https://www.sec.gov/Archives/edgar/data/874761/000087476123000010/aes-20221231.htm"
  },
  {
    "date": "2021-12-31",
    "symbol": "AES",
    "reportedCurrency": "USD",
    "cik": "0000874761",
    "fillingDate": "2022-02-28",
    "acceptedDate": "2022-02-28 06:20:51",
    "calendarYear": "2021",
    "period": "FY",
    "revenue": 11142000000,
    "costOfRevenue": 8430000000,
    "grossProfit": 2713000000,
    "grossProfitRatio": 0.2434930892,
    "researchAndDevelopmentExpenses": 0,
    "generalAndAdministrativeExpenses": 166000000,
    "sellingAndMarketingExpenses": 0,
    "sellingGeneralAndAdministrativeExpenses": 166000000,
    "otherExpenses": 0,
    "operatingExpenses": 166000000,
    "costAndExpenses": 8595000000,
    "interestIncome": 298000000,
    "interestExpense": 826000000,
    "depreciationAndAmortization": 1056000000,
    "ebitda": 818000000,
    "ebitdaratio": 0.0734159038,
    "operatingIncome": 2547000000,
    "operatingIncomeRatio": 0.2285945073,
    "totalOtherIncomeExpensesNet": -3635000000,
    "incomeBeforeTax": -1088000000,
    "incomeBeforeTaxRatio": -0.0976485371,
    "incomeTaxExpense": -133000000,
    "netIncome": -413000000,
    "netIncomeRatio": -0.0370669539,
    "eps": -0.61,
    "epsdiluted": -0.61,
    "weightedAverageShsOut": 670491803,
    "weightedAverageShsOutDil": 666000000,
    "link": "https://www.sec.gov/Archives/edgar/data/874761/000087476122000022/0000874761-22-000022-index.htm",
    "finalLink": "https://www.sec.gov/Archives/edgar/data/874761/000087476122000022/aes-20211231.htm"
  },
  {
    "date": "2020-12-31",
    "symbol": "AES",
    "reportedCurrency": "USD",
    "cik": "0000874761",
    "fillingDate": "2021-02-25",
    "acceptedDate": "2021-02-24 18:41:01",
    "calendarYear": "2020",
    "period": "FY",
    "revenue": 9661000000,
    "costOfRevenue": 6967000000,
    "grossProfit": 2694000000,
    "grossProfitRatio": 0.2788531208,
    "researchAndDevelopmentExpenses": 0,
    "generalAndAdministrativeExpenses": 165000000,
    "sellingAndMarketingExpenses": 0,
    "sellingGeneralAndAdministrativeExpenses": 165000000,
    "otherExpenses": 0,
    "operatingExpenses": 165000000,
    "costAndExpenses": 7132000000,
    "interestIncome": 268000000,
    "interestExpense": 978000000,
    "depreciationAndAmortization": 1068000000,
    "ebitda": 2534000000,
    "ebitdaratio": 0.2622916882,
    "operatingIncome": 2529000000,
    "operatingIncomeRatio": 0.2617741435,
    "totalOtherIncomeExpensesNet": -2164000000,
    "incomeBeforeTax": 365000000,
    "incomeBeforeTaxRatio": 0.037780768,
    "incomeTaxExpense": 216000000,
    "netIncome": 43000000,
    "netIncomeRatio": 0.004450885,
    "eps": 0.07,
    "epsdiluted": 0.07,
    "weightedAverageShsOut": 657142857,
    "weightedAverageShsOutDil": 668000000,
    "link": "https://www.sec.gov/Archives/edgar/data/874761/000087476121000015/0000874761-21-000015-index.htm",
    "finalLink": "https://www.sec.gov/Archives/edgar/data/874761/000087476121000015/aes-20201231.htm"
  },
  {
    "date": "2019-12-31",
    "symbol": "AES",
    "reportedCurrency": "USD",
    "cik": "0000874761",
    "fillingDate": "2020-02-28",
    "acceptedDate": "2020-02-27 18:07:01",
    "calendarYear": "2019",
    "period": "FY",
    "revenue": 10190000000,
    "costOfRevenue": 7840000000,
    "grossProfit": 2362000000,
    "grossProfitRatio": 0.2317958783,
    "researchAndDevelopmentExpenses": 0,
    "generalAndAdministrativeExpenses": 196000000,
    "sellingAndMarketingExpenses": 0,
    "sellingGeneralAndAdministrativeExpenses": 196000000,
    "otherExpenses": 0,
    "operatingExpenses": 196000000,
    "costAndExpenses": 8024000000,
    "interestIncome": 318000000,
    "interestExpense": 1024000000,
    "depreciationAndAmortization": 1045000000,
    "ebitda": 3070000000,
    "ebitdaratio": 0.3012757605,
    "operatingIncome": 2166000000,
    "operatingIncomeRatio": 0.2125613346,
    "totalOtherIncomeExpensesNet": -1337000000,
    "incomeBeforeTax": 829000000,
    "incomeBeforeTaxRatio": 0.0813542689,
    "incomeTaxExpense": 352000000,
    "netIncome": 302000000,
    "netIncomeRatio": 0.0296368989,
    "eps": 0.46,
    "epsdiluted": 0.45,
    "weightedAverageShsOut": 667000000,
    "weightedAverageShsOutDil": 667000000,
    "link": "https://www.sec.gov/Archives/edgar/data/874761/000087476120000012/0000874761-20-000012-index.htm",
    "finalLink": "https://www.sec.gov/Archives/edgar/data/874761/000087476120000012/a2019form10-k.htm"
  },
  {
    "date": "2018-12-31",
    "symbol": "AES",
    "reportedCurrency": "USD",
    "cik": "0000874761",
    "fillingDate": "2019-02-27",
    "acceptedDate": "2019-02-26 18:30:58",
    "calendarYear": "2018",
    "period": "FY",
    "revenue": 10742000000,
    "costOfRevenue": 8162000000,
    "grossProfit": 2582000000,
    "grossProfitRatio": 0.2403649227,
    "researchAndDevelopmentExpenses": 0,
    "generalAndAdministrativeExpenses": 192000000,
    "sellingAndMarketingExpenses": 0,
    "sellingGeneralAndAdministrativeExpenses": 192000000,
    "otherExpenses": 0,
    "operatingExpenses": 192000000,
    "costAndExpenses": 8352000000,
    "interestIncome": 310000000,
    "interestExpense": 1007000000,
    "depreciationAndAmortization": 1003000000,
    "ebitda": 4028000000,
    "ebitdaratio": 0.3749767269,
    "operatingIncome": 2390000000,
    "operatingIncomeRatio": 0.2224911562,
    "totalOtherIncomeExpensesNet": -333000000,
    "incomeBeforeTax": 2057000000,
    "incomeBeforeTaxRatio": 0.1914913424,
    "incomeTaxExpense": 708000000,
    "netIncome": 1004000000,
    "netIncomeRatio": 0.0934649041,
    "eps": 1.82,
    "epsdiluted": 1.81,
    "weightedAverageShsOut": 660989011,
    "weightedAverageShsOutDil": 665000000,
    "link": "https://www.sec.gov/Archives/edgar/data/874761/000087476119000012/0000874761-19-000012-index.htm",
    "finalLink": "https://www.sec.gov/Archives/edgar/data/874761/000087476119000012/a2018form10-k.htm"
  },
  {
    "date": "2017-12-31",
    "symbol": "AES",
    "reportedCurrency": "USD",
    "cik": "0000874761",
    "fillingDate": "2018-02-27",
    "acceptedDate": "2018-02-26 18:36:52",
    "calendarYear": "2017",
    "period": "FY",
    "revenue": 10505000000,
    "costOfRevenue": 8043000000,
    "grossProfit": 2451000000,
    "grossProfitRatio": 0.2333174679,
    "researchAndDevelopmentExpenses": 0,
    "generalAndAdministrativeExpenses": 215000000,
    "sellingAndMarketingExpenses": 0,
    "sellingGeneralAndAdministrativeExpenses": 215000000,
    "otherExpenses": 0,
    "operatingExpenses": 215000000,
    "costAndExpenses": 8269000000,
    "interestIncome": 244000000,
    "interestExpense": 1091000000,
    "depreciationAndAmortization": 1169000000,
    "ebitda": 3031000000,
    "ebitdaratio": 0.2885292718,
    "operatingIncome": 2236000000,
    "operatingIncomeRatio": 0.2128510233,
    "totalOtherIncomeExpensesNet": -1394000000,
    "incomeBeforeTax": 842000000,
    "incomeBeforeTaxRatio": 0.0801523084,
    "incomeTaxExpense": 990000000,
    "netIncome": -550000000,
    "netIncomeRatio": -0.0523560209,
    "eps": -1.76,
    "epsdiluted": -1.76,
    "weightedAverageShsOut": 660000000,
    "weightedAverageShsOutDil": 660000000,
    "link": "https://www.sec.gov/Archives/edgar/data/874761/000087476118000014/0000874761-18-000014-index.htm",
    "finalLink": "https://www.sec.gov/Archives/edgar/data/874761/000087476118000014/a2017form10-k.htm"
  },
  {
    "date": "2016-12-31",
    "symbol": "AES",
    "reportedCurrency": "USD",
    "cik": "0000874761",
    "fillingDate": "2017-02-27",
    "acceptedDate": "2017-02-24 17:37:42",
    "calendarYear": "2016",
    "period": "FY",
    "revenue": 10170000000,
    "costOfRevenue": 7898000000,
    "grossProfit": 2326000000,
    "grossProfitRatio": 0.2287118977,
    "researchAndDevelopmentExpenses": 0,
    "generalAndAdministrativeExpenses": 194000000,
    "sellingAndMarketingExpenses": 0,
    "sellingGeneralAndAdministrativeExpenses": 194000000,
    "otherExpenses": 0,
    "operatingExpenses": 194000000,
    "costAndExpenses": 8038000000,
    "interestIncome": 245000000,
    "interestExpense": 1027000000,
    "depreciationAndAmortization": 1176000000,
    "ebitda": 2390000000,
    "ebitdaratio": 0.2350049164,
    "operatingIncome": 2132000000,
    "operatingIncomeRatio": 0.2096361849,
    "totalOtherIncomeExpensesNet": -1909000000,
    "incomeBeforeTax": 223000000,
    "incomeBeforeTaxRatio": 0.021927237,
    "incomeTaxExpense": 32000000,
    "netIncome": -11000000,
    "netIncomeRatio": -0.0010816126,
    "eps": -1.72,
    "epsdiluted": -1.72,
    "weightedAverageShsOut": 656976744,
    "weightedAverageShsOutDil": 660000000,
    "link": "https://www.sec.gov/Archives/edgar/data/874761/000087476117000003/0000874761-17-000003-index.htm",
    "finalLink": "https://www.sec.gov/Archives/edgar/data/874761/000087476117000003/a2016form10-k.htm"
  },
  {
    "date": "2015-12-31",
    "symbol": "AES",
    "reportedCurrency": "USD",
    "cik": "0000874761",
    "fillingDate": "2016-02-24",
    "acceptedDate": "2016-02-23 18:20:11",
    "calendarYear": "2015",
    "period": "FY",
    "revenue": 14112000000,
    "costOfRevenue": 8597000000,
    "grossProfit": 2801000000,
    "grossProfitRatio": 0.1984835601,
    "researchAndDevelopmentExpenses": 0,
    "generalAndAdministrativeExpenses": 196000000,
    "sellingAndMarketingExpenses": 0,
    "sellingGeneralAndAdministrativeExpenses": 196000000,
    "otherExpenses": 0,
    "operatingExpenses": 196000000,
    "costAndExpenses": 11507000000,
    "interestIncome": 460000000,
    "interestExpense": 1232000000,
    "depreciationAndAmortization": 1144000000,
    "ebitda": 3530000000,
    "ebitdaratio": 0.2501417234,
    "operatingIncome": 2605000000,
    "operatingIncomeRatio": 0.1845946712,
    "totalOtherIncomeExpensesNet": -1346000000,
    "incomeBeforeTax": 1259000000,
    "incomeBeforeTaxRatio": 0.0892148526,
    "incomeTaxExpense": 412000000,
    "netIncome": 306000000,
    "netIncomeRatio": 0.0216836735,
    "eps": 0.45,
    "epsdiluted": 0.44,
    "weightedAverageShsOut": 680000000,
    "weightedAverageShsOutDil": 689000000,
    "link": "https://www.sec.gov/Archives/edgar/data/874761/000087476116000077/0000874761-16-000077-index.htm",
    "finalLink": "https://www.sec.gov/Archives/edgar/data/874761/000087476116000077/a2015form10-k.htm"
  },
  {
    "date": "2014-12-31",
    "symbol": "AES",
    "reportedCurrency": "USD",
    "cik": "0000874761",
    "fillingDate": "2015-02-26",
    "acceptedDate": "2015-02-25 19:07:16",
    "calendarYear": "2014",
    "period": "FY",
    "revenue": 17111000000,
    "costOfRevenue": 13144000000,
    "grossProfit": 3066000000,
    "grossProfitRatio": 0.1791829817,
    "researchAndDevelopmentExpenses": 0,
    "generalAndAdministrativeExpenses": 187000000,
    "sellingAndMarketingExpenses": 0,
    "sellingGeneralAndAdministrativeExpenses": 187000000,
    "otherExpenses": 0,
    "operatingExpenses": 187000000,
    "costAndExpenses": 14232000000,
    "interestIncome": 365000000,
    "interestExpense": 1328000000,
    "depreciationAndAmortization": 1245000000,
    "ebitda": 4149000000,
    "ebitdaratio": 0.2424756005,
    "operatingIncome": 2879000000,
    "operatingIncomeRatio": 0.1682543393,
    "totalOtherIncomeExpensesNet": -1284000000,
    "incomeBeforeTax": 1595000000,
    "incomeBeforeTaxRatio": 0.093214891,
    "incomeTaxExpense": 371000000,
    "netIncome": 825000000,
    "netIncomeRatio": 0.0482145988,
    "eps": 1.07,
    "epsdiluted": 1.06,
    "weightedAverageShsOut": 718691589,
    "weightedAverageShsOutDil": 724000000,
    "link": "https://www.sec.gov/Archives/edgar/data/874761/000087476115000009/0000874761-15-000009-index.htm",
    "finalLink": "https://www.sec.gov/Archives/edgar/data/874761/000087476115000009/a2014form10-k.htm"
  },
  {
    "date": "2013-12-31",
    "symbol": "AES",
    "reportedCurrency": "USD",
    "cik": "0000874761",
    "fillingDate": "2014-02-26",
    "acceptedDate": "2014-02-25 21:30:59",
    "calendarYear": "2013",
    "period": "FY",
    "revenue": 15883000000,
    "costOfRevenue": 12644000000,
    "grossProfit": 3243000000,
    "grossProfitRatio": 0.2041805704,
    "researchAndDevelopmentExpenses": 0,
    "generalAndAdministrativeExpenses": 220000000,
    "sellingAndMarketingExpenses": 0,
    "sellingGeneralAndAdministrativeExpenses": 220000000,
    "otherExpenses": 0,
    "operatingExpenses": 220000000,
    "costAndExpenses": 12860000000,
    "interestIncome": 275000000,
    "interestExpense": 1344000000,
    "depreciationAndAmortization": 1294000000,
    "ebitda": 3686000000,
    "ebitdaratio": 0.2320720267,
    "operatingIncome": 3023000000,
    "operatingIncomeRatio": 0.1903292829,
    "totalOtherIncomeExpensesNet": -1950000000,
    "incomeBeforeTax": 1073000000,
    "incomeBeforeTaxRatio": 0.067556507,
    "incomeTaxExpense": 343000000,
    "netIncome": 266000000,
    "netIncomeRatio": 0.0167474658,
    "eps": 0.15,
    "epsdiluted": 0.15,
    "weightedAverageShsOut": 743000000,
    "weightedAverageShsOutDil": 748000000,
    "link": "https://www.sec.gov/Archives/edgar/data/874761/000087476114000011/0000874761-14-000011-index.htm",
    "finalLink": "https://www.sec.gov/Archives/edgar/data/874761/000087476114000011/a2013form10-k.htm"
  },
  {
    "date": "2012-12-31",
    "symbol": "AES",
    "reportedCurrency": "USD",
    "cik": "0000874761",
    "fillingDate": "2013-02-27",
    "acceptedDate": "2013-02-26 19:09:37",
    "calendarYear": "2012",
    "period": "FY",
    "revenue": 18133000000,
    "costOfRevenue": 14420000000,
    "grossProfit": 3713000000,
    "grossProfitRatio": 0.2047647935,
    "researchAndDevelopmentExpenses": 0,
    "generalAndAdministrativeExpenses": 274000000,
    "sellingAndMarketingExpenses": 0,
    "sellingGeneralAndAdministrativeExpenses": 301000000,
    "otherExpenses": 0,
    "operatingExpenses": 301000000,
    "costAndExpenses": 14721000000,
    "interestIncome": 349000000,
    "interestExpense": 1420000000,
    "depreciationAndAmortization": 1394000000,
    "ebitda": 3128000000,
    "ebitdaratio": 0.172503171,
    "operatingIncome": 3412000000,
    "operatingIncomeRatio": 0.1881652236,
    "totalOtherIncomeExpensesNet": -3064000000,
    "incomeBeforeTax": 348000000,
    "incomeBeforeTaxRatio": 0.0191915293,
    "incomeTaxExpense": 685000000,
    "netIncome": -928000000,
    "netIncomeRatio": -0.0511774113,
    "eps": -1.21,
    "epsdiluted": -1.21,
    "weightedAverageShsOut": 755000000,
    "weightedAverageShsOutDil": 755000000,
    "link": "https://www.sec.gov/Archives/edgar/data/874761/000119312513077580/0001193125-13-077580-index.htm",
    "finalLink": "https://www.sec.gov/Archives/edgar/data/874761/000119312513077580/d472985d10k.htm"
  },
  {
    "date": "2011-12-31",
    "symbol": "AES",
    "reportedCurrency": "USD",
    "cik": "0000874761",
    "fillingDate": "2012-02-27",
    "acceptedDate": "2012-02-24 18:35:33",
    "calendarYear": "2011",
    "period": "FY",
    "revenue": 17344000000,
    "costOfRevenue": 13121000000,
    "grossProfit": 4223000000,
    "grossProfitRatio": 0.2434847786,
    "researchAndDevelopmentExpenses": 0,
    "generalAndAdministrativeExpenses": 346000000,
    "sellingAndMarketingExpenses": 0,
    "sellingGeneralAndAdministrativeExpenses": 391000000,
    "otherExpenses": 0,
    "operatingExpenses": 391000000,
    "costAndExpenses": 13512000000,
    "interestIncome": 400000000,
    "interestExpense": 1464000000,
    "depreciationAndAmortization": 1262000000,
    "ebitda": 4905000000,
    "ebitdaratio": 0.2828067343,
    "operatingIncome": 3832000000,
    "operatingIncomeRatio": 0.2209409594,
    "totalOtherIncomeExpensesNet": -1655000000,
    "incomeBeforeTax": 2177000000,
    "incomeBeforeTaxRatio": 0.1255189114,
    "incomeTaxExpense": 656000000,
    "netIncome": -28000000,
    "netIncomeRatio": -0.0016143911,
    "eps": 0.07,
    "epsdiluted": 0.07,
    "weightedAverageShsOut": 778000000,
    "weightedAverageShsOutDil": 778000000,
    "link": "https://www.sec.gov/Archives/edgar/data/874761/000119312512078654/0001193125-12-078654-index.htm",
    "finalLink": "https://www.sec.gov/Archives/edgar/data/874761/000119312512078654/d290041d10k.htm"
  },
  {
    "date": "2010-12-31",
    "symbol": "AES",
    "reportedCurrency": "USD",
    "cik": "0000874761",
    "fillingDate": "2011-02-28",
    "acceptedDate": "2011-02-25 17:37:23",
    "calendarYear": "2010",
    "period": "FY",
    "revenue": 16568000000,
    "costOfRevenue": 12676000000,
    "grossProfit": 3892000000,
    "grossProfitRatio": 0.2349106712,
    "researchAndDevelopmentExpenses": 0,
    "generalAndAdministrativeExpenses": 391000000,
    "sellingAndMarketingExpenses": 0,
    "sellingGeneralAndAdministrativeExpenses": 392000000,
    "otherExpenses": 0,
    "operatingExpenses": 392000000,
    "costAndExpenses": 13068000000,
    "interestIncome": 411000000,
    "interestExpense": 1410000000,
    "depreciationAndAmortization": 1178000000,
    "ebitda": 3632000000,
    "ebitdaratio": 0.2192177692,
    "operatingIncome": 3500000000,
    "operatingIncomeRatio": 0.2112506036,
    "totalOtherIncomeExpensesNet": -2273000000,
    "incomeBeforeTax": 1227000000,
    "incomeBeforeTaxRatio": 0.0740584259,
    "incomeTaxExpense": 593000000,
    "netIncome": -55000000,
    "netIncomeRatio": -0.0033196523,
    "eps": 0.01,
    "epsdiluted": 0.01,
    "weightedAverageShsOut": 769000000,
    "weightedAverageShsOutDil": 769000000,
    "link": "https://www.sec.gov/Archives/edgar/data/874761/000119312511047720/0001193125-11-047720-index.htm",
    "finalLink": "https://www.sec.gov/Archives/edgar/data/874761/000119312511047720/d10k.htm"
  },
  {
    "date": "2009-12-31",
    "symbol": "AES",
    "reportedCurrency": "USD",
    "cik": "0000874761",
    "fillingDate": "2010-02-26",
    "acceptedDate": "2010-02-25 17:55:00",
    "calendarYear": "2009",
    "period": "FY",
    "revenue": 13931000000,
    "costOfRevenue": 10586000000,
    "grossProfit": 3345000000,
    "grossProfitRatio": 0.2401119805,
    "researchAndDevelopmentExpenses": 0,
    "generalAndAdministrativeExpenses": 0,
    "sellingAndMarketingExpenses": 0,
    "sellingGeneralAndAdministrativeExpenses": 345000000,
    "otherExpenses": 0,
    "operatingExpenses": 345000000,
    "costAndExpenses": 10931000000,
    "interestIncome": 348000000,
    "interestExpense": 1386000000,
    "depreciationAndAmortization": 1049000000,
    "ebitda": 4778000000,
    "ebitdaratio": 0.3429760965,
    "operatingIncome": 3000000000,
    "operatingIncomeRatio": 0.2153470677,
    "totalOtherIncomeExpensesNet": -565000000,
    "incomeBeforeTax": 2435000000,
    "incomeBeforeTaxRatio": 0.1747900366,
    "incomeTaxExpense": 599000000,
    "netIncome": 808000000,
    "netIncomeRatio": 0.0580001436,
    "eps": 0.99,
    "epsdiluted": 0.98,
    "weightedAverageShsOut": 667000000,
    "weightedAverageShsOutDil": 670000000,
    "link": "https://www.sec.gov/Archives/edgar/data/874761/000119312510041006/0001193125-10-041006-index.htm",
    "finalLink": "https://www.sec.gov/Archives/edgar/data/874761/000119312510041006/d10k.htm"
  },
  {
    "date": "2008-12-31",
    "symbol": "AES",
    "reportedCurrency": "USD",
    "cik": "0000874761",
    "fillingDate": "2009-02-26",
    "acceptedDate": "2009-02-26 17:30:17",
    "calendarYear": "2008",
    "period": "FY",
    "revenue": 16070000000,
    "costOfRevenue": 12363000000,
    "grossProfit": 3707000000,
    "grossProfitRatio": 0.2306782825,
    "researchAndDevelopmentExpenses": 0,
    "generalAndAdministrativeExpenses": 0,
    "sellingAndMarketingExpenses": 0,
    "sellingGeneralAndAdministrativeExpenses": 371000000,
    "otherExpenses": 0,
    "operatingExpenses": 371000000,
    "costAndExpenses": 12734000000,
    "interestIncome": 540000000,
    "interestExpense": 1844000000,
    "depreciationAndAmortization": 1001000000,
    "ebitda": 5596000000,
    "ebitdaratio": 0.348226509,
    "operatingIncome": 3336000000,
    "operatingIncomeRatio": 0.2075917859,
    "totalOtherIncomeExpensesNet": -552000000,
    "incomeBeforeTax": 2784000000,
    "incomeBeforeTaxRatio": 0.173242066,
    "incomeTaxExpense": 771000000,
    "netIncome": 1228000000,
    "netIncomeRatio": 0.0764156814,
    "eps": 1.84,
    "epsdiluted": 1.82,
    "weightedAverageShsOut": 669000000,
    "weightedAverageShsOutDil": 689000000,
    "link": "https://www.sec.gov/Archives/edgar/data/874761/000104746909001899/0001047469-09-001899-index.htm",
    "finalLink": "https://www.sec.gov/Archives/edgar/data/874761/000104746909001899/a2190712z10-k.htm"
  },
  {
    "date": "2007-12-31",
    "symbol": "AES",
    "reportedCurrency": "USD",
    "cik": "0000874761",
    "fillingDate": "2008-03-17",
    "acceptedDate": "2008-03-14 17:53:35",
    "calendarYear": "2007",
    "period": "FY",
    "revenue": 13588000000,
    "costOfRevenue": 10179000000,
    "grossProfit": 3409000000,
    "grossProfitRatio": 0.2508831322,
    "researchAndDevelopmentExpenses": 0,
    "generalAndAdministrativeExpenses": 0,
    "sellingAndMarketingExpenses": 0,
    "sellingGeneralAndAdministrativeExpenses": 379000000,
    "otherExpenses": 0,
    "operatingExpenses": 379000000,
    "costAndExpenses": 10558000000,
    "interestIncome": 500000000,
    "interestExpense": 1788000000,
    "depreciationAndAmortization": 942000000,
    "ebitda": 4344000000,
    "ebitdaratio": 0.3196938475,
    "operatingIncome": 3030000000,
    "operatingIncomeRatio": 0.2229908743,
    "totalOtherIncomeExpensesNet": -1416000000,
    "incomeBeforeTax": 1614000000,
    "incomeBeforeTaxRatio": 0.1187812776,
    "incomeTaxExpense": 679000000,
    "netIncome": 566000000,
    "netIncomeRatio": 0.0416544009,
    "eps": -0.14,
    "epsdiluted": -0.14,
    "weightedAverageShsOut": 668000000,
    "weightedAverageShsOutDil": 678000000,
    "link": "https://www.sec.gov/Archives/edgar/data/874761/000104746908002833/0001047469-08-002833-index.htm",
    "finalLink": "https://www.sec.gov/Archives/edgar/data/874761/000104746908002833/a2183492z10-k.htm"
  },
  {
    "date": "2006-12-31",
    "symbol": "AES",
    "reportedCurrency": "USD",
    "cik": "0000874761",
    "fillingDate": "2007-08-07",
    "acceptedDate": "2007-08-07 06:01:50",
    "calendarYear": "2006",
    "period": "FY",
    "revenue": 11576000000,
    "costOfRevenue": 8131000000,
    "grossProfit": 3445000000,
    "grossProfitRatio": 0.2975984796,
    "researchAndDevelopmentExpenses": 0,
    "generalAndAdministrativeExpenses": 0,
    "sellingAndMarketingExpenses": 0,
    "sellingGeneralAndAdministrativeExpenses": 301000000,
    "otherExpenses": 0,
    "operatingExpenses": 301000000,
    "costAndExpenses": 8432000000,
    "interestIncome": 434000000,
    "interestExpense": 1769000000,
    "depreciationAndAmortization": 933000000,
    "ebitda": 3703000000,
    "ebitdaratio": 0.319885971,
    "operatingIncome": 3144000000,
    "operatingIncomeRatio": 0.2715964064,
    "totalOtherIncomeExpensesNet": -2143000000,
    "incomeBeforeTax": 1001000000,
    "incomeBeforeTaxRatio": 0.0864720111,
    "incomeTaxExpense": 359000000,
    "netIncome": 283000000,
    "netIncomeRatio": 0.024447132,
    "eps": 0.37,
    "epsdiluted": 0.37,
    "weightedAverageShsOut": 661000000,
    "weightedAverageShsOutDil": 672000000,
    "link": "https://www.sec.gov/Archives/edgar/data/874761/000110465907059339/0001104659-07-059339-index.htm",
    "finalLink": "https://www.sec.gov/Archives/edgar/data/874761/000110465907059339/a07-21078_110ka.htm"
  },
  {
    "date": "2005-12-31",
    "symbol": "AES",
    "reportedCurrency": "USD",
    "cik": "0000874761",
    "fillingDate": "2006-04-04",
    "acceptedDate": "2006-04-04 07:56:13",
    "calendarYear": "2005",
    "period": "FY",
    "revenue": 10247000000,
    "costOfRevenue": 7377000000,
    "grossProfit": 2870000000,
    "grossProfitRatio": 0.2800819752,
    "researchAndDevelopmentExpenses": 0,
    "generalAndAdministrativeExpenses": 0,
    "sellingAndMarketingExpenses": 0,
    "sellingGeneralAndAdministrativeExpenses": 221000000,
    "otherExpenses": 0,
    "operatingExpenses": 221000000,
    "costAndExpenses": 7598000000,
    "interestIncome": 381000000,
    "interestExpense": 1828000000,
    "depreciationAndAmortization": 864000000,
    "ebitda": 3849000000,
    "ebitdaratio": 0.3756221333,
    "operatingIncome": 2649000000,
    "operatingIncomeRatio": 0.2585146872,
    "totalOtherIncomeExpensesNet": -1492000000,
    "incomeBeforeTax": 1157000000,
    "incomeBeforeTaxRatio": 0.1129110959,
    "incomeTaxExpense": 473000000,
    "netIncome": 553000000,
    "netIncomeRatio": 0.0539670147,
    "eps": 0.84,
    "epsdiluted": 0.83,
    "weightedAverageShsOut": 654000000,
    "weightedAverageShsOutDil": 665000000,
    "link": "https://www.sec.gov/Archives/edgar/data/874761/000110465906021893/0001104659-06-021893-index.htm",
    "finalLink": "https://www.sec.gov/Archives/edgar/data/874761/000110465906021893/a06-2378_110k.htm"
  },
  {
    "date": "2004-12-31",
    "symbol": "AES",
    "reportedCurrency": "USD",
    "cik": "0000874761",
    "fillingDate": "2005-03-30",
    "acceptedDate": "2005-03-30 16:17:37",
    "calendarYear": "2004",
    "period": "FY",
    "revenue": 9392000000,
    "costOfRevenue": 6601000000,
    "grossProfit": 2791000000,
    "grossProfitRatio": 0.2971678024,
    "researchAndDevelopmentExpenses": 0,
    "generalAndAdministrativeExpenses": 0,
    "sellingAndMarketingExpenses": 0,
    "sellingGeneralAndAdministrativeExpenses": 181000000,
    "otherExpenses": 0,
    "operatingExpenses": 181000000,
    "costAndExpenses": 6782000000,
    "interestIncome": 283000000,
    "interestExpense": 1920000000,
    "depreciationAndAmortization": 777000000,
    "ebitda": 3556000000,
    "ebitdaratio": 0.3786201022,
    "operatingIncome": 2610000000,
    "operatingIncomeRatio": 0.2778960818,
    "totalOtherIncomeExpensesNet": -1751000000,
    "incomeBeforeTax": 859000000,
    "incomeBeforeTaxRatio": 0.0914608177,
    "incomeTaxExpense": 380000000,
    "netIncome": 209000000,
    "netIncomeRatio": 0.0222529813,
    "eps": 0.47,
    "epsdiluted": 0.46,
    "weightedAverageShsOut": 638297872,
    "weightedAverageShsOutDil": 648000000,
    "link": "https://www.sec.gov/Archives/edgar/data/874761/000110465905013802/0001104659-05-013802-index.htm",
    "finalLink": "https://www.sec.gov/Archives/edgar/data/874761/000110465905013802/a05-5402_110k.htm"
  },
  {
    "date": "2003-12-31",
    "symbol": "AES",
    "reportedCurrency": "USD",
    "cik": "0000874761",
    "fillingDate": "2004-03-15",
    "acceptedDate": "2004-03-15 12:39:45",
    "calendarYear": "2003",
    "period": "FY",
    "revenue": 9392000000,
    "costOfRevenue": -2000000,
    "grossProfit": 2791000000,
    "grossProfitRatio": 0.2971678024,
    "researchAndDevelopmentExpenses": 0,
    "generalAndAdministrativeExpenses": 0,
    "sellingAndMarketingExpenses": 0,
    "sellingGeneralAndAdministrativeExpenses": 181000000,
    "otherExpenses": 0,
    "operatingExpenses": 181000000,
    "costAndExpenses": 6782000000,
    "interestIncome": 283000000,
    "interestExpense": 1920000000,
    "depreciationAndAmortization": 777000000,
    "ebitda": 3556000000,
    "ebitdaratio": 0.3786201022,
    "operatingIncome": 2610000000,
    "operatingIncomeRatio": 0.2778960818,
    "totalOtherIncomeExpensesNet": -1751000000,
    "incomeBeforeTax": 859000000,
    "incomeBeforeTaxRatio": 0.0914608177,
    "incomeTaxExpense": 211000000,
    "netIncome": 209000000,
    "netIncomeRatio": 0.0222529813,
    "eps": -0.78,
    "epsdiluted": -0.78,
    "weightedAverageShsOut": 579487179,
    "weightedAverageShsOutDil": 587012987,
    "link": "https://www.sec.gov/Archives/edgar/data/874761/000104746904007896/0001047469-04-007896-index.htm",
    "finalLink": "https://www.sec.gov/Archives/edgar/data/874761/000104746904007896/a2130846z10-k.htm"
  },
  {
    "date": "2002-12-31",
    "symbol": "AES",
    "reportedCurrency": "USD",
    "cik": "0000874761",
    "fillingDate": "2003-03-26",
    "acceptedDate": "2003-03-26 08:14:40",
    "calendarYear": "2002",
    "period": "FY",
    "revenue": 7380000000,
    "costOfRevenue": 0,
    "grossProfit": 7380000000,
    "grossProfitRatio": 1,
    "researchAndDevelopmentExpenses": 0,
    "generalAndAdministrativeExpenses": 0,
    "sellingAndMarketingExpenses": 0,
    "sellingGeneralAndAdministrativeExpenses": 112000000,
    "otherExpenses": 7268000000,
    "operatingExpenses": 7380000000,
    "costAndExpenses": 7380000000,
    "interestIncome": 0,
    "interestExpense": 0,
    "depreciationAndAmortization": 837000000,
    "ebitda": 2034000000,
    "ebitdaratio": 0.2756097561,
    "operatingIncome": 1197000000,
    "operatingIncomeRatio": 0.162195122,
    "totalOtherIncomeExpensesNet": -2550000000,
    "incomeBeforeTax": -1353000000,
    "incomeBeforeTaxRatio": -0.1833333333,
    "incomeTaxExpense": 293000000,
    "netIncome": -3559000000,
    "netIncomeRatio": -0.4822493225,
    "eps": -7.5,
    "epsdiluted": -7.5,
    "weightedAverageShsOut": 474533333,
    "weightedAverageShsOutDil": 474533333,
    "link": "https://www.sec.gov/Archives/edgar/data/874761/000104746903010240/0001047469-03-010240-index.htm",
    "finalLink": "https://www.sec.gov/Archives/edgar/data/874761/000104746903010240/a2105668z10-k.htm"
  },
  {
    "date": "2001-12-31",
    "symbol": "AES",
    "reportedCurrency": "USD",
    "cik": "0000874761",
    "fillingDate": "2002-03-25",
    "acceptedDate": "2002-03-25 00:00:00",
    "calendarYear": "2001",
    "period": "FY",
    "revenue": 6299000000,
    "costOfRevenue": 7025000000,
    "grossProfit": -726000000,
    "grossProfitRatio": -0.1152563899,
    "researchAndDevelopmentExpenses": 0,
    "generalAndAdministrativeExpenses": 0,
    "sellingAndMarketingExpenses": 0,
    "sellingGeneralAndAdministrativeExpenses": 120000000,
    "otherExpenses": -846000000,
    "operatingExpenses": -726000000,
    "costAndExpenses": 6299000000,
    "interestIncome": 0,
    "interestExpense": 0,
    "depreciationAndAmortization": 859000000,
    "ebitda": 2608000000,
    "ebitdaratio": 0.4140339736,
    "operatingIncome": 1749000000,
    "operatingIncomeRatio": 0.2776631211,
    "totalOtherIncomeExpensesNet": -1033000000,
    "incomeBeforeTax": 716000000,
    "incomeBeforeTaxRatio": 0.1136688363,
    "incomeTaxExpense": 310000000,
    "netIncome": 273000000,
    "netIncomeRatio": 0.0433402127,
    "eps": 0.36,
    "epsdiluted": 0.36,
    "weightedAverageShsOut": 526190476,
    "weightedAverageShsOutDil": 539024390,
    "link": "https://www.sec.gov/Archives/edgar/data/874761/000091205702011424/0000912057-02-011424-index.htm",
    "finalLink": "https://www.sec.gov/Archives/edgar/data/874761/000091205702011424/a2074070z10-k.htm"
  },
  {
    "date": "2000-12-31",
    "symbol": "AES",
    "reportedCurrency": "USD",
    "cik": "0000874761",
    "fillingDate": "2001-03-28",
    "acceptedDate": "2001-03-28 00:00:00",
    "calendarYear": "2000",
    "period": "FY",
    "revenue": 6206000000,
    "costOfRevenue": 4409000000,
    "grossProfit": 1797000000,
    "grossProfitRatio": 0.2895584918,
    "researchAndDevelopmentExpenses": 0,
    "generalAndAdministrativeExpenses": 0,
    "sellingAndMarketingExpenses": 0,
    "sellingGeneralAndAdministrativeExpenses": 82000000,
    "otherExpenses": 100000000,
    "operatingExpenses": 182000000,
    "costAndExpenses": 4591000000,
    "interestIncome": 245000000,
    "interestExpense": 1299000000,
    "depreciationAndAmortization": 697000000,
    "ebitda": 2582000000,
    "ebitdaratio": 0.4160489849,
    "operatingIncome": 1615000000,
    "operatingIncomeRatio": 0.2602320335,
    "totalOtherIncomeExpensesNet": -441000000,
    "incomeBeforeTax": 1174000000,
    "incomeBeforeTaxRatio": 0.1891717693,
    "incomeTaxExpense": 368000000,
    "netIncome": 795000000,
    "netIncomeRatio": 0.1281018369,
    "eps": 1.76,
    "epsdiluted": 1.69,
    "weightedAverageShsOut": 451704545,
    "weightedAverageShsOutDil": 470414201,
    "link": "https://www.sec.gov/Archives/edgar/data/874761/000091205701008565/0000912057-01-008565-index.htm",
    "finalLink": "https://www.sec.gov/Archives/edgar/data/874761/000091205701008565/a2043533z10-ka.htm"
  },
  {
    "date": "1999-12-31",
    "symbol": "AES",
    "reportedCurrency": "USD",
    "cik": "0000874761",
    "fillingDate": "2000-09-07",
    "acceptedDate": "2000-09-07 00:00:00",
    "calendarYear": "1999",
    "period": "FY",
    "revenue": 3253000000,
    "costOfRevenue": 1971000000,
    "grossProfit": 1282000000,
    "grossProfitRatio": 0.3940977559,
    "researchAndDevelopmentExpenses": 0,
    "generalAndAdministrativeExpenses": 0,
    "sellingAndMarketingExpenses": 0,
    "sellingGeneralAndAdministrativeExpenses": 71000000,
    "otherExpenses": 1211000000,
    "operatingExpenses": 1282000000,
    "costAndExpenses": 3253000000,
    "interestIncome": 0,
    "interestExpense": 0,
    "depreciationAndAmortization": 278000000,
    "ebitda": 1203000000,
    "ebitdaratio": 0.3698124808,
    "operatingIncome": 925000000,
    "operatingIncomeRatio": 0.284352905,
    "totalOtherIncomeExpensesNet": -569000000,
    "incomeBeforeTax": 356000000,
    "incomeBeforeTaxRatio": 0.1094374424,
    "incomeTaxExpense": 111000000,
    "netIncome": 228000000,
    "netIncomeRatio": 0.0700891485,
    "eps": 0.6,
    "epsdiluted": 0.58,
    "weightedAverageShsOut": 380000000,
    "weightedAverageShsOutDil": 393103448,
    "link": "https://www.sec.gov/Archives/edgar/data/874761/000095010300001022/0000950103-00-001022-index.htm",
    "finalLink": "https://www.sec.gov/Archives/edgar/data/874761/000095010300001022/0000950103-00-001022-0001.txt"
  },
  {
    "date": "1998-12-31",
    "symbol": "AES",
    "reportedCurrency": "USD",
    "cik": "0000874761",
    "fillingDate": "1999-03-30",
    "acceptedDate": "1999-03-30 00:00:00",
    "calendarYear": "1998",
    "period": "FY",
    "revenue": 2398000000,
    "costOfRevenue": 1391000000,
    "grossProfit": 1007000000,
    "grossProfitRatio": 0.4199332777,
    "researchAndDevelopmentExpenses": 0,
    "generalAndAdministrativeExpenses": 0,
    "sellingAndMarketingExpenses": 0,
    "sellingGeneralAndAdministrativeExpenses": 56000000,
    "otherExpenses": 951000000,
    "operatingExpenses": 1007000000,
    "costAndExpenses": 2398000000,
    "interestIncome": 0,
    "interestExpense": 0,
    "depreciationAndAmortization": 196000000,
    "ebitda": 950000000,
    "ebitdaratio": 0.3961634696,
    "operatingIncome": 754000000,
    "operatingIncomeRatio": 0.3144286906,
    "totalOtherIncomeExpensesNet": -302000000,
    "incomeBeforeTax": 452000000,
    "incomeBeforeTaxRatio": 0.1884904087,
    "incomeTaxExpense": 145000000,
    "netIncome": 311000000,
    "netIncomeRatio": 0.1296914095,
    "eps": 0.88,
    "epsdiluted": 0.85,
    "weightedAverageShsOut": 355428571,
    "weightedAverageShsOutDil": 368047337,
    "link": "https://www.sec.gov/Archives/edgar/data/874761/000100515099000212/0001005150-99-000212-index.html",
    "finalLink": "https://www.sec.gov/Archives/edgar/data/874761/"
  },
  {
    "date": "1997-12-31",
    "symbol": "AES",
    "reportedCurrency": "USD",
    "cik": "0000874761",
    "fillingDate": "1998-03-31",
    "acceptedDate": "1998-03-31 00:00:00",
    "calendarYear": "1997",
    "period": "FY",
    "revenue": 1411000000,
    "costOfRevenue": 867000000,
    "grossProfit": 544000000,
    "grossProfitRatio": 0.3855421687,
    "researchAndDevelopmentExpenses": 0,
    "generalAndAdministrativeExpenses": 0,
    "sellingAndMarketingExpenses": 0,
    "sellingGeneralAndAdministrativeExpenses": 45000000,
    "otherExpenses": 499000000,
    "operatingExpenses": 544000000,
    "costAndExpenses": 1411000000,
    "interestIncome": 0,
    "interestExpense": 0,
    "depreciationAndAmortization": 114000000,
    "ebitda": 475000000,
    "ebitdaratio": 0.3366406804,
    "operatingIncome": 361000000,
    "operatingIncomeRatio": 0.2558469171,
    "totalOtherIncomeExpensesNet": -117000000,
    "incomeBeforeTax": 244000000,
    "incomeBeforeTaxRatio": 0.1729270021,
    "incomeTaxExpense": 56000000,
    "netIncome": 185000000,
    "netIncomeRatio": 0.131112686,
    "eps": 0.56,
    "epsdiluted": 0.55,
    "weightedAverageShsOut": 330357143,
    "weightedAverageShsOutDil": 336363636,
    "link": "https://www.sec.gov/Archives/edgar/data/874761/000100515098000277/0001005150-98-000277-index.html",
    "finalLink": "https://www.sec.gov/Archives/edgar/data/874761/"
  },
  {
    "date": "1996-12-31",
    "symbol": "AES",
    "reportedCurrency": "USD",
    "cik": "0000874761",
    "fillingDate": "1997-03-31",
    "acceptedDate": "1997-03-31 00:00:00",
    "calendarYear": "1996",
    "period": "FY",
    "revenue": 835000000,
    "costOfRevenue": 437000000,
    "grossProfit": 398000000,
    "grossProfitRatio": 0.4766467066,
    "researchAndDevelopmentExpenses": 0,
    "generalAndAdministrativeExpenses": 0,
    "sellingAndMarketingExpenses": 0,
    "sellingGeneralAndAdministrativeExpenses": 35000000,
    "otherExpenses": 363000000,
    "operatingExpenses": 398000000,
    "costAndExpenses": 835000000,
    "interestIncome": 0,
    "interestExpense": 0,
    "depreciationAndAmortization": 65000000,
    "ebitda": 900000000,
    "ebitdaratio": 1.0778443114,
    "operatingIncome": 835000000,
    "operatingIncomeRatio": 1,
    "totalOtherIncomeExpensesNet": -650000000,
    "incomeBeforeTax": 185000000,
    "incomeBeforeTaxRatio": 0.2215568862,
    "incomeTaxExpense": 60000000,
    "netIncome": 125000000,
    "netIncomeRatio": 0.1497005988,
    "eps": 0.42,
    "epsdiluted": 0.4,
    "weightedAverageShsOut": 297619048,
    "weightedAverageShsOutDil": 312500000,
    "link": "https://www.sec.gov/Archives/edgar/data/874761/000100515097000210/0001005150-97-000210-index.html",
    "finalLink": "https://www.sec.gov/Archives/edgar/data/874761/"
  },
  {
    "date": "1995-12-31",
    "symbol": "AES",
    "reportedCurrency": "USD",
    "cik": "0000874761",
    "fillingDate": "1995-12-31",
    "acceptedDate": "1995-12-31 00:00:00",
    "calendarYear": "1995",
    "period": "FY",
    "revenue": 679000000,
    "costOfRevenue": 339000000,
    "grossProfit": 340000000,
    "grossProfitRatio": 0.500736377,
    "researchAndDevelopmentExpenses": 0,
    "generalAndAdministrativeExpenses": 0,
    "sellingAndMarketingExpenses": 0,
    "sellingGeneralAndAdministrativeExpenses": 32000000,
    "otherExpenses": 308000000,
    "operatingExpenses": 340000000,
    "costAndExpenses": 679000000,
    "interestIncome": 0,
    "interestExpense": 0,
    "depreciationAndAmortization": 0,
    "ebitda": 308000000,
    "ebitdaratio": 0.4536082474,
    "operatingIncome": 253000000,
    "operatingIncomeRatio": 0.3726067747,
    "totalOtherIncomeExpensesNet": -89000000,
    "incomeBeforeTax": 164000000,
    "incomeBeforeTaxRatio": 0.2415316642,
    "incomeTaxExpense": 57000000,
    "netIncome": 107000000,
    "netIncomeRatio": 0.1575846834,
    "eps": 0.71,
    "epsdiluted": 0.71,
    "weightedAverageShsOut": 302307692,
    "weightedAverageShsOutDil": 302307692,
    "link": null,
    "finalLink": null
  },
  {
    "date": "1994-12-31",
    "symbol": "AES",
    "reportedCurrency": "USD",
    "cik": "0000874761",
    "fillingDate": "1994-12-31",
    "acceptedDate": "1994-12-31 00:00:00",
    "calendarYear": "1994",
    "period": "FY",
    "revenue": 533000000,
    "costOfRevenue": 226000000,
    "grossProfit": 307000000,
    "grossProfitRatio": 0.5759849906,
    "researchAndDevelopmentExpenses": 0,
    "generalAndAdministrativeExpenses": 0,
    "sellingAndMarketingExpenses": 0,
    "sellingGeneralAndAdministrativeExpenses": 32000000,
    "otherExpenses": 275000000,
    "operatingExpenses": 307000000,
    "costAndExpenses": 533000000,
    "interestIncome": 0,
    "interestExpense": 0,
    "depreciationAndAmortization": 0,
    "ebitda": 275000000,
    "ebitdaratio": 0.5159474672,
    "operatingIncome": 232000000,
    "operatingIncomeRatio": 0.435272045,
    "totalOtherIncomeExpensesNet": -90000000,
    "incomeBeforeTax": 142000000,
    "incomeBeforeTaxRatio": 0.2664165103,
    "incomeTaxExpense": 44000000,
    "netIncome": 100000000,
    "netIncomeRatio": 0.1876172608,
    "eps": 0.66,
    "epsdiluted": 0.66,
    "weightedAverageShsOut": 292307692,
    "weightedAverageShsOutDil": 292307692,
    "link": null,
    "finalLink": null
  },
  {
    "date": "1993-12-31",
    "symbol": "AES",
    "reportedCurrency": "USD",
    "cik": "0000874761",
    "fillingDate": "1993-12-31",
    "acceptedDate": "1993-12-30 19:00:00",
    "calendarYear": "1993",
    "period": "FY",
    "revenue": 518700000,
    "costOfRevenue": 0,
    "grossProfit": 518700000,
    "grossProfitRatio": 1,
    "researchAndDevelopmentExpenses": 0,
    "generalAndAdministrativeExpenses": 0,
    "sellingAndMarketingExpenses": 0,
    "sellingGeneralAndAdministrativeExpenses": 0,
    "otherExpenses": 518700000,
    "operatingExpenses": 518700000,
    "costAndExpenses": 518700000,
    "interestIncome": 0,
    "interestExpense": 0,
    "depreciationAndAmortization": 0,
    "ebitda": 518700000,
    "ebitdaratio": 1,
    "operatingIncome": 518700000,
    "operatingIncomeRatio": 1,
    "totalOtherIncomeExpensesNet": -518700000,
    "incomeBeforeTax": 0,
    "incomeBeforeTaxRatio": 0,
    "incomeTaxExpense": 0,
    "netIncome": 71300000,
    "netIncomeRatio": 0.1374590322,
    "eps": 0.25,
    "epsdiluted": 0.25,
    "weightedAverageShsOut": 285200000,
    "weightedAverageShsOutDil": 285200000,
    "link": null,
    "finalLink": null
  },
  {
    "date": "1992-12-31",
    "symbol": "AES",
    "reportedCurrency": "USD",
    "cik": "0000874761",
    "fillingDate": "1992-12-31",
    "acceptedDate": "1992-12-30 19:00:00",
    "calendarYear": "1992",
    "period": "FY",
    "revenue": 401000000,
    "costOfRevenue": 0,
    "grossProfit": 401000000,
    "grossProfitRatio": 1,
    "researchAndDevelopmentExpenses": 0,
    "generalAndAdministrativeExpenses": 0,
    "sellingAndMarketingExpenses": 0,
    "sellingGeneralAndAdministrativeExpenses": 0,
    "otherExpenses": 401000000,
    "operatingExpenses": 401000000,
    "costAndExpenses": 401000000,
    "interestIncome": 0,
    "interestExpense": 0,
    "depreciationAndAmortization": 0,
    "ebitda": 401000000,
    "ebitdaratio": 1,
    "operatingIncome": 401000000,
    "operatingIncomeRatio": 1,
    "totalOtherIncomeExpensesNet": -401000000,
    "incomeBeforeTax": 0,
    "incomeBeforeTaxRatio": 0,
    "incomeTaxExpense": 0,
    "netIncome": 55800000,
    "netIncomeRatio": 0.1391521197,
    "eps": 0.21,
    "epsdiluted": 0.21,
    "weightedAverageShsOut": 265714286,
    "weightedAverageShsOutDil": 265714286,
    "link": null,
    "finalLink": null
  },
  {
    "date": "1991-12-31",
    "symbol": "AES",
    "reportedCurrency": "USD",
    "cik": "0000874761",
    "fillingDate": "1991-12-31",
    "acceptedDate": "1991-12-30 19:00:00",
    "calendarYear": "1991",
    "period": "FY",
    "revenue": 333500000,
    "costOfRevenue": 0,
    "grossProfit": 333500000,
    "grossProfitRatio": 1,
    "researchAndDevelopmentExpenses": 0,
    "generalAndAdministrativeExpenses": 0,
    "sellingAndMarketingExpenses": 0,
    "sellingGeneralAndAdministrativeExpenses": 0,
    "otherExpenses": 333500000,
    "operatingExpenses": 333500000,
    "costAndExpenses": 333500000,
    "interestIncome": 0,
    "interestExpense": 0,
    "depreciationAndAmortization": 0,
    "ebitda": 333500000,
    "ebitdaratio": 1,
    "operatingIncome": 333500000,
    "operatingIncomeRatio": 1,
    "totalOtherIncomeExpensesNet": -333500000,
    "incomeBeforeTax": 0,
    "incomeBeforeTaxRatio": 0,
    "incomeTaxExpense": 0,
    "netIncome": 42600000,
    "netIncomeRatio": 0.1277361319,
    "eps": 0.17,
    "epsdiluted": 0.17,
    "weightedAverageShsOut": 250588235,
    "weightedAverageShsOutDil": 250588235,
    "link": null,
    "finalLink": null
  },
  {
    "date": "1990-12-31",
    "symbol": "AES",
    "reportedCurrency": "USD",
    "cik": "0000874761",
    "fillingDate": "1990-12-31",
    "acceptedDate": "1990-12-30 19:00:00",
    "calendarYear": "1990",
    "period": "FY",
    "revenue": 190200000,
    "costOfRevenue": 0,
    "grossProfit": 190200000,
    "grossProfitRatio": 1,
    "researchAndDevelopmentExpenses": 0,
    "generalAndAdministrativeExpenses": 0,
    "sellingAndMarketingExpenses": 0,
    "sellingGeneralAndAdministrativeExpenses": 0,
    "otherExpenses": 190200000,
    "operatingExpenses": 190200000,
    "costAndExpenses": 190200000,
    "interestIncome": 0,
    "interestExpense": 0,
    "depreciationAndAmortization": 0,
    "ebitda": 190200000,
    "ebitdaratio": 1,
    "operatingIncome": 190200000,
    "operatingIncomeRatio": 1,
    "totalOtherIncomeExpensesNet": -190200000,
    "incomeBeforeTax": 0,
    "incomeBeforeTaxRatio": 0,
    "incomeTaxExpense": 0,
    "netIncome": 15500000,
    "netIncomeRatio": 0.0814931651,
    "eps": 0.07,
    "epsdiluted": 0.07,
    "weightedAverageShsOut": 221428571,
    "weightedAverageShsOutDil": 221428571,
    "link": null,
    "finalLink": null
  }
]