[
  {
    "date": "2025-06-30",
    "symbol": "AFL",
    "reportedCurrency": "USD",
    "cik": "0000004977",
    "fillingDate": "2025-08-05",
    "acceptedDate": "2025-08-05 16:02:58",
    "calendarYear": "2025",
    "period": "Q2",
    "revenue": 4218000000,
    "costOfRevenue": 3035000000,
    "grossProfit": 1183000000,
    "grossProfitRatio": 0.2804646752,
    "researchAndDevelopmentExpenses": 0,
    "generalAndAdministrativeExpenses": 0,
    "sellingAndMarketingExpenses": 0,
    "sellingGeneralAndAdministrativeExpenses": 0,
    "otherExpenses": 361000000,
    "operatingExpenses": 361000000,
    "costAndExpenses": 3396000000,
    "interestIncome": 0,
    "interestExpense": 52000000,
    "depreciationAndAmortization": 0,
    "ebitda": 822000000,
    "ebitdaratio": 0.1948790896,
    "operatingIncome": 822000000,
    "operatingIncomeRatio": 0.1948790896,
    "totalOtherIncomeExpensesNet": 0,
    "incomeBeforeTax": 822000000,
    "incomeBeforeTaxRatio": 0.1948790896,
    "incomeTaxExpense": 223000000,
    "netIncome": 599000000,
    "netIncomeRatio": 0.1420104315,
    "eps": 1.12,
    "epsdiluted": 1.11,
    "weightedAverageShsOut": 536688000,
    "weightedAverageShsOutDil": 538425000,
    "link": "https://www.sec.gov/Archives/edgar/data/4977/000000497725000132/0000004977-25-000132-index.htm",
    "finalLink": "https://www.sec.gov/Archives/edgar/data/4977/000000497725000132/afl-20250630.htm"
  },
  {
    "date": "2025-03-31",
    "symbol": "AFL",
    "reportedCurrency": "USD",
    "cik": "0000004977",
    "fillingDate": "2025-05-07",
    "acceptedDate": "2025-05-07 09:17:35",
    "calendarYear": "2025",
    "period": "Q1",
    "revenue": 3453000000,
    "costOfRevenue": 2963000000,
    "grossProfit": 490000000,
    "grossProfitRatio": 0.1419055893,
    "researchAndDevelopmentExpenses": 0,
    "generalAndAdministrativeExpenses": 0,
    "sellingAndMarketingExpenses": 0,
    "sellingGeneralAndAdministrativeExpenses": 0,
    "otherExpenses": 345000000,
    "operatingExpenses": 345000000,
    "costAndExpenses": 3308000000,
    "interestIncome": 0,
    "interestExpense": 50000000,
    "depreciationAndAmortization": 0,
    "ebitda": 145000000,
    "ebitdaratio": 0.0419924703,
    "operatingIncome": 145000000,
    "operatingIncomeRatio": 0.0419924703,
    "totalOtherIncomeExpensesNet": 0,
    "incomeBeforeTax": 145000000,
    "incomeBeforeTaxRatio": 0.0419924703,
    "incomeTaxExpense": 116000000,
    "netIncome": 29000000,
    "netIncomeRatio": 0.0083984941,
    "eps": 0.0532,
    "epsdiluted": 0.053,
    "weightedAverageShsOut": 544707000,
    "weightedAverageShsOutDil": 546878000,
    "link": "https://www.sec.gov/Archives/edgar/data/4977/000000497725000075/0000004977-25-000075-index.htm",
    "finalLink": "https://www.sec.gov/Archives/edgar/data/4977/000000497725000075/afl-20250331.htm"
  },
  {
    "date": "2024-12-31",
    "symbol": "AFL",
    "reportedCurrency": "USD",
    "cik": "0000004977",
    "fillingDate": "2025-02-26",
    "acceptedDate": "2025-02-26 12:26:15",
    "calendarYear": "2024",
    "period": "Q4",
    "revenue": 5498000000,
    "costOfRevenue": 2971000000,
    "grossProfit": 2527000000,
    "grossProfitRatio": 0.4596216806,
    "researchAndDevelopmentExpenses": 0,
    "generalAndAdministrativeExpenses": 0,
    "sellingAndMarketingExpenses": 0,
    "sellingGeneralAndAdministrativeExpenses": 0,
    "otherExpenses": 392000000,
    "operatingExpenses": 392000000,
    "costAndExpenses": 3363000000,
    "interestIncome": 0,
    "interestExpense": 50000000,
    "depreciationAndAmortization": 0,
    "ebitda": 2135000000,
    "ebitdaratio": 0.3883230266,
    "operatingIncome": 2135000000,
    "operatingIncomeRatio": 0.3883230266,
    "totalOtherIncomeExpensesNet": 0,
    "incomeBeforeTax": 2135000000,
    "incomeBeforeTaxRatio": 0.3883230266,
    "incomeTaxExpense": 233000000,
    "netIncome": 1902000000,
    "netIncomeRatio": 0.3459439796,
    "eps": 3.44,
    "epsdiluted": 3.42,
    "weightedAverageShsOut": 557899000,
    "weightedAverageShsOutDil": 565015000,
    "link": "https://www.sec.gov/Archives/edgar/data/4977/000000497725000047/0000004977-25-000047-index.htm",
    "finalLink": "https://www.sec.gov/Archives/edgar/data/4977/000000497725000047/afl-20241231.htm"
  },
  {
    "date": "2024-09-30",
    "symbol": "AFL",
    "reportedCurrency": "USD",
    "cik": "0000004977",
    "fillingDate": "2024-11-01",
    "acceptedDate": "2024-11-01 08:25:31",
    "calendarYear": "2024",
    "period": "Q3",
    "revenue": 3035000000,
    "costOfRevenue": 2556000000,
    "grossProfit": 479000000,
    "grossProfitRatio": 0.1578253707,
    "researchAndDevelopmentExpenses": 0,
    "generalAndAdministrativeExpenses": 0,
    "sellingAndMarketingExpenses": 0,
    "sellingGeneralAndAdministrativeExpenses": 0,
    "otherExpenses": 387000000,
    "operatingExpenses": 387000000,
    "costAndExpenses": 2943000000,
    "interestIncome": 0,
    "interestExpense": 50000000,
    "depreciationAndAmortization": 0,
    "ebitda": 92000000,
    "ebitdaratio": 0.0303130148,
    "operatingIncome": 92000000,
    "operatingIncomeRatio": 0.0303130148,
    "totalOtherIncomeExpensesNet": 0,
    "incomeBeforeTax": 92000000,
    "incomeBeforeTaxRatio": 0.0303130148,
    "incomeTaxExpense": 185000000,
    "netIncome": -93000000,
    "netIncomeRatio": -0.0306425041,
    "eps": -0.17,
    "epsdiluted": -0.17,
    "weightedAverageShsOut": 557899000,
    "weightedAverageShsOutDil": 560414000,
    "link": "https://www.sec.gov/Archives/edgar/data/4977/000000497724000167/0000004977-24-000167-index.htm",
    "finalLink": "https://www.sec.gov/Archives/edgar/data/4977/000000497724000167/afl-20240930.htm"
  },
  {
    "date": "2024-06-30",
    "symbol": "AFL",
    "reportedCurrency": "USD",
    "cik": "0000004977",
    "fillingDate": "2024-08-01",
    "acceptedDate": "2024-08-01 11:05:23",
    "calendarYear": "2024",
    "period": "Q2",
    "revenue": 5157000000,
    "costOfRevenue": 2823000000,
    "grossProfit": 2334000000,
    "grossProfitRatio": 0.4525887144,
    "researchAndDevelopmentExpenses": 0,
    "generalAndAdministrativeExpenses": 0,
    "sellingAndMarketingExpenses": 0,
    "sellingGeneralAndAdministrativeExpenses": 0,
    "otherExpenses": 315000000,
    "operatingExpenses": 315000000,
    "costAndExpenses": 3138000000,
    "interestIncome": 0,
    "interestExpense": 50000000,
    "depreciationAndAmortization": 0,
    "ebitda": 2019000000,
    "ebitdaratio": 0.3915066899,
    "operatingIncome": 2019000000,
    "operatingIncomeRatio": 0.3915066899,
    "totalOtherIncomeExpensesNet": 0,
    "incomeBeforeTax": 2019000000,
    "incomeBeforeTaxRatio": 0.3915066899,
    "incomeTaxExpense": 264000000,
    "netIncome": 1755000000,
    "netIncomeRatio": 0.3403141361,
    "eps": 3.11,
    "epsdiluted": 3.1,
    "weightedAverageShsOut": 564573000,
    "weightedAverageShsOutDil": 566838000,
    "link": "https://www.sec.gov/Archives/edgar/data/4977/000000497724000140/0000004977-24-000140-index.htm",
    "finalLink": "https://www.sec.gov/Archives/edgar/data/4977/000000497724000140/afl-20240630.htm"
  },
  {
    "date": "2024-03-31",
    "symbol": "AFL",
    "reportedCurrency": "USD",
    "cik": "0000004977",
    "fillingDate": "2024-05-02",
    "acceptedDate": "2024-05-02 11:24:13",
    "calendarYear": "2024",
    "period": "Q1",
    "revenue": 5437000000,
    "costOfRevenue": 2964000000,
    "grossProfit": 2473000000,
    "grossProfitRatio": 0.4548464227,
    "researchAndDevelopmentExpenses": 0,
    "generalAndAdministrativeExpenses": 0,
    "sellingAndMarketingExpenses": 0,
    "sellingGeneralAndAdministrativeExpenses": 0,
    "otherExpenses": 303000000,
    "operatingExpenses": 303000000,
    "costAndExpenses": 3267000000,
    "interestIncome": 0,
    "interestExpense": 47000000,
    "depreciationAndAmortization": 0,
    "ebitda": 2170000000,
    "ebitdaratio": 0.3991171602,
    "operatingIncome": 2170000000,
    "operatingIncomeRatio": 0.3991171602,
    "totalOtherIncomeExpensesNet": 0,
    "incomeBeforeTax": 2170000000,
    "incomeBeforeTaxRatio": 0.3991171602,
    "incomeTaxExpense": 291000000,
    "netIncome": 1879000000,
    "netIncomeRatio": 0.3455949972,
    "eps": 3.27,
    "epsdiluted": 3.25,
    "weightedAverageShsOut": 574886000,
    "weightedAverageShsOutDil": 577482000,
    "link": "https://www.sec.gov/Archives/edgar/data/4977/000000497724000086/0000004977-24-000086-index.htm",
    "finalLink": "https://www.sec.gov/Archives/edgar/data/4977/000000497724000086/afl-20240331.htm"
  },
  {
    "date": "2023-12-31",
    "symbol": "AFL",
    "reportedCurrency": "USD",
    "cik": "0000004977",
    "fillingDate": "2024-02-22",
    "acceptedDate": "2024-02-22 14:34:09",
    "calendarYear": "2023",
    "period": "Q4",
    "revenue": 3857000000,
    "costOfRevenue": 0,
    "grossProfit": 3857000000,
    "grossProfitRatio": 1,
    "researchAndDevelopmentExpenses": 0,
    "generalAndAdministrativeExpenses": 0,
    "sellingAndMarketingExpenses": 0,
    "sellingGeneralAndAdministrativeExpenses": 0,
    "otherExpenses": 3567000000,
    "operatingExpenses": 3567000000,
    "costAndExpenses": 3567000000,
    "interestIncome": 0,
    "interestExpense": 47000000,
    "depreciationAndAmortization": 0,
    "ebitda": 290000000,
    "ebitdaratio": 0.0751879699,
    "operatingIncome": 290000000,
    "operatingIncomeRatio": 0.0751879699,
    "totalOtherIncomeExpensesNet": 0,
    "incomeBeforeTax": 290000000,
    "incomeBeforeTaxRatio": 0.0751879699,
    "incomeTaxExpense": 22000000,
    "netIncome": 268000000,
    "netIncomeRatio": 0.069484055,
    "eps": 0.46,
    "epsdiluted": 0.46,
    "weightedAverageShsOut": 581876000,
    "weightedAverageShsOutDil": 584881000,
    "link": "https://www.sec.gov/Archives/edgar/data/4977/000000497724000053/0000004977-24-000053-index.htm",
    "finalLink": "https://www.sec.gov/Archives/edgar/data/4977/000000497724000053/afl-20231231.htm"
  },
  {
    "date": "2023-09-30",
    "symbol": "AFL",
    "reportedCurrency": "USD",
    "cik": "0000004977",
    "fillingDate": "2023-11-02",
    "acceptedDate": "2023-11-02 12:42:56",
    "calendarYear": "2023",
    "period": "Q3",
    "revenue": 5032000000,
    "costOfRevenue": 0,
    "grossProfit": 5032000000,
    "grossProfitRatio": 1,
    "researchAndDevelopmentExpenses": 0,
    "generalAndAdministrativeExpenses": 0,
    "sellingAndMarketingExpenses": 0,
    "sellingGeneralAndAdministrativeExpenses": 0,
    "otherExpenses": 3227000000,
    "operatingExpenses": 3227000000,
    "costAndExpenses": 3227000000,
    "interestIncome": 0,
    "interestExpense": 49000000,
    "depreciationAndAmortization": 0,
    "ebitda": 1805000000,
    "ebitdaratio": 0.3587042925,
    "operatingIncome": 1805000000,
    "operatingIncomeRatio": 0.3587042925,
    "totalOtherIncomeExpensesNet": 0,
    "incomeBeforeTax": 1805000000,
    "incomeBeforeTaxRatio": 0.3587042925,
    "incomeTaxExpense": 236000000,
    "netIncome": 1569000000,
    "netIncomeRatio": 0.3118044515,
    "eps": 2.65,
    "epsdiluted": 2.64,
    "weightedAverageShsOut": 591246000,
    "weightedAverageShsOutDil": 593596000,
    "link": "https://www.sec.gov/Archives/edgar/data/4977/000000497723000177/0000004977-23-000177-index.htm",
    "finalLink": "https://www.sec.gov/Archives/edgar/data/4977/000000497723000177/afl-20230930.htm"
  },
  {
    "date": "2023-06-30",
    "symbol": "AFL",
    "reportedCurrency": "USD",
    "cik": "0000004977",
    "fillingDate": "2023-08-02",
    "acceptedDate": "2023-08-02 11:32:00",
    "calendarYear": "2023",
    "period": "Q2",
    "revenue": 5173000000,
    "costOfRevenue": 0,
    "grossProfit": 5173000000,
    "grossProfitRatio": 1,
    "researchAndDevelopmentExpenses": 0,
    "generalAndAdministrativeExpenses": 0,
    "sellingAndMarketingExpenses": 0,
    "sellingGeneralAndAdministrativeExpenses": 0,
    "otherExpenses": 3348000000,
    "operatingExpenses": 3348000000,
    "costAndExpenses": 3348000000,
    "interestIncome": 0,
    "interestExpense": 51000000,
    "depreciationAndAmortization": 0,
    "ebitda": 1825000000,
    "ebitdaratio": 0.3527933501,
    "operatingIncome": 1825000000,
    "operatingIncomeRatio": 0.3527933501,
    "totalOtherIncomeExpensesNet": 0,
    "incomeBeforeTax": 1825000000,
    "incomeBeforeTaxRatio": 0.3527933501,
    "incomeTaxExpense": 191000000,
    "netIncome": 1634000000,
    "netIncomeRatio": 0.315870868,
    "eps": 2.72,
    "epsdiluted": 2.71,
    "weightedAverageShsOut": 600742000,
    "weightedAverageShsOutDil": 602929000,
    "link": "https://www.sec.gov/Archives/edgar/data/4977/000000497723000149/0000004977-23-000149-index.htm",
    "finalLink": "https://www.sec.gov/Archives/edgar/data/4977/000000497723000149/afl-20230630.htm"
  },
  {
    "date": "2023-03-31",
    "symbol": "AFL",
    "reportedCurrency": "USD",
    "cik": "0000004977",
    "fillingDate": "2023-05-01",
    "acceptedDate": "2023-05-01 16:49:19",
    "calendarYear": "2023",
    "period": "Q1",
    "revenue": 4831000000,
    "costOfRevenue": 0,
    "grossProfit": 4831000000,
    "grossProfitRatio": 1,
    "researchAndDevelopmentExpenses": 0,
    "generalAndAdministrativeExpenses": 0,
    "sellingAndMarketingExpenses": 0,
    "sellingGeneralAndAdministrativeExpenses": 0,
    "otherExpenses": 3489000000,
    "operatingExpenses": 3489000000,
    "costAndExpenses": 3489000000,
    "interestIncome": 0,
    "interestExpense": 48000000,
    "depreciationAndAmortization": 0,
    "ebitda": 1342000000,
    "ebitdaratio": 0.2777892776,
    "operatingIncome": 1342000000,
    "operatingIncomeRatio": 0.2777892776,
    "totalOtherIncomeExpensesNet": 0,
    "incomeBeforeTax": 1342000000,
    "incomeBeforeTaxRatio": 0.2777892776,
    "incomeTaxExpense": 154000000,
    "netIncome": 1188000000,
    "netIncomeRatio": 0.2459118195,
    "eps": 1.94,
    "epsdiluted": 1.93,
    "weightedAverageShsOut": 611205000,
    "weightedAverageShsOutDil": 614000000,
    "link": "https://www.sec.gov/Archives/edgar/data/4977/000000497723000090/0000004977-23-000090-index.htm",
    "finalLink": "https://www.sec.gov/Archives/edgar/data/4977/000000497723000090/afl-20230331.htm"
  },
  {
    "date": "2022-12-31",
    "symbol": "AFL",
    "reportedCurrency": "USD",
    "cik": "0000004977",
    "fillingDate": "2023-02-24",
    "acceptedDate": "2023-02-23 20:48:23",
    "calendarYear": "2022",
    "period": "Q4",
    "revenue": 4022000000,
    "costOfRevenue": 0,
    "grossProfit": 4022000000,
    "grossProfitRatio": 1,
    "researchAndDevelopmentExpenses": 0,
    "generalAndAdministrativeExpenses": 0,
    "sellingAndMarketingExpenses": 0,
    "sellingGeneralAndAdministrativeExpenses": 0,
    "otherExpenses": 3498000000,
    "operatingExpenses": 3498000000,
    "costAndExpenses": 3498000000,
    "interestIncome": 0,
    "interestExpense": 55000000,
    "depreciationAndAmortization": 0,
    "ebitda": 524000000,
    "ebitdaratio": 0.1302834411,
    "operatingIncome": 524000000,
    "operatingIncomeRatio": 0.1302834411,
    "totalOtherIncomeExpensesNet": 0,
    "incomeBeforeTax": 524000000,
    "incomeBeforeTaxRatio": 0.1302834411,
    "incomeTaxExpense": 339000000,
    "netIncome": 185000000,
    "netIncomeRatio": 0.0459970164,
    "eps": 0.32,
    "epsdiluted": 0.31,
    "weightedAverageShsOut": 619845000,
    "weightedAverageShsOutDil": 622994000,
    "link": "https://www.sec.gov/Archives/edgar/data/4977/000000497723000055/0000004977-23-000055-index.htm",
    "finalLink": "https://www.sec.gov/Archives/edgar/data/4977/000000497723000055/afl-20221231.htm"
  },
  {
    "date": "2022-09-30",
    "symbol": "AFL",
    "reportedCurrency": "USD",
    "cik": "0000004977",
    "fillingDate": "2022-11-02",
    "acceptedDate": "2022-11-01 18:08:54",
    "calendarYear": "2022",
    "period": "Q3",
    "revenue": 4711000000,
    "costOfRevenue": 0,
    "grossProfit": 4711000000,
    "grossProfitRatio": 1,
    "researchAndDevelopmentExpenses": 0,
    "generalAndAdministrativeExpenses": 0,
    "sellingAndMarketingExpenses": 0,
    "sellingGeneralAndAdministrativeExpenses": 0,
    "otherExpenses": 3382000000,
    "operatingExpenses": 3382000000,
    "costAndExpenses": 3382000000,
    "interestIncome": 0,
    "interestExpense": 59000000,
    "depreciationAndAmortization": 0,
    "ebitda": 1329000000,
    "ebitdaratio": 0.28210571,
    "operatingIncome": 1329000000,
    "operatingIncomeRatio": 0.28210571,
    "totalOtherIncomeExpensesNet": 0,
    "incomeBeforeTax": 1329000000,
    "incomeBeforeTaxRatio": 0.28210571,
    "incomeTaxExpense": -452000000,
    "netIncome": 1781000000,
    "netIncomeRatio": 0.3780513691,
    "eps": 2.83,
    "epsdiluted": 2.82,
    "weightedAverageShsOut": 629350000,
    "weightedAverageShsOutDil": 631946000,
    "link": "https://www.sec.gov/Archives/edgar/data/4977/000000497722000145/0000004977-22-000145-index.htm",
    "finalLink": "https://www.sec.gov/Archives/edgar/data/4977/000000497722000145/afl-20220930.htm"
  },
  {
    "date": "2022-06-30",
    "symbol": "AFL",
    "reportedCurrency": "USD",
    "cik": "0000004977",
    "fillingDate": "2022-08-02",
    "acceptedDate": "2022-08-02 14:57:55",
    "calendarYear": "2022",
    "period": "Q2",
    "revenue": 5332000000,
    "costOfRevenue": 0,
    "grossProfit": 5332000000,
    "grossProfitRatio": 1,
    "researchAndDevelopmentExpenses": 0,
    "generalAndAdministrativeExpenses": 0,
    "sellingAndMarketingExpenses": 0,
    "sellingGeneralAndAdministrativeExpenses": 0,
    "otherExpenses": 3624000000,
    "operatingExpenses": 3624000000,
    "costAndExpenses": 3624000000,
    "interestIncome": 0,
    "interestExpense": 55000000,
    "depreciationAndAmortization": 0,
    "ebitda": 1708000000,
    "ebitdaratio": 0.3203300825,
    "operatingIncome": 1708000000,
    "operatingIncomeRatio": 0.3203300825,
    "totalOtherIncomeExpensesNet": 0,
    "incomeBeforeTax": 1708000000,
    "incomeBeforeTaxRatio": 0.3203300825,
    "incomeTaxExpense": 314000000,
    "netIncome": 1394000000,
    "netIncomeRatio": 0.2614403601,
    "eps": 2.17,
    "epsdiluted": 2.16,
    "weightedAverageShsOut": 640707000,
    "weightedAverageShsOutDil": 643243000,
    "link": "https://www.sec.gov/Archives/edgar/data/4977/000000497722000125/0000004977-22-000125-index.htm",
    "finalLink": "https://www.sec.gov/Archives/edgar/data/4977/000000497722000125/afl-20220630.htm"
  },
  {
    "date": "2022-03-31",
    "symbol": "AFL",
    "reportedCurrency": "USD",
    "cik": "0000004977",
    "fillingDate": "2022-04-29",
    "acceptedDate": "2022-04-29 11:26:44",
    "calendarYear": "2022",
    "period": "Q1",
    "revenue": 5148000000,
    "costOfRevenue": 0,
    "grossProfit": 5148000000,
    "grossProfitRatio": 1,
    "researchAndDevelopmentExpenses": 0,
    "generalAndAdministrativeExpenses": 0,
    "sellingAndMarketingExpenses": 0,
    "sellingGeneralAndAdministrativeExpenses": 0,
    "otherExpenses": 3854000000,
    "operatingExpenses": 3854000000,
    "costAndExpenses": 3854000000,
    "interestIncome": 0,
    "interestExpense": 56000000,
    "depreciationAndAmortization": 0,
    "ebitda": 1294000000,
    "ebitdaratio": 0.2513597514,
    "operatingIncome": 1294000000,
    "operatingIncomeRatio": 0.2513597514,
    "totalOtherIncomeExpensesNet": 0,
    "incomeBeforeTax": 1294000000,
    "incomeBeforeTaxRatio": 0.2513597514,
    "incomeTaxExpense": 247000000,
    "netIncome": 1047000000,
    "netIncomeRatio": 0.2033799534,
    "eps": 1.59,
    "epsdiluted": 1.58,
    "weightedAverageShsOut": 649753000,
    "weightedAverageShsOutDil": 652827000,
    "link": "https://www.sec.gov/Archives/edgar/data/4977/000000497722000076/0000004977-22-000076-index.htm",
    "finalLink": "https://www.sec.gov/Archives/edgar/data/4977/000000497722000076/afl-20220331.htm"
  },
  {
    "date": "2021-12-31",
    "symbol": "AFL",
    "reportedCurrency": "USD",
    "cik": "0000004977",
    "fillingDate": "2022-02-23",
    "acceptedDate": "2022-02-23 17:18:23",
    "calendarYear": "2021",
    "period": "Q4",
    "revenue": 5387000000,
    "costOfRevenue": 0,
    "grossProfit": 5387000000,
    "grossProfitRatio": 1,
    "researchAndDevelopmentExpenses": 0,
    "generalAndAdministrativeExpenses": 0,
    "sellingAndMarketingExpenses": 0,
    "sellingGeneralAndAdministrativeExpenses": 0,
    "otherExpenses": 4155000000,
    "operatingExpenses": 4155000000,
    "costAndExpenses": 4155000000,
    "interestIncome": 0,
    "interestExpense": 57000000,
    "depreciationAndAmortization": 0,
    "ebitda": 1232000000,
    "ebitdaratio": 0.2286987191,
    "operatingIncome": 1232000000,
    "operatingIncomeRatio": 0.2286987191,
    "totalOtherIncomeExpensesNet": 0,
    "incomeBeforeTax": 1232000000,
    "incomeBeforeTaxRatio": 0.2286987191,
    "incomeTaxExpense": 193000000,
    "netIncome": 1039000000,
    "netIncomeRatio": 0.1928717282,
    "eps": 1.58,
    "epsdiluted": 1.57,
    "weightedAverageShsOut": 659100000,
    "weightedAverageShsOutDil": 662512000,
    "link": "https://www.sec.gov/Archives/edgar/data/4977/000000497722000058/0000004977-22-000058-index.htm",
    "finalLink": "https://www.sec.gov/Archives/edgar/data/4977/000000497722000058/afl-20211231.htm"
  },
  {
    "date": "2021-09-30",
    "symbol": "AFL",
    "reportedCurrency": "USD",
    "cik": "0000004977",
    "fillingDate": "2021-10-28",
    "acceptedDate": "2021-10-28 13:11:26",
    "calendarYear": "2021",
    "period": "Q3",
    "revenue": 5263000000,
    "costOfRevenue": 0,
    "grossProfit": 5263000000,
    "grossProfitRatio": 1,
    "researchAndDevelopmentExpenses": 0,
    "generalAndAdministrativeExpenses": 0,
    "sellingAndMarketingExpenses": 0,
    "sellingGeneralAndAdministrativeExpenses": 0,
    "otherExpenses": 4150000000,
    "operatingExpenses": 4150000000,
    "costAndExpenses": 4150000000,
    "interestIncome": 0,
    "interestExpense": 57000000,
    "depreciationAndAmortization": 0,
    "ebitda": 1113000000,
    "ebitdaratio": 0.2114763443,
    "operatingIncome": 1113000000,
    "operatingIncomeRatio": 0.2114763443,
    "totalOtherIncomeExpensesNet": 0,
    "incomeBeforeTax": 1113000000,
    "incomeBeforeTaxRatio": 0.2114763443,
    "incomeTaxExpense": 225000000,
    "netIncome": 888000000,
    "netIncomeRatio": 0.1687250618,
    "eps": 1.33,
    "epsdiluted": 1.32,
    "weightedAverageShsOut": 668762000,
    "weightedAverageShsOutDil": 671925000,
    "link": "https://www.sec.gov/Archives/edgar/data/4977/000000497721000145/0000004977-21-000145-index.htm",
    "finalLink": "https://www.sec.gov/Archives/edgar/data/4977/000000497721000145/afl-20210930.htm"
  },
  {
    "date": "2021-06-30",
    "symbol": "AFL",
    "reportedCurrency": "USD",
    "cik": "0000004977",
    "fillingDate": "2021-07-29",
    "acceptedDate": "2021-07-29 14:12:29",
    "calendarYear": "2021",
    "period": "Q2",
    "revenue": 5511000000,
    "costOfRevenue": 0,
    "grossProfit": 5511000000,
    "grossProfitRatio": 1,
    "researchAndDevelopmentExpenses": 0,
    "generalAndAdministrativeExpenses": 0,
    "sellingAndMarketingExpenses": 0,
    "sellingGeneralAndAdministrativeExpenses": 0,
    "otherExpenses": 4138000000,
    "operatingExpenses": 4138000000,
    "costAndExpenses": 4138000000,
    "interestIncome": 0,
    "interestExpense": 62000000,
    "depreciationAndAmortization": 0,
    "ebitda": 1373000000,
    "ebitdaratio": 0.2491380875,
    "operatingIncome": 1373000000,
    "operatingIncomeRatio": 0.2491380875,
    "totalOtherIncomeExpensesNet": 0,
    "incomeBeforeTax": 1373000000,
    "incomeBeforeTaxRatio": 0.2491380875,
    "incomeTaxExpense": 268000000,
    "netIncome": 1105000000,
    "netIncomeRatio": 0.2005080748,
    "eps": 1.63,
    "epsdiluted": 1.62,
    "weightedAverageShsOut": 678050000,
    "weightedAverageShsOutDil": 680920000,
    "link": "https://www.sec.gov/Archives/edgar/data/4977/000000497721000123/0000004977-21-000123-index.htm",
    "finalLink": "https://www.sec.gov/Archives/edgar/data/4977/000000497721000123/afl-20210630.htm"
  },
  {
    "date": "2021-03-31",
    "symbol": "AFL",
    "reportedCurrency": "USD",
    "cik": "0000004977",
    "fillingDate": "2021-04-29",
    "acceptedDate": "2021-04-29 16:28:35",
    "calendarYear": "2021",
    "period": "Q1",
    "revenue": 5795000000,
    "costOfRevenue": 0,
    "grossProfit": 5795000000,
    "grossProfitRatio": 1,
    "researchAndDevelopmentExpenses": 0,
    "generalAndAdministrativeExpenses": 0,
    "sellingAndMarketingExpenses": 0,
    "sellingGeneralAndAdministrativeExpenses": 0,
    "otherExpenses": 4192000000,
    "operatingExpenses": 4192000000,
    "costAndExpenses": 4192000000,
    "interestIncome": 0,
    "interestExpense": 62000000,
    "depreciationAndAmortization": 0,
    "ebitda": 1603000000,
    "ebitdaratio": 0.2766177739,
    "operatingIncome": 1603000000,
    "operatingIncomeRatio": 0.2766177739,
    "totalOtherIncomeExpensesNet": 0,
    "incomeBeforeTax": 1603000000,
    "incomeBeforeTaxRatio": 0.2766177739,
    "incomeTaxExpense": 310000000,
    "netIncome": 1293000000,
    "netIncomeRatio": 0.2231233822,
    "eps": 1.88,
    "epsdiluted": 1.87,
    "weightedAverageShsOut": 688938000,
    "weightedAverageShsOutDil": 691940000,
    "link": "https://www.sec.gov/Archives/edgar/data/4977/000000497721000063/0000004977-21-000063-index.htm",
    "finalLink": "https://www.sec.gov/Archives/edgar/data/4977/000000497721000063/afl-20210331.htm"
  },
  {
    "date": "2020-12-31",
    "symbol": "AFL",
    "reportedCurrency": "USD",
    "cik": "0000004977",
    "fillingDate": "2021-02-23",
    "acceptedDate": "2021-02-23 17:12:59",
    "calendarYear": "2020",
    "period": "Q4",
    "revenue": 6003000000,
    "costOfRevenue": 0,
    "grossProfit": 6003000000,
    "grossProfitRatio": 1,
    "researchAndDevelopmentExpenses": 0,
    "generalAndAdministrativeExpenses": 0,
    "sellingAndMarketingExpenses": 0,
    "sellingGeneralAndAdministrativeExpenses": 0,
    "otherExpenses": 4786000000,
    "operatingExpenses": 4786000000,
    "costAndExpenses": 4786000000,
    "interestIncome": 0,
    "interestExpense": 61000000,
    "depreciationAndAmortization": 0,
    "ebitda": 1217000000,
    "ebitdaratio": 0.2027319673,
    "operatingIncome": 1217000000,
    "operatingIncomeRatio": 0.2027319673,
    "totalOtherIncomeExpensesNet": 0,
    "incomeBeforeTax": 1217000000,
    "incomeBeforeTaxRatio": 0.2027319673,
    "incomeTaxExpense": 265000000,
    "netIncome": 952000000,
    "netIncomeRatio": 0.158587373,
    "eps": 1.38,
    "epsdiluted": 1.38,
    "weightedAverageShsOut": 688938000,
    "weightedAverageShsOutDil": 691940000,
    "link": "https://www.sec.gov/Archives/edgar/data/4977/000000497721000047/0000004977-21-000047-index.htm",
    "finalLink": "https://www.sec.gov/Archives/edgar/data/4977/000000497721000047/afl-20201231.htm"
  },
  {
    "date": "2020-09-30",
    "symbol": "AFL",
    "reportedCurrency": "USD",
    "cik": "0000004977",
    "fillingDate": "2020-10-29",
    "acceptedDate": "2020-10-29 16:50:51",
    "calendarYear": "2020",
    "period": "Q3",
    "revenue": 5627000000,
    "costOfRevenue": 0,
    "grossProfit": 5627000000,
    "grossProfitRatio": 1,
    "researchAndDevelopmentExpenses": 0,
    "generalAndAdministrativeExpenses": 0,
    "sellingAndMarketingExpenses": 0,
    "sellingGeneralAndAdministrativeExpenses": 0,
    "otherExpenses": 4474000000,
    "operatingExpenses": 4474000000,
    "costAndExpenses": 4474000000,
    "interestIncome": 0,
    "interestExpense": 63000000,
    "depreciationAndAmortization": 0,
    "ebitda": 1153000000,
    "ebitdaratio": 0.2049049227,
    "operatingIncome": 1153000000,
    "operatingIncomeRatio": 0.2049049227,
    "totalOtherIncomeExpensesNet": 0,
    "incomeBeforeTax": 1153000000,
    "incomeBeforeTaxRatio": 0.2049049227,
    "incomeTaxExpense": -1303000000,
    "netIncome": 2456000000,
    "netIncomeRatio": 0.4364670339,
    "eps": 3.45,
    "epsdiluted": 3.44,
    "weightedAverageShsOut": 711698000,
    "weightedAverageShsOutDil": 713793000,
    "link": "https://www.sec.gov/Archives/edgar/data/4977/000000497720000130/0000004977-20-000130-index.htm",
    "finalLink": "https://www.sec.gov/Archives/edgar/data/4977/000000497720000130/afl-20200930.htm"
  },
  {
    "date": "2020-06-30",
    "symbol": "AFL",
    "reportedCurrency": "USD",
    "cik": "0000004977",
    "fillingDate": "2020-07-29",
    "acceptedDate": "2020-07-29 11:54:05",
    "calendarYear": "2020",
    "period": "Q2",
    "revenue": 5364000000,
    "costOfRevenue": 0,
    "grossProfit": 5364000000,
    "grossProfitRatio": 1,
    "researchAndDevelopmentExpenses": 0,
    "generalAndAdministrativeExpenses": 0,
    "sellingAndMarketingExpenses": 0,
    "sellingGeneralAndAdministrativeExpenses": 0,
    "otherExpenses": 4294000000,
    "operatingExpenses": 4294000000,
    "costAndExpenses": 4294000000,
    "interestIncome": 0,
    "interestExpense": 63000000,
    "depreciationAndAmortization": 0,
    "ebitda": 1070000000,
    "ebitdaratio": 0.1994780015,
    "operatingIncome": 1070000000,
    "operatingIncomeRatio": 0.1994780015,
    "totalOtherIncomeExpensesNet": 0,
    "incomeBeforeTax": 1070000000,
    "incomeBeforeTaxRatio": 0.1994780015,
    "incomeTaxExpense": 265000000,
    "netIncome": 805000000,
    "netIncomeRatio": 0.1500745712,
    "eps": 1.12,
    "epsdiluted": 1.12,
    "weightedAverageShsOut": 717889000,
    "weightedAverageShsOutDil": 719764000,
    "link": "https://www.sec.gov/Archives/edgar/data/4977/000000497720000104/0000004977-20-000104-index.htm",
    "finalLink": "https://www.sec.gov/Archives/edgar/data/4977/000000497720000104/afl6302010q.htm"
  },
  {
    "date": "2020-03-31",
    "symbol": "AFL",
    "reportedCurrency": "USD",
    "cik": "0000004977",
    "fillingDate": "2020-04-30",
    "acceptedDate": "2020-04-30 12:15:03",
    "calendarYear": "2020",
    "period": "Q1",
    "revenue": 5122000000,
    "costOfRevenue": 0,
    "grossProfit": 5122000000,
    "grossProfitRatio": 1,
    "researchAndDevelopmentExpenses": 0,
    "generalAndAdministrativeExpenses": 0,
    "sellingAndMarketingExpenses": 0,
    "sellingGeneralAndAdministrativeExpenses": 0,
    "otherExpenses": 4402000000,
    "operatingExpenses": 4402000000,
    "costAndExpenses": 4402000000,
    "interestIncome": 0,
    "interestExpense": 55000000,
    "depreciationAndAmortization": 0,
    "ebitda": 720000000,
    "ebitdaratio": 0.1405700898,
    "operatingIncome": 720000000,
    "operatingIncomeRatio": 0.1405700898,
    "totalOtherIncomeExpensesNet": 0,
    "incomeBeforeTax": 720000000,
    "incomeBeforeTaxRatio": 0.1405700898,
    "incomeTaxExpense": 154000000,
    "netIncome": 566000000,
    "netIncomeRatio": 0.1105037095,
    "eps": 0.78,
    "epsdiluted": 0.78,
    "weightedAverageShsOut": 724366000,
    "weightedAverageShsOutDil": 727512000,
    "link": "https://www.sec.gov/Archives/edgar/data/4977/000000497720000056/0000004977-20-000056-index.htm",
    "finalLink": "https://www.sec.gov/Archives/edgar/data/4977/000000497720000056/afl3312010q.htm"
  },
  {
    "date": "2019-12-31",
    "symbol": "AFL",
    "reportedCurrency": "USD",
    "cik": "0000004977",
    "fillingDate": "2020-02-21",
    "acceptedDate": "2020-02-21 16:32:04",
    "calendarYear": "2019",
    "period": "Q4",
    "revenue": 5569000000,
    "costOfRevenue": 0,
    "grossProfit": 5569000000,
    "grossProfitRatio": 1,
    "researchAndDevelopmentExpenses": 0,
    "generalAndAdministrativeExpenses": 0,
    "sellingAndMarketingExpenses": 0,
    "sellingGeneralAndAdministrativeExpenses": 0,
    "otherExpenses": 4512000000,
    "operatingExpenses": 4512000000,
    "costAndExpenses": 4512000000,
    "interestIncome": 0,
    "interestExpense": 57000000,
    "depreciationAndAmortization": 0,
    "ebitda": 1057000000,
    "ebitdaratio": 0.1898006823,
    "operatingIncome": 1057000000,
    "operatingIncomeRatio": 0.1898006823,
    "totalOtherIncomeExpensesNet": 0,
    "incomeBeforeTax": 1057000000,
    "incomeBeforeTaxRatio": 0.1898006823,
    "incomeTaxExpense": 276000000,
    "netIncome": 781000000,
    "netIncomeRatio": 0.1402406177,
    "eps": 1.07,
    "epsdiluted": 1.06,
    "weightedAverageShsOut": 733358000,
    "weightedAverageShsOutDil": 737463000,
    "link": "https://www.sec.gov/Archives/edgar/data/4977/000000497720000044/0000004977-20-000044-index.htm",
    "finalLink": "https://www.sec.gov/Archives/edgar/data/4977/000000497720000044/afl12311910k.htm"
  },
  {
    "date": "2019-09-30",
    "symbol": "AFL",
    "reportedCurrency": "USD",
    "cik": "0000004977",
    "fillingDate": "2019-10-25",
    "acceptedDate": "2019-10-25 12:32:15",
    "calendarYear": "2019",
    "period": "Q3",
    "revenue": 5519000000,
    "costOfRevenue": 0,
    "grossProfit": 5519000000,
    "grossProfitRatio": 1,
    "researchAndDevelopmentExpenses": 0,
    "generalAndAdministrativeExpenses": 0,
    "sellingAndMarketingExpenses": 0,
    "sellingGeneralAndAdministrativeExpenses": 0,
    "otherExpenses": 4483000000,
    "operatingExpenses": 4483000000,
    "costAndExpenses": 4483000000,
    "interestIncome": 0,
    "interestExpense": 57000000,
    "depreciationAndAmortization": 0,
    "ebitda": 1036000000,
    "ebitdaratio": 0.1877151658,
    "operatingIncome": 1036000000,
    "operatingIncomeRatio": 0.1877151658,
    "totalOtherIncomeExpensesNet": 0,
    "incomeBeforeTax": 1036000000,
    "incomeBeforeTaxRatio": 0.1877151658,
    "incomeTaxExpense": 259000000,
    "netIncome": 777000000,
    "netIncomeRatio": 0.1407863743,
    "eps": 1.05,
    "epsdiluted": 1.04,
    "weightedAverageShsOut": 739946000,
    "weightedAverageShsOutDil": 743842000,
    "link": "https://www.sec.gov/Archives/edgar/data/4977/000000497719000175/0000004977-19-000175-index.htm",
    "finalLink": "https://www.sec.gov/Archives/edgar/data/4977/000000497719000175/afl9301910q.htm"
  },
  {
    "date": "2019-06-30",
    "symbol": "AFL",
    "reportedCurrency": "USD",
    "cik": "0000004977",
    "fillingDate": "2019-07-26",
    "acceptedDate": "2019-07-26 13:53:06",
    "calendarYear": "2019",
    "period": "Q2",
    "revenue": 5493000000,
    "costOfRevenue": 0,
    "grossProfit": 5493000000,
    "grossProfitRatio": 1,
    "researchAndDevelopmentExpenses": 0,
    "generalAndAdministrativeExpenses": 0,
    "sellingAndMarketingExpenses": 0,
    "sellingGeneralAndAdministrativeExpenses": 0,
    "otherExpenses": 4384000000,
    "operatingExpenses": 4384000000,
    "costAndExpenses": 4384000000,
    "interestIncome": 0,
    "interestExpense": 57000000,
    "depreciationAndAmortization": 0,
    "ebitda": 1109000000,
    "ebitdaratio": 0.2018933188,
    "operatingIncome": 1109000000,
    "operatingIncomeRatio": 0.2018933188,
    "totalOtherIncomeExpensesNet": 0,
    "incomeBeforeTax": 1109000000,
    "incomeBeforeTaxRatio": 0.2018933188,
    "incomeTaxExpense": 292000000,
    "netIncome": 817000000,
    "netIncomeRatio": 0.1487347533,
    "eps": 1.1,
    "epsdiluted": 1.09,
    "weightedAverageShsOut": 745153000,
    "weightedAverageShsOutDil": 748849000,
    "link": "https://www.sec.gov/Archives/edgar/data/4977/000000497719000136/0000004977-19-000136-index.htm",
    "finalLink": "https://www.sec.gov/Archives/edgar/data/4977/000000497719000136/afl6301910q.htm"
  },
  {
    "date": "2019-03-31",
    "symbol": "AFL",
    "reportedCurrency": "USD",
    "cik": "0000004977",
    "fillingDate": "2019-04-26",
    "acceptedDate": "2019-04-26 16:24:17",
    "calendarYear": "2019",
    "period": "Q1",
    "revenue": 5640000000,
    "costOfRevenue": 0,
    "grossProfit": 5640000000,
    "grossProfitRatio": 1,
    "researchAndDevelopmentExpenses": 0,
    "generalAndAdministrativeExpenses": 0,
    "sellingAndMarketingExpenses": 0,
    "sellingGeneralAndAdministrativeExpenses": 0,
    "otherExpenses": 4398000000,
    "operatingExpenses": 4398000000,
    "costAndExpenses": 4398000000,
    "interestIncome": 0,
    "interestExpense": 58000000,
    "depreciationAndAmortization": 0,
    "ebitda": 1242000000,
    "ebitdaratio": 0.220212766,
    "operatingIncome": 1242000000,
    "operatingIncomeRatio": 0.220212766,
    "totalOtherIncomeExpensesNet": 0,
    "incomeBeforeTax": 1242000000,
    "incomeBeforeTaxRatio": 0.220212766,
    "incomeTaxExpense": 314000000,
    "netIncome": 928000000,
    "netIncomeRatio": 0.1645390071,
    "eps": 1.23,
    "epsdiluted": 1.23,
    "weightedAverageShsOut": 751423000,
    "weightedAverageShsOutDil": 755790000,
    "link": "https://www.sec.gov/Archives/edgar/data/4977/000000497719000077/0000004977-19-000077-index.htm",
    "finalLink": "https://www.sec.gov/Archives/edgar/data/4977/000000497719000077/afl3311910q.htm"
  },
  {
    "date": "2018-12-31",
    "symbol": "AFL",
    "reportedCurrency": "USD",
    "cik": "0000004977",
    "fillingDate": "2019-02-25",
    "acceptedDate": "2019-02-25 17:04:08",
    "calendarYear": "2018",
    "period": "Q4",
    "revenue": 5110000000,
    "costOfRevenue": 0,
    "grossProfit": 5110000000,
    "grossProfitRatio": 1,
    "researchAndDevelopmentExpenses": 0,
    "generalAndAdministrativeExpenses": 0,
    "sellingAndMarketingExpenses": 0,
    "sellingGeneralAndAdministrativeExpenses": 0,
    "otherExpenses": 4388000000,
    "operatingExpenses": 4388000000,
    "costAndExpenses": 4388000000,
    "interestIncome": 0,
    "interestExpense": 58000000,
    "depreciationAndAmortization": 0,
    "ebitda": 722000000,
    "ebitdaratio": 0.1412915851,
    "operatingIncome": 722000000,
    "operatingIncomeRatio": 0.1412915851,
    "totalOtherIncomeExpensesNet": 0,
    "incomeBeforeTax": 722000000,
    "incomeBeforeTaxRatio": 0.1412915851,
    "incomeTaxExpense": 197000000,
    "netIncome": 525000000,
    "netIncomeRatio": 0.102739726,
    "eps": 0.7,
    "epsdiluted": 0.69,
    "weightedAverageShsOut": 751423000,
    "weightedAverageShsOutDil": 755790000,
    "link": "https://www.sec.gov/Archives/edgar/data/4977/000000497719000049/0000004977-19-000049-index.htm",
    "finalLink": "https://www.sec.gov/Archives/edgar/data/4977/000000497719000049/afl12311810k.htm"
  },
  {
    "date": "2018-09-30",
    "symbol": "AFL",
    "reportedCurrency": "USD",
    "cik": "0000004977",
    "fillingDate": "2018-11-01",
    "acceptedDate": "2018-11-01 13:46:07",
    "calendarYear": "2018",
    "period": "Q3",
    "revenue": 5562000000,
    "costOfRevenue": 0,
    "grossProfit": 5562000000,
    "grossProfitRatio": 1,
    "researchAndDevelopmentExpenses": 0,
    "generalAndAdministrativeExpenses": 0,
    "sellingAndMarketingExpenses": 0,
    "sellingGeneralAndAdministrativeExpenses": 0,
    "otherExpenses": 4416000000,
    "operatingExpenses": 4416000000,
    "costAndExpenses": 4416000000,
    "interestIncome": 0,
    "interestExpense": 53000000,
    "depreciationAndAmortization": 0,
    "ebitda": 1146000000,
    "ebitdaratio": 0.2060409924,
    "operatingIncome": 1146000000,
    "operatingIncomeRatio": 0.2060409924,
    "totalOtherIncomeExpensesNet": 0,
    "incomeBeforeTax": 1146000000,
    "incomeBeforeTaxRatio": 0.2060409924,
    "incomeTaxExpense": 301000000,
    "netIncome": 845000000,
    "netIncomeRatio": 0.1519237684,
    "eps": 1.1,
    "epsdiluted": 1.09,
    "weightedAverageShsOut": 767049000,
    "weightedAverageShsOutDil": 772070000,
    "link": "https://www.sec.gov/Archives/edgar/data/4977/000000497718000152/0000004977-18-000152-index.htm",
    "finalLink": "https://www.sec.gov/Archives/edgar/data/4977/000000497718000152/afl9301810q.htm"
  },
  {
    "date": "2018-06-30",
    "symbol": "AFL",
    "reportedCurrency": "USD",
    "cik": "0000004977",
    "fillingDate": "2018-08-03",
    "acceptedDate": "2018-08-03 17:32:36",
    "calendarYear": "2018",
    "period": "Q2",
    "revenue": 5571000000,
    "costOfRevenue": 0,
    "grossProfit": 5571000000,
    "grossProfitRatio": 1,
    "researchAndDevelopmentExpenses": 0,
    "generalAndAdministrativeExpenses": 0,
    "sellingAndMarketingExpenses": 0,
    "sellingGeneralAndAdministrativeExpenses": 0,
    "otherExpenses": 4440000000,
    "operatingExpenses": 4440000000,
    "costAndExpenses": 4440000000,
    "interestIncome": 0,
    "interestExpense": 54000000,
    "depreciationAndAmortization": 0,
    "ebitda": 1131000000,
    "ebitdaratio": 0.2030156166,
    "operatingIncome": 1131000000,
    "operatingIncomeRatio": 0.2030156166,
    "totalOtherIncomeExpensesNet": 0,
    "incomeBeforeTax": 1131000000,
    "incomeBeforeTaxRatio": 0.2030156166,
    "incomeTaxExpense": 299000000,
    "netIncome": 832000000,
    "netIncomeRatio": 0.1493448214,
    "eps": 1.08,
    "epsdiluted": 1.07,
    "weightedAverageShsOut": 772949000,
    "weightedAverageShsOutDil": 777807000,
    "link": "https://www.sec.gov/Archives/edgar/data/4977/000000497718000114/0000004977-18-000114-index.htm",
    "finalLink": "https://www.sec.gov/Archives/edgar/data/4977/000000497718000114/afl6301810q.htm"
  },
  {
    "date": "2018-03-31",
    "symbol": "AFL",
    "reportedCurrency": "USD",
    "cik": "0000004977",
    "fillingDate": "2018-05-04",
    "acceptedDate": "2018-05-03 18:12:53",
    "calendarYear": "2018",
    "period": "Q1",
    "revenue": 5448000000,
    "costOfRevenue": 0,
    "grossProfit": 5448000000,
    "grossProfitRatio": 1,
    "researchAndDevelopmentExpenses": 0,
    "generalAndAdministrativeExpenses": 0,
    "sellingAndMarketingExpenses": 0,
    "sellingGeneralAndAdministrativeExpenses": 0,
    "otherExpenses": 4466000000,
    "operatingExpenses": 4466000000,
    "costAndExpenses": 4466000000,
    "interestIncome": 0,
    "interestExpense": 56000000,
    "depreciationAndAmortization": 0,
    "ebitda": 982000000,
    "ebitdaratio": 0.1802496329,
    "operatingIncome": 982000000,
    "operatingIncomeRatio": 0.1802496329,
    "totalOtherIncomeExpensesNet": 0,
    "incomeBeforeTax": 982000000,
    "incomeBeforeTaxRatio": 0.1802496329,
    "incomeTaxExpense": 265000000,
    "netIncome": 717000000,
    "netIncomeRatio": 0.1316079295,
    "eps": 0.92,
    "epsdiluted": 0.91,
    "weightedAverageShsOut": 778550000,
    "weightedAverageShsOutDil": 783852000,
    "link": "https://www.sec.gov/Archives/edgar/data/4977/000000497718000073/0000004977-18-000073-index.htm",
    "finalLink": "https://www.sec.gov/Archives/edgar/data/4977/000000497718000073/afl3311810q.htm"
  },
  {
    "date": "2017-12-31",
    "symbol": "AFL",
    "reportedCurrency": "USD",
    "cik": "0000004977",
    "fillingDate": "2018-02-23",
    "acceptedDate": "2018-02-22 21:55:11",
    "calendarYear": "2017",
    "period": "Q4",
    "revenue": 5407000000,
    "costOfRevenue": 0,
    "grossProfit": 5407000000,
    "grossProfitRatio": 1,
    "researchAndDevelopmentExpenses": 0,
    "generalAndAdministrativeExpenses": 0,
    "sellingAndMarketingExpenses": 0,
    "sellingGeneralAndAdministrativeExpenses": 0,
    "otherExpenses": 4408000000,
    "operatingExpenses": 4408000000,
    "costAndExpenses": 4408000000,
    "interestIncome": 0,
    "interestExpense": 59000000,
    "depreciationAndAmortization": 0,
    "ebitda": 999000000,
    "ebitdaratio": 0.1847604957,
    "operatingIncome": 999000000,
    "operatingIncomeRatio": 0.1847604957,
    "totalOtherIncomeExpensesNet": 0,
    "incomeBeforeTax": 999000000,
    "incomeBeforeTaxRatio": 0.1847604957,
    "incomeTaxExpense": -1584000000,
    "netIncome": 2583000000,
    "netIncomeRatio": 0.4777140743,
    "eps": 3,
    "epsdiluted": 2.98,
    "weightedAverageShsOut": 784318000,
    "weightedAverageShsOutDil": 790080000,
    "link": "https://www.sec.gov/Archives/edgar/data/4977/000000497718000054/0000004977-18-000054-index.htm",
    "finalLink": "https://www.sec.gov/Archives/edgar/data/4977/000000497718000054/afl12311710k.htm"
  },
  {
    "date": "2017-09-30",
    "symbol": "AFL",
    "reportedCurrency": "USD",
    "cik": "0000004977",
    "fillingDate": "2017-11-02",
    "acceptedDate": "2017-11-02 17:29:25",
    "calendarYear": "2017",
    "period": "Q3",
    "revenue": 5489000000,
    "costOfRevenue": 0,
    "grossProfit": 5489000000,
    "grossProfitRatio": 1,
    "researchAndDevelopmentExpenses": 0,
    "generalAndAdministrativeExpenses": 0,
    "sellingAndMarketingExpenses": 0,
    "sellingGeneralAndAdministrativeExpenses": 0,
    "otherExpenses": 4414000000,
    "operatingExpenses": 4414000000,
    "costAndExpenses": 4414000000,
    "interestIncome": 0,
    "interestExpense": 59000000,
    "depreciationAndAmortization": 0,
    "ebitda": 1075000000,
    "ebitdaratio": 0.1958462379,
    "operatingIncome": 1075000000,
    "operatingIncomeRatio": 0.1958462379,
    "totalOtherIncomeExpensesNet": 0,
    "incomeBeforeTax": 1075000000,
    "incomeBeforeTaxRatio": 0.1958462379,
    "incomeTaxExpense": 359000000,
    "netIncome": 716000000,
    "netIncomeRatio": 0.1304427036,
    "eps": 0.91,
    "epsdiluted": 0.9,
    "weightedAverageShsOut": 788958000,
    "weightedAverageShsOutDil": 794762000,
    "link": "https://www.sec.gov/Archives/edgar/data/4977/000000497717000189/0000004977-17-000189-index.htm",
    "finalLink": "https://www.sec.gov/Archives/edgar/data/4977/000000497717000189/afl09301710q.htm"
  },
  {
    "date": "2017-06-30",
    "symbol": "AFL",
    "reportedCurrency": "USD",
    "cik": "0000004977",
    "fillingDate": "2017-08-03",
    "acceptedDate": "2017-08-03 17:25:11",
    "calendarYear": "2017",
    "period": "Q2",
    "revenue": 5411000000,
    "costOfRevenue": 0,
    "grossProfit": 5411000000,
    "grossProfitRatio": 1,
    "researchAndDevelopmentExpenses": 0,
    "generalAndAdministrativeExpenses": 0,
    "sellingAndMarketingExpenses": 0,
    "sellingGeneralAndAdministrativeExpenses": 0,
    "otherExpenses": 4366000000,
    "operatingExpenses": 4366000000,
    "costAndExpenses": 4366000000,
    "interestIncome": 0,
    "interestExpense": 61000000,
    "depreciationAndAmortization": 0,
    "ebitda": 1045000000,
    "ebitdaratio": 0.1931251155,
    "operatingIncome": 1045000000,
    "operatingIncomeRatio": 0.1931251155,
    "totalOtherIncomeExpensesNet": 0,
    "incomeBeforeTax": 1045000000,
    "incomeBeforeTaxRatio": 0.1931251155,
    "incomeTaxExpense": 332000000,
    "netIncome": 713000000,
    "netIncomeRatio": 0.1317686195,
    "eps": 0.9,
    "epsdiluted": 0.9,
    "weightedAverageShsOut": 792866000,
    "weightedAverageShsOutDil": 798696000,
    "link": "https://www.sec.gov/Archives/edgar/data/4977/000000497717000154/0000004977-17-000154-index.htm",
    "finalLink": "https://www.sec.gov/Archives/edgar/data/4977/000000497717000154/afl06301710q.htm"
  },
  {
    "date": "2017-03-31",
    "symbol": "AFL",
    "reportedCurrency": "USD",
    "cik": "0000004977",
    "fillingDate": "2017-05-03",
    "acceptedDate": "2017-05-03 17:29:04",
    "calendarYear": "2017",
    "period": "Q1",
    "revenue": 5292000000,
    "costOfRevenue": 0,
    "grossProfit": 5292000000,
    "grossProfitRatio": 1,
    "researchAndDevelopmentExpenses": 0,
    "generalAndAdministrativeExpenses": 0,
    "sellingAndMarketingExpenses": 0,
    "sellingGeneralAndAdministrativeExpenses": 0,
    "otherExpenses": 4394000000,
    "operatingExpenses": 4394000000,
    "costAndExpenses": 4394000000,
    "interestIncome": 0,
    "interestExpense": 62000000,
    "depreciationAndAmortization": 0,
    "ebitda": 898000000,
    "ebitdaratio": 0.1696900983,
    "operatingIncome": 898000000,
    "operatingIncomeRatio": 0.1696900983,
    "totalOtherIncomeExpensesNet": 0,
    "incomeBeforeTax": 898000000,
    "incomeBeforeTaxRatio": 0.1696900983,
    "incomeTaxExpense": 306000000,
    "netIncome": 592000000,
    "netIncomeRatio": 0.111866969,
    "eps": 0.74,
    "epsdiluted": 0.74,
    "weightedAverageShsOut": 802260000,
    "weightedAverageShsOutDil": 808138000,
    "link": "https://www.sec.gov/Archives/edgar/data/4977/000000497717000116/0000004977-17-000116-index.htm",
    "finalLink": "https://www.sec.gov/Archives/edgar/data/4977/000000497717000116/afl-03311710q.htm"
  },
  {
    "date": "2016-12-31",
    "symbol": "AFL",
    "reportedCurrency": "USD",
    "cik": "0000004977",
    "fillingDate": "2017-02-24",
    "acceptedDate": "2017-02-24 13:23:26",
    "calendarYear": "2016",
    "period": "Q4",
    "revenue": 5728000000,
    "costOfRevenue": 0,
    "grossProfit": 5728000000,
    "grossProfitRatio": 1,
    "researchAndDevelopmentExpenses": 0,
    "generalAndAdministrativeExpenses": 0,
    "sellingAndMarketingExpenses": 0,
    "sellingGeneralAndAdministrativeExpenses": 0,
    "otherExpenses": 4575000000,
    "operatingExpenses": 4575000000,
    "costAndExpenses": 4575000000,
    "interestIncome": 0,
    "interestExpense": 72000000,
    "depreciationAndAmortization": 0,
    "ebitda": 1153000000,
    "ebitdaratio": 0.2012918994,
    "operatingIncome": 1153000000,
    "operatingIncomeRatio": 0.2012918994,
    "totalOtherIncomeExpensesNet": 0,
    "incomeBeforeTax": 1153000000,
    "incomeBeforeTaxRatio": 0.2012918994,
    "incomeTaxExpense": 402000000,
    "netIncome": 751000000,
    "netIncomeRatio": 0.1311103352,
    "eps": 0.94,
    "epsdiluted": 0.93,
    "weightedAverageShsOut": 802260000,
    "weightedAverageShsOutDil": 808138000,
    "link": "https://www.sec.gov/Archives/edgar/data/4977/000000497717000064/0000004977-17-000064-index.htm",
    "finalLink": "https://www.sec.gov/Archives/edgar/data/4977/000000497717000064/afl12311610k.htm"
  },
  {
    "date": "2016-09-30",
    "symbol": "AFL",
    "reportedCurrency": "USD",
    "cik": "0000004977",
    "fillingDate": "2016-11-04",
    "acceptedDate": "2016-11-04 14:59:54",
    "calendarYear": "2016",
    "period": "Q3",
    "revenue": 5700000000,
    "costOfRevenue": 0,
    "grossProfit": 5700000000,
    "grossProfitRatio": 1,
    "researchAndDevelopmentExpenses": 0,
    "generalAndAdministrativeExpenses": 0,
    "sellingAndMarketingExpenses": 0,
    "sellingGeneralAndAdministrativeExpenses": 0,
    "otherExpenses": 4737000000,
    "operatingExpenses": 4737000000,
    "costAndExpenses": 4737000000,
    "interestIncome": 0,
    "interestExpense": 65000000,
    "depreciationAndAmortization": 0,
    "ebitda": 963000000,
    "ebitdaratio": 0.1689473684,
    "operatingIncome": 963000000,
    "operatingIncomeRatio": 0.1689473684,
    "totalOtherIncomeExpensesNet": 0,
    "incomeBeforeTax": 963000000,
    "incomeBeforeTaxRatio": 0.1689473684,
    "incomeTaxExpense": 334000000,
    "netIncome": 629000000,
    "netIncomeRatio": 0.1103508772,
    "eps": 0.77,
    "epsdiluted": 0.77,
    "weightedAverageShsOut": 817038000,
    "weightedAverageShsOutDil": 822280000,
    "link": "https://www.sec.gov/Archives/edgar/data/4977/000000497716000373/0000004977-16-000373-index.htm",
    "finalLink": "https://www.sec.gov/Archives/edgar/data/4977/000000497716000373/afl-09301610q.htm"
  },
  {
    "date": "2016-06-30",
    "symbol": "AFL",
    "reportedCurrency": "USD",
    "cik": "0000004977",
    "fillingDate": "2016-08-05",
    "acceptedDate": "2016-08-05 16:56:54",
    "calendarYear": "2016",
    "period": "Q2",
    "revenue": 5422000000,
    "costOfRevenue": 0,
    "grossProfit": 5422000000,
    "grossProfitRatio": 1,
    "researchAndDevelopmentExpenses": 0,
    "generalAndAdministrativeExpenses": 0,
    "sellingAndMarketingExpenses": 0,
    "sellingGeneralAndAdministrativeExpenses": 0,
    "otherExpenses": 4588000000,
    "operatingExpenses": 4588000000,
    "costAndExpenses": 4588000000,
    "interestIncome": 0,
    "interestExpense": 66000000,
    "depreciationAndAmortization": 0,
    "ebitda": 834000000,
    "ebitdaratio": 0.1538177794,
    "operatingIncome": 834000000,
    "operatingIncomeRatio": 0.1538177794,
    "totalOtherIncomeExpensesNet": 0,
    "incomeBeforeTax": 834000000,
    "incomeBeforeTaxRatio": 0.1538177794,
    "incomeTaxExpense": 286000000,
    "netIncome": 548000000,
    "netIncomeRatio": 0.101069716,
    "eps": 0.67,
    "epsdiluted": 0.66,
    "weightedAverageShsOut": 823706000,
    "weightedAverageShsOutDil": 828652000,
    "link": "https://www.sec.gov/Archives/edgar/data/4977/000000497716000348/0000004977-16-000348-index.htm",
    "finalLink": "https://www.sec.gov/Archives/edgar/data/4977/000000497716000348/afl-06301610q.htm"
  },
  {
    "date": "2016-03-31",
    "symbol": "AFL",
    "reportedCurrency": "USD",
    "cik": "0000004977",
    "fillingDate": "2016-05-04",
    "acceptedDate": "2016-05-04 16:28:59",
    "calendarYear": "2016",
    "period": "Q1",
    "revenue": 5433000000,
    "costOfRevenue": 0,
    "grossProfit": 5433000000,
    "grossProfitRatio": 1,
    "researchAndDevelopmentExpenses": 0,
    "generalAndAdministrativeExpenses": 0,
    "sellingAndMarketingExpenses": 0,
    "sellingGeneralAndAdministrativeExpenses": 0,
    "otherExpenses": 4316000000,
    "operatingExpenses": 4316000000,
    "costAndExpenses": 4316000000,
    "interestIncome": 0,
    "interestExpense": 65000000,
    "depreciationAndAmortization": 0,
    "ebitda": 1117000000,
    "ebitdaratio": 0.2055954353,
    "operatingIncome": 1117000000,
    "operatingIncomeRatio": 0.2055954353,
    "totalOtherIncomeExpensesNet": 0,
    "incomeBeforeTax": 1117000000,
    "incomeBeforeTaxRatio": 0.2055954353,
    "incomeTaxExpense": 386000000,
    "netIncome": 731000000,
    "netIncomeRatio": 0.1345481318,
    "eps": 0.88,
    "epsdiluted": 0.87,
    "weightedAverageShsOut": 837496000,
    "weightedAverageShsOutDil": 841840000,
    "link": "https://www.sec.gov/Archives/edgar/data/4977/000000497716000309/0000004977-16-000309-index.htm",
    "finalLink": "https://www.sec.gov/Archives/edgar/data/4977/000000497716000309/afl-03311610q.htm"
  },
  {
    "date": "2015-12-31",
    "symbol": "AFL",
    "reportedCurrency": "USD",
    "cik": "0000004977",
    "fillingDate": "2016-02-25",
    "acceptedDate": "2016-02-25 17:29:29",
    "calendarYear": "2015",
    "period": "Q4",
    "revenue": 5300000000,
    "costOfRevenue": 0,
    "grossProfit": 5300000000,
    "grossProfitRatio": 1,
    "researchAndDevelopmentExpenses": 0,
    "generalAndAdministrativeExpenses": 0,
    "sellingAndMarketingExpenses": 0,
    "sellingGeneralAndAdministrativeExpenses": 0,
    "otherExpenses": 4190000000,
    "operatingExpenses": 4190000000,
    "costAndExpenses": 4190000000,
    "interestIncome": 0,
    "interestExpense": 65000000,
    "depreciationAndAmortization": 0,
    "ebitda": 1110000000,
    "ebitdaratio": 0.2094339623,
    "operatingIncome": 1110000000,
    "operatingIncomeRatio": 0.2094339623,
    "totalOtherIncomeExpensesNet": 0,
    "incomeBeforeTax": 1110000000,
    "incomeBeforeTaxRatio": 0.2094339623,
    "incomeTaxExpense": 380000000,
    "netIncome": 730000000,
    "netIncomeRatio": 0.1377358491,
    "eps": 0.87,
    "epsdiluted": 0.87,
    "weightedAverageShsOut": 837496000,
    "weightedAverageShsOutDil": 841840000,
    "link": "https://www.sec.gov/Archives/edgar/data/4977/000000497716000259/0000004977-16-000259-index.htm",
    "finalLink": "https://www.sec.gov/Archives/edgar/data/4977/000000497716000259/afl12311510k.htm"
  },
  {
    "date": "2015-09-30",
    "symbol": "AFL",
    "reportedCurrency": "USD",
    "cik": "0000004977",
    "fillingDate": "2015-11-03",
    "acceptedDate": "2015-11-03 17:02:00",
    "calendarYear": "2015",
    "period": "Q3",
    "revenue": 5050000000,
    "costOfRevenue": 0,
    "grossProfit": 5050000000,
    "grossProfitRatio": 1,
    "researchAndDevelopmentExpenses": 0,
    "generalAndAdministrativeExpenses": 0,
    "sellingAndMarketingExpenses": 0,
    "sellingGeneralAndAdministrativeExpenses": 0,
    "otherExpenses": 4186000000,
    "operatingExpenses": 4186000000,
    "costAndExpenses": 4186000000,
    "interestIncome": 0,
    "interestExpense": 67000000,
    "depreciationAndAmortization": 0,
    "ebitda": 864000000,
    "ebitdaratio": 0.1710891089,
    "operatingIncome": 864000000,
    "operatingIncomeRatio": 0.1710891089,
    "totalOtherIncomeExpensesNet": 0,
    "incomeBeforeTax": 864000000,
    "incomeBeforeTaxRatio": 0.1710891089,
    "incomeTaxExpense": 297000000,
    "netIncome": 567000000,
    "netIncomeRatio": 0.1122772277,
    "eps": 0.66,
    "epsdiluted": 0.66,
    "weightedAverageShsOut": 857470000,
    "weightedAverageShsOutDil": 862204000,
    "link": "https://www.sec.gov/Archives/edgar/data/4977/000000497715000172/0000004977-15-000172-index.htm",
    "finalLink": "https://www.sec.gov/Archives/edgar/data/4977/000000497715000172/afl-09301510q.htm"
  },
  {
    "date": "2015-06-30",
    "symbol": "AFL",
    "reportedCurrency": "USD",
    "cik": "0000004977",
    "fillingDate": "2015-08-04",
    "acceptedDate": "2015-08-04 16:09:47",
    "calendarYear": "2015",
    "period": "Q2",
    "revenue": 5268000000,
    "costOfRevenue": 0,
    "grossProfit": 5268000000,
    "grossProfitRatio": 1,
    "researchAndDevelopmentExpenses": 0,
    "generalAndAdministrativeExpenses": 0,
    "sellingAndMarketingExpenses": 0,
    "sellingGeneralAndAdministrativeExpenses": 0,
    "otherExpenses": 4394000000,
    "operatingExpenses": 4394000000,
    "costAndExpenses": 4394000000,
    "interestIncome": 0,
    "interestExpense": 74000000,
    "depreciationAndAmortization": 0,
    "ebitda": 874000000,
    "ebitdaratio": 0.1659073652,
    "operatingIncome": 874000000,
    "operatingIncomeRatio": 0.1659073652,
    "totalOtherIncomeExpensesNet": 0,
    "incomeBeforeTax": 874000000,
    "incomeBeforeTaxRatio": 0.1659073652,
    "incomeTaxExpense": 301000000,
    "netIncome": 573000000,
    "netIncomeRatio": 0.1087699317,
    "eps": 0.67,
    "epsdiluted": 0.66,
    "weightedAverageShsOut": 863344000,
    "weightedAverageShsOutDil": 868514000,
    "link": "https://www.sec.gov/Archives/edgar/data/4977/000000497715000142/0000004977-15-000142-index.htm",
    "finalLink": "https://www.sec.gov/Archives/edgar/data/4977/000000497715000142/afl-06301510q.htm"
  },
  {
    "date": "2015-03-31",
    "symbol": "AFL",
    "reportedCurrency": "USD",
    "cik": "0000004977",
    "fillingDate": "2015-05-01",
    "acceptedDate": "2015-05-01 16:30:03",
    "calendarYear": "2015",
    "period": "Q1",
    "revenue": 5227000000,
    "costOfRevenue": 0,
    "grossProfit": 5227000000,
    "grossProfitRatio": 1,
    "researchAndDevelopmentExpenses": 0,
    "generalAndAdministrativeExpenses": 0,
    "sellingAndMarketingExpenses": 0,
    "sellingGeneralAndAdministrativeExpenses": 0,
    "otherExpenses": 4214000000,
    "operatingExpenses": 4214000000,
    "costAndExpenses": 4214000000,
    "interestIncome": 0,
    "interestExpense": 83000000,
    "depreciationAndAmortization": 0,
    "ebitda": 1013000000,
    "ebitdaratio": 0.1938014157,
    "operatingIncome": 1013000000,
    "operatingIncomeRatio": 0.1938014157,
    "totalOtherIncomeExpensesNet": 0,
    "incomeBeforeTax": 1013000000,
    "incomeBeforeTaxRatio": 0.1938014157,
    "incomeTaxExpense": 350000000,
    "netIncome": 663000000,
    "netIncomeRatio": 0.1268414004,
    "eps": 0.76,
    "epsdiluted": 0.76,
    "weightedAverageShsOut": 874612000,
    "weightedAverageShsOutDil": 879854000,
    "link": "https://www.sec.gov/Archives/edgar/data/4977/000000497715000099/0000004977-15-000099-index.htm",
    "finalLink": "https://www.sec.gov/Archives/edgar/data/4977/000000497715000099/afl-03311510q.htm"
  },
  {
    "date": "2014-12-31",
    "symbol": "AFL",
    "reportedCurrency": "USD",
    "cik": "0000004977",
    "fillingDate": "2015-02-26",
    "acceptedDate": "2015-02-26 17:22:44",
    "calendarYear": "2014",
    "period": "Q4",
    "revenue": 5440000000,
    "costOfRevenue": 0,
    "grossProfit": 5440000000,
    "grossProfitRatio": 1,
    "researchAndDevelopmentExpenses": 0,
    "generalAndAdministrativeExpenses": 0,
    "sellingAndMarketingExpenses": 0,
    "sellingGeneralAndAdministrativeExpenses": 0,
    "otherExpenses": 4365000000,
    "operatingExpenses": 4365000000,
    "costAndExpenses": 4365000000,
    "interestIncome": 0,
    "interestExpense": 79000000,
    "depreciationAndAmortization": 0,
    "ebitda": 1075000000,
    "ebitdaratio": 0.1976102941,
    "operatingIncome": 1075000000,
    "operatingIncomeRatio": 0.1976102941,
    "totalOtherIncomeExpensesNet": 0,
    "incomeBeforeTax": 1075000000,
    "incomeBeforeTaxRatio": 0.1976102941,
    "incomeTaxExpense": 372000000,
    "netIncome": 703000000,
    "netIncomeRatio": 0.1292279412,
    "eps": 0.79,
    "epsdiluted": 0.79,
    "weightedAverageShsOut": 892740000,
    "weightedAverageShsOutDil": 898060000,
    "link": "https://www.sec.gov/Archives/edgar/data/4977/000000497715000071/0000004977-15-000071-index.htm",
    "finalLink": "https://www.sec.gov/Archives/edgar/data/4977/000000497715000071/afl12311410k.htm"
  },
  {
    "date": "2014-09-30",
    "symbol": "AFL",
    "reportedCurrency": "USD",
    "cik": "0000004977",
    "fillingDate": "2014-11-03",
    "acceptedDate": "2014-11-03 16:37:25",
    "calendarYear": "2014",
    "period": "Q3",
    "revenue": 5698000000,
    "costOfRevenue": 0,
    "grossProfit": 5698000000,
    "grossProfitRatio": 1,
    "researchAndDevelopmentExpenses": 0,
    "generalAndAdministrativeExpenses": 0,
    "sellingAndMarketingExpenses": 0,
    "sellingGeneralAndAdministrativeExpenses": 0,
    "otherExpenses": 4624000000,
    "operatingExpenses": 4624000000,
    "costAndExpenses": 4624000000,
    "interestIncome": 0,
    "interestExpense": 77000000,
    "depreciationAndAmortization": 0,
    "ebitda": 1074000000,
    "ebitdaratio": 0.1884871885,
    "operatingIncome": 1074000000,
    "operatingIncomeRatio": 0.1884871885,
    "totalOtherIncomeExpensesNet": 0,
    "incomeBeforeTax": 1074000000,
    "incomeBeforeTaxRatio": 0.1884871885,
    "incomeTaxExpense": 368000000,
    "netIncome": 706000000,
    "netIncomeRatio": 0.1239031239,
    "eps": 0.78,
    "epsdiluted": 0.78,
    "weightedAverageShsOut": 902492000,
    "weightedAverageShsOutDil": 907962000,
    "link": "https://www.sec.gov/Archives/edgar/data/4977/000000497714000138/0000004977-14-000138-index.htm",
    "finalLink": "https://www.sec.gov/Archives/edgar/data/4977/000000497714000138/afl-930201410q.htm"
  },
  {
    "date": "2014-06-30",
    "symbol": "AFL",
    "reportedCurrency": "USD",
    "cik": "0000004977",
    "fillingDate": "2014-08-05",
    "acceptedDate": "2014-08-05 17:02:15",
    "calendarYear": "2014",
    "period": "Q2",
    "revenue": 5833000000,
    "costOfRevenue": 0,
    "grossProfit": 5833000000,
    "grossProfitRatio": 1,
    "researchAndDevelopmentExpenses": 0,
    "generalAndAdministrativeExpenses": 0,
    "sellingAndMarketingExpenses": 0,
    "sellingGeneralAndAdministrativeExpenses": 0,
    "otherExpenses": 4595000000,
    "operatingExpenses": 4595000000,
    "costAndExpenses": 4595000000,
    "interestIncome": 0,
    "interestExpense": 81000000,
    "depreciationAndAmortization": 0,
    "ebitda": 1238000000,
    "ebitdaratio": 0.2122406995,
    "operatingIncome": 1238000000,
    "operatingIncomeRatio": 0.2122406995,
    "totalOtherIncomeExpensesNet": 0,
    "incomeBeforeTax": 1238000000,
    "incomeBeforeTaxRatio": 0.2122406995,
    "incomeTaxExpense": 428000000,
    "netIncome": 810000000,
    "netIncomeRatio": 0.138865078,
    "eps": 0.9,
    "epsdiluted": 0.89,
    "weightedAverageShsOut": 905118000,
    "weightedAverageShsOutDil": 910760000,
    "link": "https://www.sec.gov/Archives/edgar/data/4977/000000497714000095/0000004977-14-000095-index.htm",
    "finalLink": "https://www.sec.gov/Archives/edgar/data/4977/000000497714000095/afl-630201410q.htm"
  },
  {
    "date": "2014-03-31",
    "symbol": "AFL",
    "reportedCurrency": "USD",
    "cik": "0000004977",
    "fillingDate": "2014-05-02",
    "acceptedDate": "2014-05-02 17:08:13",
    "calendarYear": "2014",
    "period": "Q1",
    "revenue": 5635000000,
    "costOfRevenue": 0,
    "grossProfit": 5635000000,
    "grossProfitRatio": 1,
    "researchAndDevelopmentExpenses": 0,
    "generalAndAdministrativeExpenses": 0,
    "sellingAndMarketingExpenses": 0,
    "sellingGeneralAndAdministrativeExpenses": 0,
    "otherExpenses": 4531000000,
    "operatingExpenses": 4531000000,
    "costAndExpenses": 4531000000,
    "interestIncome": 0,
    "interestExpense": 80000000,
    "depreciationAndAmortization": 0,
    "ebitda": 1104000000,
    "ebitdaratio": 0.1959183673,
    "operatingIncome": 1104000000,
    "operatingIncomeRatio": 0.1959183673,
    "totalOtherIncomeExpensesNet": 0,
    "incomeBeforeTax": 1104000000,
    "incomeBeforeTaxRatio": 0.1959183673,
    "incomeTaxExpense": 372000000,
    "netIncome": 732000000,
    "netIncomeRatio": 0.1299023957,
    "eps": 0.81,
    "epsdiluted": 0.8,
    "weightedAverageShsOut": 909462000,
    "weightedAverageShsOutDil": 915398000,
    "link": "https://www.sec.gov/Archives/edgar/data/4977/000000497714000066/0000004977-14-000066-index.htm",
    "finalLink": "https://www.sec.gov/Archives/edgar/data/4977/000000497714000066/afl-331201410q.htm"
  },
  {
    "date": "2013-12-31",
    "symbol": "AFL",
    "reportedCurrency": "USD",
    "cik": "0000004977",
    "fillingDate": "2014-02-27",
    "acceptedDate": "2014-02-27 17:18:49",
    "calendarYear": "2013",
    "period": "Q4",
    "revenue": 5756000000,
    "costOfRevenue": 0,
    "grossProfit": 5756000000,
    "grossProfitRatio": 1,
    "researchAndDevelopmentExpenses": 0,
    "generalAndAdministrativeExpenses": 0,
    "sellingAndMarketingExpenses": 0,
    "sellingGeneralAndAdministrativeExpenses": 0,
    "otherExpenses": 4728000000,
    "operatingExpenses": 4728000000,
    "costAndExpenses": 4728000000,
    "interestIncome": 0,
    "interestExpense": 82000000,
    "depreciationAndAmortization": 0,
    "ebitda": 1028000000,
    "ebitdaratio": 0.1785962474,
    "operatingIncome": 1028000000,
    "operatingIncomeRatio": 0.1785962474,
    "totalOtherIncomeExpensesNet": 0,
    "incomeBeforeTax": 1028000000,
    "incomeBeforeTaxRatio": 0.1785962474,
    "incomeTaxExpense": 353000000,
    "netIncome": 675000000,
    "netIncomeRatio": 0.1172689368,
    "eps": 0.73,
    "epsdiluted": 0.73,
    "weightedAverageShsOut": 924116000,
    "weightedAverageShsOutDil": 931010000,
    "link": "https://www.sec.gov/Archives/edgar/data/4977/000000497714000052/0000004977-14-000052-index.htm",
    "finalLink": "https://www.sec.gov/Archives/edgar/data/4977/000000497714000052/afl12311310k.htm"
  },
  {
    "date": "2013-09-30",
    "symbol": "AFL",
    "reportedCurrency": "USD",
    "cik": "0000004977",
    "fillingDate": "2013-11-05",
    "acceptedDate": "2013-11-05 13:51:24",
    "calendarYear": "2013",
    "period": "Q3",
    "revenue": 5871000000,
    "costOfRevenue": 0,
    "grossProfit": 5871000000,
    "grossProfitRatio": 1,
    "researchAndDevelopmentExpenses": 0,
    "generalAndAdministrativeExpenses": 0,
    "sellingAndMarketingExpenses": 0,
    "sellingGeneralAndAdministrativeExpenses": 0,
    "otherExpenses": 4802000000,
    "operatingExpenses": 4802000000,
    "costAndExpenses": 4802000000,
    "interestIncome": 0,
    "interestExpense": 71000000,
    "depreciationAndAmortization": 0,
    "ebitda": 1069000000,
    "ebitdaratio": 0.1820814171,
    "operatingIncome": 1069000000,
    "operatingIncomeRatio": 0.1820814171,
    "totalOtherIncomeExpensesNet": 0,
    "incomeBeforeTax": 1069000000,
    "incomeBeforeTaxRatio": 0.1820814171,
    "incomeTaxExpense": 367000000,
    "netIncome": 702000000,
    "netIncomeRatio": 0.1195707716,
    "eps": 0.76,
    "epsdiluted": 0.75,
    "weightedAverageShsOut": 928648000,
    "weightedAverageShsOutDil": 934782000,
    "link": "https://www.sec.gov/Archives/edgar/data/4977/000000497713000128/0000004977-13-000128-index.htm",
    "finalLink": "https://www.sec.gov/Archives/edgar/data/4977/000000497713000128/afl-0930201310q.htm"
  },
  {
    "date": "2013-06-30",
    "symbol": "AFL",
    "reportedCurrency": "USD",
    "cik": "0000004977",
    "fillingDate": "2013-08-06",
    "acceptedDate": "2013-08-06 15:19:22",
    "calendarYear": "2013",
    "period": "Q2",
    "revenue": 6027000000,
    "costOfRevenue": 0,
    "grossProfit": 6027000000,
    "grossProfitRatio": 1,
    "researchAndDevelopmentExpenses": 0,
    "generalAndAdministrativeExpenses": 0,
    "sellingAndMarketingExpenses": 0,
    "sellingGeneralAndAdministrativeExpenses": 0,
    "otherExpenses": 4669000000,
    "operatingExpenses": 4669000000,
    "costAndExpenses": 4669000000,
    "interestIncome": 0,
    "interestExpense": 69000000,
    "depreciationAndAmortization": 0,
    "ebitda": 1358000000,
    "ebitdaratio": 0.2253193961,
    "operatingIncome": 1358000000,
    "operatingIncomeRatio": 0.2253193961,
    "totalOtherIncomeExpensesNet": 0,
    "incomeBeforeTax": 1358000000,
    "incomeBeforeTaxRatio": 0.2253193961,
    "incomeTaxExpense": 469000000,
    "netIncome": 889000000,
    "netIncomeRatio": 0.1475029036,
    "eps": 0.96,
    "epsdiluted": 0.95,
    "weightedAverageShsOut": 930426000,
    "weightedAverageShsOutDil": 935950000,
    "link": "https://www.sec.gov/Archives/edgar/data/4977/000000497713000084/0000004977-13-000084-index.htm",
    "finalLink": "https://www.sec.gov/Archives/edgar/data/4977/000000497713000084/afl-0630201310q.htm"
  },
  {
    "date": "2013-03-31",
    "symbol": "AFL",
    "reportedCurrency": "USD",
    "cik": "0000004977",
    "fillingDate": "2013-05-06",
    "acceptedDate": "2013-05-03 17:54:00",
    "calendarYear": "2013",
    "period": "Q1",
    "revenue": 6173000000,
    "costOfRevenue": 0,
    "grossProfit": 6173000000,
    "grossProfitRatio": 1,
    "researchAndDevelopmentExpenses": 0,
    "generalAndAdministrativeExpenses": 0,
    "sellingAndMarketingExpenses": 0,
    "sellingGeneralAndAdministrativeExpenses": 0,
    "otherExpenses": 4812000000,
    "operatingExpenses": 4812000000,
    "costAndExpenses": 4812000000,
    "interestIncome": 0,
    "interestExpense": 71000000,
    "depreciationAndAmortization": 0,
    "ebitda": 1361000000,
    "ebitdaratio": 0.2204762676,
    "operatingIncome": 1361000000,
    "operatingIncomeRatio": 0.2204762676,
    "totalOtherIncomeExpensesNet": 0,
    "incomeBeforeTax": 1361000000,
    "incomeBeforeTaxRatio": 0.2204762676,
    "incomeTaxExpense": 469000000,
    "netIncome": 892000000,
    "netIncomeRatio": 0.144500243,
    "eps": 0.96,
    "epsdiluted": 0.95,
    "weightedAverageShsOut": 932924000,
    "weightedAverageShsOutDil": 938248000,
    "link": "https://www.sec.gov/Archives/edgar/data/4977/000000497713000037/0000004977-13-000037-index.htm",
    "finalLink": "https://www.sec.gov/Archives/edgar/data/4977/000000497713000037/afl-0331201310q.htm"
  },
  {
    "date": "2012-12-31",
    "symbol": "AFL",
    "reportedCurrency": "USD",
    "cik": "0000004977",
    "fillingDate": "2013-02-27",
    "acceptedDate": "2013-02-26 17:57:39",
    "calendarYear": "2012",
    "period": "Q4",
    "revenue": 6283000000,
    "costOfRevenue": 0,
    "grossProfit": 6283000000,
    "grossProfitRatio": 1,
    "researchAndDevelopmentExpenses": 0,
    "generalAndAdministrativeExpenses": 0,
    "sellingAndMarketingExpenses": 0,
    "sellingGeneralAndAdministrativeExpenses": 0,
    "otherExpenses": 5404000000,
    "operatingExpenses": 5404000000,
    "costAndExpenses": 5404000000,
    "interestIncome": 0,
    "interestExpense": 75000000,
    "depreciationAndAmortization": 0,
    "ebitda": 879000000,
    "ebitdaratio": 0.139901321,
    "operatingIncome": 879000000,
    "operatingIncomeRatio": 0.139901321,
    "totalOtherIncomeExpensesNet": 0,
    "incomeBeforeTax": 879000000,
    "incomeBeforeTaxRatio": 0.139901321,
    "incomeTaxExpense": 298000000,
    "netIncome": 581000000,
    "netIncomeRatio": 0.0924717492,
    "eps": 0.62,
    "epsdiluted": 0.62,
    "weightedAverageShsOut": 934728000,
    "weightedAverageShsOutDil": 940582000,
    "link": "https://www.sec.gov/Archives/edgar/data/4977/000000497713000030/0000004977-13-000030-index.htm",
    "finalLink": "https://www.sec.gov/Archives/edgar/data/4977/000000497713000030/afl12311210k.htm"
  },
  {
    "date": "2012-09-30",
    "symbol": "AFL",
    "reportedCurrency": "USD",
    "cik": "0000004977",
    "fillingDate": "2012-11-02",
    "acceptedDate": "2012-11-02 17:22:01",
    "calendarYear": "2012",
    "period": "Q3",
    "revenue": 6815000000,
    "costOfRevenue": 0,
    "grossProfit": 6815000000,
    "grossProfitRatio": 1,
    "researchAndDevelopmentExpenses": 0,
    "generalAndAdministrativeExpenses": 595000000,
    "sellingAndMarketingExpenses": 442000000,
    "sellingGeneralAndAdministrativeExpenses": 1037000000,
    "otherExpenses": 4298000000,
    "operatingExpenses": 5335000000,
    "costAndExpenses": 5335000000,
    "interestIncome": 0,
    "interestExpense": 67000000,
    "depreciationAndAmortization": 0,
    "ebitda": 1480000000,
    "ebitdaratio": 0.2171680117,
    "operatingIncome": 1480000000,
    "operatingIncomeRatio": 0.2171680117,
    "totalOtherIncomeExpensesNet": 0,
    "incomeBeforeTax": 1480000000,
    "incomeBeforeTaxRatio": 0.2171680117,
    "incomeTaxExpense": 463000000,
    "netIncome": 1017000000,
    "netIncomeRatio": 0.1492296405,
    "eps": 1.09,
    "epsdiluted": 1.08,
    "weightedAverageShsOut": 934844000,
    "weightedAverageShsOutDil": 939442000,
    "link": "https://www.sec.gov/Archives/edgar/data/4977/000000497712000085/0000004977-12-000085-index.htm",
    "finalLink": "https://www.sec.gov/Archives/edgar/data/4977/000000497712000085/afl-930201210q.htm"
  },
  {
    "date": "2012-06-30",
    "symbol": "AFL",
    "reportedCurrency": "USD",
    "cik": "0000004977",
    "fillingDate": "2012-08-03",
    "acceptedDate": "2012-08-03 17:16:29",
    "calendarYear": "2012",
    "period": "Q2",
    "revenue": 5894000000,
    "costOfRevenue": 0,
    "grossProfit": 5894000000,
    "grossProfitRatio": 1,
    "researchAndDevelopmentExpenses": 0,
    "generalAndAdministrativeExpenses": 587000000,
    "sellingAndMarketingExpenses": 432000000,
    "sellingGeneralAndAdministrativeExpenses": 1019000000,
    "otherExpenses": 4134000000,
    "operatingExpenses": 5153000000,
    "costAndExpenses": 5153000000,
    "interestIncome": 0,
    "interestExpense": 62000000,
    "depreciationAndAmortization": 0,
    "ebitda": 741000000,
    "ebitdaratio": 0.1257210723,
    "operatingIncome": 741000000,
    "operatingIncomeRatio": 0.1257210723,
    "totalOtherIncomeExpensesNet": 0,
    "incomeBeforeTax": 741000000,
    "incomeBeforeTaxRatio": 0.1257210723,
    "incomeTaxExpense": 258000000,
    "netIncome": 483000000,
    "netIncomeRatio": 0.0819477435,
    "eps": 0.52,
    "epsdiluted": 0.52,
    "weightedAverageShsOut": 933576000,
    "weightedAverageShsOutDil": 937180000,
    "link": "https://www.sec.gov/Archives/edgar/data/4977/000000497712000061/0000004977-12-000061-index.htm",
    "finalLink": "https://www.sec.gov/Archives/edgar/data/4977/000000497712000061/afl-630201210q.htm"
  },
  {
    "date": "2012-03-31",
    "symbol": "AFL",
    "reportedCurrency": "USD",
    "cik": "0000004977",
    "fillingDate": "2012-05-07",
    "acceptedDate": "2012-05-04 18:43:23",
    "calendarYear": "2012",
    "period": "Q1",
    "revenue": 6215000000,
    "costOfRevenue": 0,
    "grossProfit": 6215000000,
    "grossProfitRatio": 1,
    "researchAndDevelopmentExpenses": 0,
    "generalAndAdministrativeExpenses": 564000000,
    "sellingAndMarketingExpenses": 435000000,
    "sellingGeneralAndAdministrativeExpenses": 999000000,
    "otherExpenses": 4014000000,
    "operatingExpenses": 5013000000,
    "costAndExpenses": 5013000000,
    "interestIncome": 0,
    "interestExpense": 57000000,
    "depreciationAndAmortization": 0,
    "ebitda": 1202000000,
    "ebitdaratio": 0.1934030571,
    "operatingIncome": 1202000000,
    "operatingIncomeRatio": 0.1934030571,
    "totalOtherIncomeExpensesNet": 0,
    "incomeBeforeTax": 1202000000,
    "incomeBeforeTaxRatio": 0.1934030571,
    "incomeTaxExpense": 417000000,
    "netIncome": 785000000,
    "netIncomeRatio": 0.126307321,
    "eps": 0.84,
    "epsdiluted": 0.84,
    "weightedAverageShsOut": 931774000,
    "weightedAverageShsOutDil": 937066000,
    "link": "https://www.sec.gov/Archives/edgar/data/4977/000000497712000032/0000004977-12-000032-index.htm",
    "finalLink": "https://www.sec.gov/Archives/edgar/data/4977/000000497712000032/afl-3312012_10q.htm"
  },
  {
    "date": "2011-12-31",
    "symbol": "AFL",
    "reportedCurrency": "USD",
    "cik": "0000004977",
    "fillingDate": "2012-02-27",
    "acceptedDate": "2012-02-27 17:15:21",
    "calendarYear": "2011",
    "period": "Q4",
    "revenue": 5979000000,
    "costOfRevenue": 0,
    "grossProfit": 5979000000,
    "grossProfitRatio": 1,
    "researchAndDevelopmentExpenses": 0,
    "generalAndAdministrativeExpenses": 616000000,
    "sellingAndMarketingExpenses": 438000000,
    "sellingGeneralAndAdministrativeExpenses": 1054000000,
    "otherExpenses": 4091000000,
    "operatingExpenses": 5145000000,
    "costAndExpenses": 5145000000,
    "interestIncome": 0,
    "interestExpense": 53000000,
    "depreciationAndAmortization": 0,
    "ebitda": 834000000,
    "ebitdaratio": 0.1394882087,
    "operatingIncome": 834000000,
    "operatingIncomeRatio": 0.1394882087,
    "totalOtherIncomeExpensesNet": 0,
    "incomeBeforeTax": 834000000,
    "incomeBeforeTaxRatio": 0.1394882087,
    "incomeTaxExpense": 288000000,
    "netIncome": 546000000,
    "netIncomeRatio": 0.0913196187,
    "eps": 0.59,
    "epsdiluted": 0.58,
    "weightedAverageShsOut": 931774000,
    "weightedAverageShsOutDil": 937066000,
    "link": "https://www.sec.gov/Archives/edgar/data/4977/000119312512081967/0001193125-12-081967-index.htm",
    "finalLink": "https://www.sec.gov/Archives/edgar/data/4977/000119312512081967/d270225d10k.htm"
  },
  {
    "date": "2011-09-30",
    "symbol": "AFL",
    "reportedCurrency": "USD",
    "cik": "0000004977",
    "fillingDate": "2011-11-04",
    "acceptedDate": "2011-11-04 15:38:38",
    "calendarYear": "2011",
    "period": "Q3",
    "revenue": 5987000000,
    "costOfRevenue": 0,
    "grossProfit": 5987000000,
    "grossProfitRatio": 1,
    "researchAndDevelopmentExpenses": 0,
    "generalAndAdministrativeExpenses": 579000000,
    "sellingAndMarketingExpenses": 438000000,
    "sellingGeneralAndAdministrativeExpenses": 1017000000,
    "otherExpenses": 3878000000,
    "operatingExpenses": 4895000000,
    "costAndExpenses": 4895000000,
    "interestIncome": 0,
    "interestExpense": 52000000,
    "depreciationAndAmortization": 0,
    "ebitda": 1092000000,
    "ebitdaratio": 0.1823951896,
    "operatingIncome": 1092000000,
    "operatingIncomeRatio": 0.1823951896,
    "totalOtherIncomeExpensesNet": 0,
    "incomeBeforeTax": 1092000000,
    "incomeBeforeTaxRatio": 0.1823951896,
    "incomeTaxExpense": 356000000,
    "netIncome": 736000000,
    "netIncomeRatio": 0.1229330215,
    "eps": 0.79,
    "epsdiluted": 0.79,
    "weightedAverageShsOut": 931820000,
    "weightedAverageShsOutDil": 935586000,
    "link": "https://www.sec.gov/Archives/edgar/data/4977/000119312511297281/0001193125-11-297281-index.htm",
    "finalLink": "https://www.sec.gov/Archives/edgar/data/4977/000119312511297281/d233187d10q.htm"
  },
  {
    "date": "2011-06-30",
    "symbol": "AFL",
    "reportedCurrency": "USD",
    "cik": "0000004977",
    "fillingDate": "2011-08-05",
    "acceptedDate": "2011-08-05 14:44:37",
    "calendarYear": "2011",
    "period": "Q2",
    "revenue": 5088000000,
    "costOfRevenue": 0,
    "grossProfit": 5088000000,
    "grossProfitRatio": 1,
    "researchAndDevelopmentExpenses": 0,
    "generalAndAdministrativeExpenses": 565000000,
    "sellingAndMarketingExpenses": 427000000,
    "sellingGeneralAndAdministrativeExpenses": 992000000,
    "otherExpenses": 3652000000,
    "operatingExpenses": 4644000000,
    "costAndExpenses": 4644000000,
    "interestIncome": 0,
    "interestExpense": 46000000,
    "depreciationAndAmortization": 0,
    "ebitda": 444000000,
    "ebitdaratio": 0.0872641509,
    "operatingIncome": 444000000,
    "operatingIncomeRatio": 0.0872641509,
    "totalOtherIncomeExpensesNet": 0,
    "incomeBeforeTax": 444000000,
    "incomeBeforeTaxRatio": 0.0872641509,
    "incomeTaxExpense": 170000000,
    "netIncome": 274000000,
    "netIncomeRatio": 0.0538522013,
    "eps": 0.3,
    "epsdiluted": 0.29,
    "weightedAverageShsOut": 932996000,
    "weightedAverageShsOutDil": 939504000,
    "link": "https://www.sec.gov/Archives/edgar/data/4977/000119312511212102/0001193125-11-212102-index.htm",
    "finalLink": "https://www.sec.gov/Archives/edgar/data/4977/000119312511212102/d10q.htm"
  },
  {
    "date": "2011-03-31",
    "symbol": "AFL",
    "reportedCurrency": "USD",
    "cik": "0000004977",
    "fillingDate": "2011-05-06",
    "acceptedDate": "2011-05-06 12:33:35",
    "calendarYear": "2011",
    "period": "Q1",
    "revenue": 5117000000,
    "costOfRevenue": 0,
    "grossProfit": 5117000000,
    "grossProfitRatio": 1,
    "researchAndDevelopmentExpenses": 0,
    "generalAndAdministrativeExpenses": 534000000,
    "sellingAndMarketingExpenses": 422000000,
    "sellingGeneralAndAdministrativeExpenses": 956000000,
    "otherExpenses": 3570000000,
    "operatingExpenses": 4526000000,
    "costAndExpenses": 4526000000,
    "interestIncome": 0,
    "interestExpense": 45000000,
    "depreciationAndAmortization": 0,
    "ebitda": 591000000,
    "ebitdaratio": 0.1154973617,
    "operatingIncome": 591000000,
    "operatingIncomeRatio": 0.1154973617,
    "totalOtherIncomeExpensesNet": 0,
    "incomeBeforeTax": 591000000,
    "incomeBeforeTaxRatio": 0.1154973617,
    "incomeTaxExpense": 202000000,
    "netIncome": 389000000,
    "netIncomeRatio": 0.0760211061,
    "eps": 0.42,
    "epsdiluted": 0.42,
    "weightedAverageShsOut": 936024000,
    "weightedAverageShsOutDil": 944208000,
    "link": "https://www.sec.gov/Archives/edgar/data/4977/000119312511130170/0001193125-11-130170-index.htm",
    "finalLink": "https://www.sec.gov/Archives/edgar/data/4977/000119312511130170/d10q.htm"
  },
  {
    "date": "2010-12-31",
    "symbol": "AFL",
    "reportedCurrency": "USD",
    "cik": "0000004977",
    "fillingDate": "2011-02-25",
    "acceptedDate": "2011-02-25 17:16:27",
    "calendarYear": "2010",
    "period": "Q4",
    "revenue": 5294000000,
    "costOfRevenue": 0,
    "grossProfit": 5294000000,
    "grossProfitRatio": 1,
    "researchAndDevelopmentExpenses": 0,
    "generalAndAdministrativeExpenses": 569000000,
    "sellingAndMarketingExpenses": 424000000,
    "sellingGeneralAndAdministrativeExpenses": 993000000,
    "otherExpenses": 3634000000,
    "operatingExpenses": 4627000000,
    "costAndExpenses": 4627000000,
    "interestIncome": 0,
    "interestExpense": 44000000,
    "depreciationAndAmortization": 0,
    "ebitda": 667000000,
    "ebitdaratio": 0.1259916887,
    "operatingIncome": 667000000,
    "operatingIncomeRatio": 0.1259916887,
    "totalOtherIncomeExpensesNet": 0,
    "incomeBeforeTax": 667000000,
    "incomeBeforeTaxRatio": 0.1259916887,
    "incomeTaxExpense": 230000000,
    "netIncome": 437000000,
    "netIncomeRatio": 0.0825462788,
    "eps": 0.47,
    "epsdiluted": 0.46,
    "weightedAverageShsOut": 936024000,
    "weightedAverageShsOutDil": 944208000,
    "link": "https://www.sec.gov/Archives/edgar/data/4977/000119312511047639/0001193125-11-047639-index.htm",
    "finalLink": "https://www.sec.gov/Archives/edgar/data/4977/000119312511047639/d10k.htm"
  },
  {
    "date": "2010-09-30",
    "symbol": "AFL",
    "reportedCurrency": "USD",
    "cik": "0000004977",
    "fillingDate": "2010-11-05",
    "acceptedDate": "2010-11-05 11:59:48",
    "calendarYear": "2010",
    "period": "Q3",
    "revenue": 5394000000,
    "costOfRevenue": 0,
    "grossProfit": 5394000000,
    "grossProfitRatio": 1,
    "researchAndDevelopmentExpenses": 0,
    "generalAndAdministrativeExpenses": 505000000,
    "sellingAndMarketingExpenses": 412000000,
    "sellingGeneralAndAdministrativeExpenses": 917000000,
    "otherExpenses": 3422000000,
    "operatingExpenses": 4339000000,
    "costAndExpenses": 4339000000,
    "interestIncome": 0,
    "interestExpense": 39000000,
    "depreciationAndAmortization": 0,
    "ebitda": 1055000000,
    "ebitdaratio": 0.19558769,
    "operatingIncome": 1055000000,
    "operatingIncomeRatio": 0.19558769,
    "totalOtherIncomeExpensesNet": 0,
    "incomeBeforeTax": 1055000000,
    "incomeBeforeTaxRatio": 0.19558769,
    "incomeTaxExpense": 365000000,
    "netIncome": 690000000,
    "netIncomeRatio": 0.127919911,
    "eps": 0.74,
    "epsdiluted": 0.73,
    "weightedAverageShsOut": 939736000,
    "weightedAverageShsOutDil": 947138000,
    "link": "https://www.sec.gov/Archives/edgar/data/4977/000119312510249533/0001193125-10-249533-index.htm",
    "finalLink": "https://www.sec.gov/Archives/edgar/data/4977/000119312510249533/d10q.htm"
  },
  {
    "date": "2010-06-30",
    "symbol": "AFL",
    "reportedCurrency": "USD",
    "cik": "0000004977",
    "fillingDate": "2010-08-02",
    "acceptedDate": "2010-08-02 17:13:20",
    "calendarYear": "2010",
    "period": "Q2",
    "revenue": 4980000000,
    "costOfRevenue": 0,
    "grossProfit": 4980000000,
    "grossProfitRatio": 1,
    "researchAndDevelopmentExpenses": 0,
    "generalAndAdministrativeExpenses": 508000000,
    "sellingAndMarketingExpenses": 398000000,
    "sellingGeneralAndAdministrativeExpenses": 906000000,
    "otherExpenses": 3185000000,
    "operatingExpenses": 4091000000,
    "costAndExpenses": 4091000000,
    "interestIncome": 0,
    "interestExpense": 33000000,
    "depreciationAndAmortization": 0,
    "ebitda": 889000000,
    "ebitdaratio": 0.1785140562,
    "operatingIncome": 889000000,
    "operatingIncomeRatio": 0.1785140562,
    "totalOtherIncomeExpensesNet": 0,
    "incomeBeforeTax": 889000000,
    "incomeBeforeTaxRatio": 0.1785140562,
    "incomeTaxExpense": 308000000,
    "netIncome": 581000000,
    "netIncomeRatio": 0.1166666667,
    "eps": 0.62,
    "epsdiluted": 0.62,
    "weightedAverageShsOut": 937648000,
    "weightedAverageShsOutDil": 945078000,
    "link": "https://www.sec.gov/Archives/edgar/data/4977/000119312510173757/0001193125-10-173757-index.htm",
    "finalLink": "https://www.sec.gov/Archives/edgar/data/4977/000119312510173757/d10q.htm"
  },
  {
    "date": "2010-03-31",
    "symbol": "AFL",
    "reportedCurrency": "USD",
    "cik": "0000004977",
    "fillingDate": "2010-05-07",
    "acceptedDate": "2010-05-07 14:00:59",
    "calendarYear": "2010",
    "period": "Q1",
    "revenue": 5065000000,
    "costOfRevenue": 0,
    "grossProfit": 5065000000,
    "grossProfitRatio": 1,
    "researchAndDevelopmentExpenses": 0,
    "generalAndAdministrativeExpenses": 481000000,
    "sellingAndMarketingExpenses": 403000000,
    "sellingGeneralAndAdministrativeExpenses": 884000000,
    "otherExpenses": 3207000000,
    "operatingExpenses": 4091000000,
    "costAndExpenses": 4091000000,
    "interestIncome": 0,
    "interestExpense": 33000000,
    "depreciationAndAmortization": 0,
    "ebitda": 974000000,
    "ebitdaratio": 0.1923000987,
    "operatingIncome": 974000000,
    "operatingIncomeRatio": 0.1923000987,
    "totalOtherIncomeExpensesNet": 0,
    "incomeBeforeTax": 974000000,
    "incomeBeforeTaxRatio": 0.1923000987,
    "incomeTaxExpense": 338000000,
    "netIncome": 636000000,
    "netIncomeRatio": 0.1255676209,
    "eps": 0.68,
    "epsdiluted": 0.68,
    "weightedAverageShsOut": 935852000,
    "weightedAverageShsOutDil": 944900000,
    "link": "https://www.sec.gov/Archives/edgar/data/4977/000119312510112569/0001193125-10-112569-index.htm",
    "finalLink": "https://www.sec.gov/Archives/edgar/data/4977/000119312510112569/d10q.htm"
  },
  {
    "date": "2009-12-31",
    "symbol": "AFL",
    "reportedCurrency": "USD",
    "cik": "0000004977",
    "fillingDate": "2010-02-26",
    "acceptedDate": "2010-02-26 17:24:33",
    "calendarYear": "2009",
    "period": "Q4",
    "revenue": 4597000000,
    "costOfRevenue": 0,
    "grossProfit": 4597000000,
    "grossProfitRatio": 1,
    "researchAndDevelopmentExpenses": 0,
    "generalAndAdministrativeExpenses": 0,
    "sellingAndMarketingExpenses": 410000000,
    "sellingGeneralAndAdministrativeExpenses": 410000000,
    "otherExpenses": 3845000000,
    "operatingExpenses": 4255000000,
    "costAndExpenses": 4255000000,
    "interestIncome": 0,
    "interestExpense": 26000000,
    "depreciationAndAmortization": 0,
    "ebitda": 342000000,
    "ebitdaratio": 0.0743963454,
    "operatingIncome": 342000000,
    "operatingIncomeRatio": 0.0743963454,
    "totalOtherIncomeExpensesNet": 0,
    "incomeBeforeTax": 342000000,
    "incomeBeforeTaxRatio": 0.0743963454,
    "incomeTaxExpense": 90000000,
    "netIncome": 252000000,
    "netIncomeRatio": 0.0548183598,
    "eps": 0.27,
    "epsdiluted": 0.27,
    "weightedAverageShsOut": 935852000,
    "weightedAverageShsOutDil": 944900000,
    "link": "https://www.sec.gov/Archives/edgar/data/4977/000119312510043173/0001193125-10-043173-index.htm",
    "finalLink": "https://www.sec.gov/Archives/edgar/data/4977/000119312510043173/d10k.htm"
  },
  {
    "date": "2009-09-30",
    "symbol": "AFL",
    "reportedCurrency": "USD",
    "cik": "0000004977",
    "fillingDate": "2009-11-06",
    "acceptedDate": "2009-11-06 17:03:13",
    "calendarYear": "2009",
    "period": "Q3",
    "revenue": 4526000000,
    "costOfRevenue": 0,
    "grossProfit": 4526000000,
    "grossProfitRatio": 1,
    "researchAndDevelopmentExpenses": 0,
    "generalAndAdministrativeExpenses": 487000000,
    "sellingAndMarketingExpenses": 388000000,
    "sellingGeneralAndAdministrativeExpenses": 875000000,
    "otherExpenses": 3102000000,
    "operatingExpenses": 3977000000,
    "costAndExpenses": 3977000000,
    "interestIncome": 0,
    "interestExpense": 25000000,
    "depreciationAndAmortization": 0,
    "ebitda": 549000000,
    "ebitdaratio": 0.1212991604,
    "operatingIncome": 549000000,
    "operatingIncomeRatio": 0.1212991604,
    "totalOtherIncomeExpensesNet": 0,
    "incomeBeforeTax": 549000000,
    "incomeBeforeTaxRatio": 0.1212991604,
    "incomeTaxExpense": 186000000,
    "netIncome": 363000000,
    "netIncomeRatio": 0.08020327,
    "eps": 0.39,
    "epsdiluted": 0.39,
    "weightedAverageShsOut": 933172000,
    "weightedAverageShsOutDil": 939428000,
    "link": "https://www.sec.gov/Archives/edgar/data/4977/000095012309059412/0000950123-09-059412-index.htm",
    "finalLink": "https://www.sec.gov/Archives/edgar/data/4977/000095012309059412/g21076e10vq.htm"
  },
  {
    "date": "2009-06-30",
    "symbol": "AFL",
    "reportedCurrency": "USD",
    "cik": "0000004977",
    "fillingDate": "2009-08-07",
    "acceptedDate": "2009-08-07 17:01:30",
    "calendarYear": "2009",
    "period": "Q2",
    "revenue": 4313000000,
    "costOfRevenue": 0,
    "grossProfit": 4313000000,
    "grossProfitRatio": 1,
    "researchAndDevelopmentExpenses": 0,
    "generalAndAdministrativeExpenses": 0,
    "sellingAndMarketingExpenses": 381000000,
    "sellingGeneralAndAdministrativeExpenses": 381000000,
    "otherExpenses": 3459000000,
    "operatingExpenses": 3840000000,
    "costAndExpenses": 3840000000,
    "interestIncome": 0,
    "interestExpense": 14000000,
    "depreciationAndAmortization": 0,
    "ebitda": 473000000,
    "ebitdaratio": 0.1096684442,
    "operatingIncome": 473000000,
    "operatingIncomeRatio": 0.1096684442,
    "totalOtherIncomeExpensesNet": 0,
    "incomeBeforeTax": 473000000,
    "incomeBeforeTaxRatio": 0.1096684442,
    "incomeTaxExpense": 159000000,
    "netIncome": 314000000,
    "netIncomeRatio": 0.0728031533,
    "eps": 0.34,
    "epsdiluted": 0.34,
    "weightedAverageShsOut": 932802000,
    "weightedAverageShsOutDil": 936570000,
    "link": "https://www.sec.gov/Archives/edgar/data/4977/000095012309032199/0000950123-09-032199-index.htm",
    "finalLink": "https://www.sec.gov/Archives/edgar/data/4977/000095012309032199/g20048e10vq.htm"
  },
  {
    "date": "2009-03-31",
    "symbol": "AFL",
    "reportedCurrency": "USD",
    "cik": "0000004977",
    "fillingDate": "2009-05-08",
    "acceptedDate": "2009-05-08 17:22:36",
    "calendarYear": "2009",
    "period": "Q1",
    "revenue": 4818000000,
    "costOfRevenue": 0,
    "grossProfit": 4818000000,
    "grossProfitRatio": 1,
    "researchAndDevelopmentExpenses": 0,
    "generalAndAdministrativeExpenses": 0,
    "sellingAndMarketingExpenses": 389000000,
    "sellingGeneralAndAdministrativeExpenses": 389000000,
    "otherExpenses": 3558000000,
    "operatingExpenses": 3947000000,
    "costAndExpenses": 3947000000,
    "interestIncome": 0,
    "interestExpense": 8000000,
    "depreciationAndAmortization": 0,
    "ebitda": 871000000,
    "ebitdaratio": 0.1807804068,
    "operatingIncome": 871000000,
    "operatingIncomeRatio": 0.1807804068,
    "totalOtherIncomeExpensesNet": 0,
    "incomeBeforeTax": 871000000,
    "incomeBeforeTaxRatio": 0.1807804068,
    "incomeTaxExpense": 302000000,
    "netIncome": 569000000,
    "netIncomeRatio": 0.1180987962,
    "eps": 0.61,
    "epsdiluted": 0.61,
    "weightedAverageShsOut": 932194000,
    "weightedAverageShsOutDil": 934264000,
    "link": "https://www.sec.gov/Archives/edgar/data/4977/000095014409004125/0000950144-09-004125-index.htm",
    "finalLink": "https://www.sec.gov/Archives/edgar/data/4977/000095014409004125/g19000e10vq.htm"
  },
  {
    "date": "2008-12-31",
    "symbol": "AFL",
    "reportedCurrency": "USD",
    "cik": "0000004977",
    "fillingDate": "2009-02-20",
    "acceptedDate": "2009-02-20 06:26:14",
    "calendarYear": "2008",
    "period": "Q4",
    "revenue": 4260000000,
    "costOfRevenue": 0,
    "grossProfit": 4260000000,
    "grossProfitRatio": 1,
    "researchAndDevelopmentExpenses": 0,
    "generalAndAdministrativeExpenses": 0,
    "sellingAndMarketingExpenses": 385000000,
    "sellingGeneralAndAdministrativeExpenses": 385000000,
    "otherExpenses": 3575000000,
    "operatingExpenses": 3960000000,
    "costAndExpenses": 3960000000,
    "interestIncome": 0,
    "interestExpense": 8000000,
    "depreciationAndAmortization": 0,
    "ebitda": 300000000,
    "ebitdaratio": 0.0704225352,
    "operatingIncome": 300000000,
    "operatingIncomeRatio": 0.0704225352,
    "totalOtherIncomeExpensesNet": 0,
    "incomeBeforeTax": 300000000,
    "incomeBeforeTaxRatio": 0.0704225352,
    "incomeTaxExpense": 103000000,
    "netIncome": 197000000,
    "netIncomeRatio": 0.0462441315,
    "eps": 0.21,
    "epsdiluted": 0.21,
    "weightedAverageShsOut": 932194000,
    "weightedAverageShsOutDil": 934264000,
    "link": "https://www.sec.gov/Archives/edgar/data/4977/000095014409001463/0000950144-09-001463-index.htm",
    "finalLink": "https://www.sec.gov/Archives/edgar/data/4977/000095014409001463/g17619e10vk.htm"
  },
  {
    "date": "2008-09-30",
    "symbol": "AFL",
    "reportedCurrency": "USD",
    "cik": "0000004977",
    "fillingDate": "2008-11-07",
    "acceptedDate": "2008-11-07 17:02:06",
    "calendarYear": "2008",
    "period": "Q3",
    "revenue": 3691000000,
    "costOfRevenue": 0,
    "grossProfit": 3691000000,
    "grossProfitRatio": 1,
    "researchAndDevelopmentExpenses": 0,
    "generalAndAdministrativeExpenses": 0,
    "sellingAndMarketingExpenses": 355000000,
    "sellingGeneralAndAdministrativeExpenses": 355000000,
    "otherExpenses": 3188000000,
    "operatingExpenses": 3543000000,
    "costAndExpenses": 3543000000,
    "interestIncome": 0,
    "interestExpense": 7000000,
    "depreciationAndAmortization": 0,
    "ebitda": 148000000,
    "ebitdaratio": 0.0400975345,
    "operatingIncome": 148000000,
    "operatingIncomeRatio": 0.0400975345,
    "totalOtherIncomeExpensesNet": 0,
    "incomeBeforeTax": 148000000,
    "incomeBeforeTaxRatio": 0.0400975345,
    "incomeTaxExpense": 48000000,
    "netIncome": 100000000,
    "netIncomeRatio": 0.0270929287,
    "eps": 0.11,
    "epsdiluted": 0.11,
    "weightedAverageShsOut": 950714000,
    "weightedAverageShsOutDil": 961490000,
    "link": "https://www.sec.gov/Archives/edgar/data/4977/000095014408008304/0000950144-08-008304-index.htm",
    "finalLink": "https://www.sec.gov/Archives/edgar/data/4977/000095014408008304/g16445e10vq.htm"
  },
  {
    "date": "2008-06-30",
    "symbol": "AFL",
    "reportedCurrency": "USD",
    "cik": "0000004977",
    "fillingDate": "2008-08-11",
    "acceptedDate": "2008-08-08 21:47:08",
    "calendarYear": "2008",
    "period": "Q2",
    "revenue": 4336000000,
    "costOfRevenue": 0,
    "grossProfit": 4336000000,
    "grossProfitRatio": 1,
    "researchAndDevelopmentExpenses": 0,
    "generalAndAdministrativeExpenses": 0,
    "sellingAndMarketingExpenses": 362000000,
    "sellingGeneralAndAdministrativeExpenses": 362000000,
    "otherExpenses": 3234000000,
    "operatingExpenses": 3596000000,
    "costAndExpenses": 3596000000,
    "interestIncome": 0,
    "interestExpense": 7000000,
    "depreciationAndAmortization": 0,
    "ebitda": 740000000,
    "ebitdaratio": 0.1706642066,
    "operatingIncome": 740000000,
    "operatingIncomeRatio": 0.1706642066,
    "totalOtherIncomeExpensesNet": 0,
    "incomeBeforeTax": 740000000,
    "incomeBeforeTaxRatio": 0.1706642066,
    "incomeTaxExpense": 257000000,
    "netIncome": 483000000,
    "netIncomeRatio": 0.1113929889,
    "eps": 0.51,
    "epsdiluted": 0.5,
    "weightedAverageShsOut": 948766000,
    "weightedAverageShsOutDil": 961656000,
    "link": "https://www.sec.gov/Archives/edgar/data/4977/000095014408006273/0000950144-08-006273-index.htm",
    "finalLink": "https://www.sec.gov/Archives/edgar/data/4977/000095014408006273/g14545e10vq.htm"
  },
  {
    "date": "2008-03-31",
    "symbol": "AFL",
    "reportedCurrency": "USD",
    "cik": "0000004977",
    "fillingDate": "2008-05-08",
    "acceptedDate": "2008-05-08 16:57:18",
    "calendarYear": "2008",
    "period": "Q1",
    "revenue": 4267000000,
    "costOfRevenue": 0,
    "grossProfit": 4267000000,
    "grossProfitRatio": 1,
    "researchAndDevelopmentExpenses": 0,
    "generalAndAdministrativeExpenses": 0,
    "sellingAndMarketingExpenses": 358000000,
    "sellingGeneralAndAdministrativeExpenses": 358000000,
    "otherExpenses": 3183000000,
    "operatingExpenses": 3541000000,
    "costAndExpenses": 3541000000,
    "interestIncome": 0,
    "interestExpense": 7000000,
    "depreciationAndAmortization": 0,
    "ebitda": 726000000,
    "ebitdaratio": 0.1701429576,
    "operatingIncome": 726000000,
    "operatingIncomeRatio": 0.1701429576,
    "totalOtherIncomeExpensesNet": 0,
    "incomeBeforeTax": 726000000,
    "incomeBeforeTaxRatio": 0.1701429576,
    "incomeTaxExpense": 252000000,
    "netIncome": 474000000,
    "netIncomeRatio": 0.1110850715,
    "eps": 0.5,
    "epsdiluted": 0.49,
    "weightedAverageShsOut": 956276000,
    "weightedAverageShsOutDil": 968834000,
    "link": "https://www.sec.gov/Archives/edgar/data/4977/000095014408003815/0000950144-08-003815-index.htm",
    "finalLink": "https://www.sec.gov/Archives/edgar/data/4977/000095014408003815/g13177e10vq.htm"
  },
  {
    "date": "2007-12-31",
    "symbol": "AFL",
    "reportedCurrency": "USD",
    "cik": "0000004977",
    "fillingDate": "2008-02-29",
    "acceptedDate": "2008-02-28 17:44:03",
    "calendarYear": "2007",
    "period": "Q4",
    "revenue": 4017000000,
    "costOfRevenue": 0,
    "grossProfit": 4017000000,
    "grossProfitRatio": 1,
    "researchAndDevelopmentExpenses": 0,
    "generalAndAdministrativeExpenses": 0,
    "sellingAndMarketingExpenses": 0,
    "sellingGeneralAndAdministrativeExpenses": 0,
    "otherExpenses": 3431000000,
    "operatingExpenses": 3431000000,
    "costAndExpenses": 3431000000,
    "interestIncome": 0,
    "interestExpense": 7000000,
    "depreciationAndAmortization": 0,
    "ebitda": 586000000,
    "ebitdaratio": 0.14588001,
    "operatingIncome": 586000000,
    "operatingIncomeRatio": 0.14588001,
    "totalOtherIncomeExpensesNet": 0,
    "incomeBeforeTax": 586000000,
    "incomeBeforeTaxRatio": 0.14588001,
    "incomeTaxExpense": 203000000,
    "netIncome": 383000000,
    "netIncomeRatio": 0.0953447847,
    "eps": 0.4,
    "epsdiluted": 0.4,
    "weightedAverageShsOut": 956276000,
    "weightedAverageShsOutDil": 968834000,
    "link": "https://www.sec.gov/Archives/edgar/data/4977/000095014408001495/0000950144-08-001495-index.htm",
    "finalLink": "https://www.sec.gov/Archives/edgar/data/4977/000095014408001495/g11443e10vk.htm"
  },
  {
    "date": "2007-09-30",
    "symbol": "AFL",
    "reportedCurrency": "USD",
    "cik": "0000004977",
    "fillingDate": "2007-11-08",
    "acceptedDate": "2007-11-08 17:27:39",
    "calendarYear": "2007",
    "period": "Q3",
    "revenue": 3861000000,
    "costOfRevenue": 0,
    "grossProfit": 3861000000,
    "grossProfitRatio": 1,
    "researchAndDevelopmentExpenses": 0,
    "generalAndAdministrativeExpenses": 0,
    "sellingAndMarketingExpenses": 331000000,
    "sellingGeneralAndAdministrativeExpenses": 331000000,
    "otherExpenses": 2888000000,
    "operatingExpenses": 3219000000,
    "costAndExpenses": 3219000000,
    "interestIncome": 0,
    "interestExpense": 6000000,
    "depreciationAndAmortization": 0,
    "ebitda": 642000000,
    "ebitdaratio": 0.1662781663,
    "operatingIncome": 642000000,
    "operatingIncomeRatio": 0.1662781663,
    "totalOtherIncomeExpensesNet": 0,
    "incomeBeforeTax": 642000000,
    "incomeBeforeTaxRatio": 0.1662781663,
    "incomeTaxExpense": 222000000,
    "netIncome": 420000000,
    "netIncomeRatio": 0.1087801088,
    "eps": 0.43,
    "epsdiluted": 0.43,
    "weightedAverageShsOut": 974130000,
    "weightedAverageShsOutDil": 985638000,
    "link": "https://www.sec.gov/Archives/edgar/data/4977/000095014407010151/0000950144-07-010151-index.htm",
    "finalLink": "https://www.sec.gov/Archives/edgar/data/4977/000095014407010151/g09979e10vq.htm"
  },
  {
    "date": "2007-06-30",
    "symbol": "AFL",
    "reportedCurrency": "USD",
    "cik": "0000004977",
    "fillingDate": "2007-08-08",
    "acceptedDate": "2007-08-08 17:00:05",
    "calendarYear": "2007",
    "period": "Q2",
    "revenue": 3764000000,
    "costOfRevenue": 0,
    "grossProfit": 3764000000,
    "grossProfitRatio": 1,
    "researchAndDevelopmentExpenses": 0,
    "generalAndAdministrativeExpenses": 0,
    "sellingAndMarketingExpenses": 326000000,
    "sellingGeneralAndAdministrativeExpenses": 326000000,
    "otherExpenses": 2803000000,
    "operatingExpenses": 3129000000,
    "costAndExpenses": 3129000000,
    "interestIncome": 0,
    "interestExpense": 6000000,
    "depreciationAndAmortization": 0,
    "ebitda": 635000000,
    "ebitdaratio": 0.1687035069,
    "operatingIncome": 635000000,
    "operatingIncomeRatio": 0.1687035069,
    "totalOtherIncomeExpensesNet": 0,
    "incomeBeforeTax": 635000000,
    "incomeBeforeTaxRatio": 0.1687035069,
    "incomeTaxExpense": 220000000,
    "netIncome": 415000000,
    "netIncomeRatio": 0.1102550478,
    "eps": 0.43,
    "epsdiluted": 0.42,
    "weightedAverageShsOut": 975800000,
    "weightedAverageShsOutDil": 988454000,
    "link": "https://www.sec.gov/Archives/edgar/data/4977/000095014407007510/0000950144-07-007510-index.htm",
    "finalLink": "https://www.sec.gov/Archives/edgar/data/4977/000095014407007510/g08740e10vq.htm"
  },
  {
    "date": "2007-03-31",
    "symbol": "AFL",
    "reportedCurrency": "USD",
    "cik": "0000004977",
    "fillingDate": "2007-05-09",
    "acceptedDate": "2007-05-09 15:20:30",
    "calendarYear": "2007",
    "period": "Q1",
    "revenue": 3751000000,
    "costOfRevenue": 0,
    "grossProfit": 3751000000,
    "grossProfitRatio": 1,
    "researchAndDevelopmentExpenses": 0,
    "generalAndAdministrativeExpenses": 0,
    "sellingAndMarketingExpenses": 0,
    "sellingGeneralAndAdministrativeExpenses": 0,
    "otherExpenses": 3115000000,
    "operatingExpenses": 3115000000,
    "costAndExpenses": 3115000000,
    "interestIncome": 0,
    "interestExpense": 8000000,
    "depreciationAndAmortization": 0,
    "ebitda": 636000000,
    "ebitdaratio": 0.1695547854,
    "operatingIncome": 636000000,
    "operatingIncomeRatio": 0.1695547854,
    "totalOtherIncomeExpensesNet": 0,
    "incomeBeforeTax": 636000000,
    "incomeBeforeTaxRatio": 0.1695547854,
    "incomeTaxExpense": 220000000,
    "netIncome": 416000000,
    "netIncomeRatio": 0.110903759,
    "eps": 0.43,
    "epsdiluted": 0.42,
    "weightedAverageShsOut": 981108000,
    "weightedAverageShsOutDil": 993316000,
    "link": "https://www.sec.gov/Archives/edgar/data/4977/000095014407004490/0000950144-07-004490-index.htm",
    "finalLink": "https://www.sec.gov/Archives/edgar/data/4977/000095014407004490/g07101e10vq.htm"
  },
  {
    "date": "2006-12-31",
    "symbol": "AFL",
    "reportedCurrency": "USD",
    "cik": "0000004977",
    "fillingDate": "2007-02-28",
    "acceptedDate": "2007-02-28 17:09:18",
    "calendarYear": "2006",
    "period": "Q4",
    "revenue": 3687000000,
    "costOfRevenue": 0,
    "grossProfit": 3687000000,
    "grossProfitRatio": 1,
    "researchAndDevelopmentExpenses": 0,
    "generalAndAdministrativeExpenses": 0,
    "sellingAndMarketingExpenses": 0,
    "sellingGeneralAndAdministrativeExpenses": 0,
    "otherExpenses": 3179000000,
    "operatingExpenses": 3179000000,
    "costAndExpenses": 3179000000,
    "interestIncome": 0,
    "interestExpense": 5000000,
    "depreciationAndAmortization": 0,
    "ebitda": 508000000,
    "ebitdaratio": 0.1377813941,
    "operatingIncome": 508000000,
    "operatingIncomeRatio": 0.1377813941,
    "totalOtherIncomeExpensesNet": 0,
    "incomeBeforeTax": 508000000,
    "incomeBeforeTaxRatio": 0.1377813941,
    "incomeTaxExpense": 175000000,
    "netIncome": 333000000,
    "netIncomeRatio": 0.0903173312,
    "eps": 0.34,
    "epsdiluted": 0.34,
    "weightedAverageShsOut": 981108000,
    "weightedAverageShsOutDil": 993316000,
    "link": "https://www.sec.gov/Archives/edgar/data/4977/000110465907015014/0001104659-07-015014-index.htm",
    "finalLink": "https://www.sec.gov/Archives/edgar/data/4977/000110465907015014/a07-4920_110k.htm"
  },
  {
    "date": "2006-09-30",
    "symbol": "AFL",
    "reportedCurrency": "USD",
    "cik": "0000004977",
    "fillingDate": "2006-11-08",
    "acceptedDate": "2006-11-08 16:52:00",
    "calendarYear": "2006",
    "period": "Q3",
    "revenue": 3672000000,
    "costOfRevenue": 0,
    "grossProfit": 3672000000,
    "grossProfitRatio": 1,
    "researchAndDevelopmentExpenses": 0,
    "generalAndAdministrativeExpenses": 0,
    "sellingAndMarketingExpenses": 0,
    "sellingGeneralAndAdministrativeExpenses": 0,
    "otherExpenses": 3115000000,
    "operatingExpenses": 3115000000,
    "costAndExpenses": 3115000000,
    "interestIncome": 0,
    "interestExpense": 4000000,
    "depreciationAndAmortization": 0,
    "ebitda": 557000000,
    "ebitdaratio": 0.1516884532,
    "operatingIncome": 557000000,
    "operatingIncomeRatio": 0.1516884532,
    "totalOtherIncomeExpensesNet": 0,
    "incomeBeforeTax": 557000000,
    "incomeBeforeTaxRatio": 0.1516884532,
    "incomeTaxExpense": 190000000,
    "netIncome": 367000000,
    "netIncomeRatio": 0.0999455338,
    "eps": 0.37,
    "epsdiluted": 0.37,
    "weightedAverageShsOut": 989846000,
    "weightedAverageShsOutDil": 1001904000,
    "link": "https://www.sec.gov/Archives/edgar/data/4977/000110465906072857/0001104659-06-072857-index.htm",
    "finalLink": "https://www.sec.gov/Archives/edgar/data/4977/000110465906072857/a06-22811_110q.htm"
  },
  {
    "date": "2006-06-30",
    "symbol": "AFL",
    "reportedCurrency": "USD",
    "cik": "0000004977",
    "fillingDate": "2006-08-07",
    "acceptedDate": "2006-08-07 17:04:26",
    "calendarYear": "2006",
    "period": "Q2",
    "revenue": 3697000000,
    "costOfRevenue": 0,
    "grossProfit": 3697000000,
    "grossProfitRatio": 1,
    "researchAndDevelopmentExpenses": 0,
    "generalAndAdministrativeExpenses": 0,
    "sellingAndMarketingExpenses": 0,
    "sellingGeneralAndAdministrativeExpenses": 0,
    "otherExpenses": 3073000000,
    "operatingExpenses": 3073000000,
    "costAndExpenses": 3073000000,
    "interestIncome": 0,
    "interestExpense": 5000000,
    "depreciationAndAmortization": 0,
    "ebitda": 624000000,
    "ebitdaratio": 0.1687855018,
    "operatingIncome": 624000000,
    "operatingIncomeRatio": 0.1687855018,
    "totalOtherIncomeExpensesNet": 0,
    "incomeBeforeTax": 624000000,
    "incomeBeforeTaxRatio": 0.1687855018,
    "incomeTaxExpense": 216000000,
    "netIncome": 408000000,
    "netIncomeRatio": 0.1103597511,
    "eps": 0.41,
    "epsdiluted": 0.41,
    "weightedAverageShsOut": 993902000,
    "weightedAverageShsOutDil": 1006572000,
    "link": "https://www.sec.gov/Archives/edgar/data/4977/000000497706000083/0000004977-06-000083-index.htm",
    "finalLink": "https://www.sec.gov/Archives/edgar/data/4977/000000497706000083/q606.htm"
  },
  {
    "date": "2006-03-31",
    "symbol": "AFL",
    "reportedCurrency": "USD",
    "cik": "0000004977",
    "fillingDate": "2006-05-08",
    "acceptedDate": "2006-05-08 17:26:46",
    "calendarYear": "2006",
    "period": "Q1",
    "revenue": 3559000000,
    "costOfRevenue": 0,
    "grossProfit": 3559000000,
    "grossProfitRatio": 1,
    "researchAndDevelopmentExpenses": 0,
    "generalAndAdministrativeExpenses": 0,
    "sellingAndMarketingExpenses": 0,
    "sellingGeneralAndAdministrativeExpenses": 0,
    "otherExpenses": 2984000000,
    "operatingExpenses": 2984000000,
    "costAndExpenses": 2984000000,
    "interestIncome": 0,
    "interestExpense": 5000000,
    "depreciationAndAmortization": 0,
    "ebitda": 575000000,
    "ebitdaratio": 0.1615622366,
    "operatingIncome": 575000000,
    "operatingIncomeRatio": 0.1615622366,
    "totalOtherIncomeExpensesNet": 0,
    "incomeBeforeTax": 575000000,
    "incomeBeforeTaxRatio": 0.1615622366,
    "incomeTaxExpense": 200000000,
    "netIncome": 375000000,
    "netIncomeRatio": 0.105366676,
    "eps": 0.38,
    "epsdiluted": 0.37,
    "weightedAverageShsOut": 996074000,
    "weightedAverageShsOutDil": 1009148000,
    "link": "https://www.sec.gov/Archives/edgar/data/4977/000000497706000050/0000004977-06-000050-index.htm",
    "finalLink": "https://www.sec.gov/Archives/edgar/data/4977/000000497706000050/q306afl.htm"
  },
  {
    "date": "2005-12-31",
    "symbol": "AFL",
    "reportedCurrency": "USD",
    "cik": "0000004977",
    "fillingDate": "2006-02-28",
    "acceptedDate": "2006-02-28 17:05:38",
    "calendarYear": "2005",
    "period": "Q4",
    "revenue": 3567000000,
    "costOfRevenue": 0,
    "grossProfit": 3567000000,
    "grossProfitRatio": 1,
    "researchAndDevelopmentExpenses": 0,
    "generalAndAdministrativeExpenses": 0,
    "sellingAndMarketingExpenses": 0,
    "sellingGeneralAndAdministrativeExpenses": 0,
    "otherExpenses": 3008000000,
    "operatingExpenses": 3008000000,
    "costAndExpenses": 3008000000,
    "interestIncome": 0,
    "interestExpense": 6000000,
    "depreciationAndAmortization": 0,
    "ebitda": 559000000,
    "ebitdaratio": 0.1567143258,
    "operatingIncome": 559000000,
    "operatingIncomeRatio": 0.1567143258,
    "totalOtherIncomeExpensesNet": 0,
    "incomeBeforeTax": 559000000,
    "incomeBeforeTaxRatio": 0.1567143258,
    "incomeTaxExpense": 195000000,
    "netIncome": 364000000,
    "netIncomeRatio": 0.1020465377,
    "eps": 0.37,
    "epsdiluted": 0.36,
    "weightedAverageShsOut": 996074000,
    "weightedAverageShsOutDil": 1009148000,
    "link": "https://www.sec.gov/Archives/edgar/data/4977/000000497706000036/0000004977-06-000036-index.htm",
    "finalLink": "https://www.sec.gov/Archives/edgar/data/4977/000000497706000036/afl10k05.htm"
  },
  {
    "date": "2005-09-30",
    "symbol": "AFL",
    "reportedCurrency": "USD",
    "cik": "0000004977",
    "fillingDate": "2005-11-08",
    "acceptedDate": "2005-11-08 14:44:56",
    "calendarYear": "2005",
    "period": "Q3",
    "revenue": 3669000000,
    "costOfRevenue": 0,
    "grossProfit": 3669000000,
    "grossProfitRatio": 1,
    "researchAndDevelopmentExpenses": 0,
    "generalAndAdministrativeExpenses": 0,
    "sellingAndMarketingExpenses": 0,
    "sellingGeneralAndAdministrativeExpenses": 0,
    "otherExpenses": 3024000000,
    "operatingExpenses": 3024000000,
    "costAndExpenses": 3024000000,
    "interestIncome": 0,
    "interestExpense": 6000000,
    "depreciationAndAmortization": 0,
    "ebitda": 645000000,
    "ebitdaratio": 0.17579722,
    "operatingIncome": 645000000,
    "operatingIncomeRatio": 0.17579722,
    "totalOtherIncomeExpensesNet": 0,
    "incomeBeforeTax": 645000000,
    "incomeBeforeTaxRatio": 0.17579722,
    "incomeTaxExpense": 190000000,
    "netIncome": 455000000,
    "netIncomeRatio": 0.1240119924,
    "eps": 0.46,
    "epsdiluted": 0.45,
    "weightedAverageShsOut": 1001114000,
    "weightedAverageShsOutDil": 1014646000,
    "link": "https://www.sec.gov/Archives/edgar/data/4977/000000497705000144/0000004977-05-000144-index.htm",
    "finalLink": "https://www.sec.gov/Archives/edgar/data/4977/000000497705000144/q905final.htm"
  },
  {
    "date": "2005-06-30",
    "symbol": "AFL",
    "reportedCurrency": "USD",
    "cik": "0000004977",
    "fillingDate": "2005-08-05",
    "acceptedDate": "2005-08-05 15:18:44",
    "calendarYear": "2005",
    "period": "Q2",
    "revenue": 3567000000,
    "costOfRevenue": 0,
    "grossProfit": 3567000000,
    "grossProfitRatio": 1,
    "researchAndDevelopmentExpenses": 0,
    "generalAndAdministrativeExpenses": 0,
    "sellingAndMarketingExpenses": 0,
    "sellingGeneralAndAdministrativeExpenses": 0,
    "otherExpenses": 3051000000,
    "operatingExpenses": 3051000000,
    "costAndExpenses": 3051000000,
    "interestIncome": 0,
    "interestExpense": 6000000,
    "depreciationAndAmortization": 0,
    "ebitda": 516000000,
    "ebitdaratio": 0.1446593776,
    "operatingIncome": 516000000,
    "operatingIncomeRatio": 0.1446593776,
    "totalOtherIncomeExpensesNet": 0,
    "incomeBeforeTax": 516000000,
    "incomeBeforeTaxRatio": 0.1446593776,
    "incomeTaxExpense": 180000000,
    "netIncome": 336000000,
    "netIncomeRatio": 0.094196804,
    "eps": 0.34,
    "epsdiluted": 0.33,
    "weightedAverageShsOut": 1002852000,
    "weightedAverageShsOutDil": 1016004000,
    "link": "https://www.sec.gov/Archives/edgar/data/4977/000000497705000107/0000004977-05-000107-index.htm",
    "finalLink": "https://www.sec.gov/Archives/edgar/data/4977/000000497705000107/q605edg.htm"
  },
  {
    "date": "2005-03-31",
    "symbol": "AFL",
    "reportedCurrency": "USD",
    "cik": "0000004977",
    "fillingDate": "2005-05-06",
    "acceptedDate": "2005-05-06 15:52:52",
    "calendarYear": "2005",
    "period": "Q1",
    "revenue": 3559000000,
    "costOfRevenue": 0,
    "grossProfit": 3559000000,
    "grossProfitRatio": 1,
    "researchAndDevelopmentExpenses": 0,
    "generalAndAdministrativeExpenses": 0,
    "sellingAndMarketingExpenses": 0,
    "sellingGeneralAndAdministrativeExpenses": 0,
    "otherExpenses": 3053000000,
    "operatingExpenses": 3053000000,
    "costAndExpenses": 3053000000,
    "interestIncome": 0,
    "interestExpense": 6000000,
    "depreciationAndAmortization": 0,
    "ebitda": 506000000,
    "ebitdaratio": 0.1421747682,
    "operatingIncome": 506000000,
    "operatingIncomeRatio": 0.1421747682,
    "totalOtherIncomeExpensesNet": 0,
    "incomeBeforeTax": 506000000,
    "incomeBeforeTaxRatio": 0.1421747682,
    "incomeTaxExpense": 178000000,
    "netIncome": 328000000,
    "netIncomeRatio": 0.0921607193,
    "eps": 0.33,
    "epsdiluted": 0.32,
    "weightedAverageShsOut": 1005412000,
    "weightedAverageShsOutDil": 1018898000,
    "link": "https://www.sec.gov/Archives/edgar/data/4977/000000497705000065/0000004977-05-000065-index.htm",
    "finalLink": "https://www.sec.gov/Archives/edgar/data/4977/000000497705000065/q305.htm"
  },
  {
    "date": "2004-12-31",
    "symbol": "AFL",
    "reportedCurrency": "USD",
    "cik": "0000004977",
    "fillingDate": "2005-03-10",
    "acceptedDate": "2005-03-10 15:21:29",
    "calendarYear": "2004",
    "period": "Q4",
    "revenue": 3447000000,
    "costOfRevenue": 0,
    "grossProfit": 3447000000,
    "grossProfitRatio": 1,
    "researchAndDevelopmentExpenses": 0,
    "generalAndAdministrativeExpenses": 0,
    "sellingAndMarketingExpenses": 0,
    "sellingGeneralAndAdministrativeExpenses": 0,
    "otherExpenses": 2998000000,
    "operatingExpenses": 2998000000,
    "costAndExpenses": 2998000000,
    "interestIncome": 0,
    "interestExpense": 6000000,
    "depreciationAndAmortization": 0,
    "ebitda": 449000000,
    "ebitdaratio": 0.1302581955,
    "operatingIncome": 449000000,
    "operatingIncomeRatio": 0.1302581955,
    "totalOtherIncomeExpensesNet": 0,
    "incomeBeforeTax": 449000000,
    "incomeBeforeTaxRatio": 0.1302581955,
    "incomeTaxExpense": 31000000,
    "netIncome": 418000000,
    "netIncomeRatio": 0.121264868,
    "eps": 0.42,
    "epsdiluted": 0.41,
    "weightedAverageShsOut": 1005412000,
    "weightedAverageShsOutDil": 1018898000,
    "link": "https://www.sec.gov/Archives/edgar/data/4977/000000497705000049/0000004977-05-000049-index.htm",
    "finalLink": "https://www.sec.gov/Archives/edgar/data/4977/000000497705000049/afl10k04.htm"
  },
  {
    "date": "2004-09-30",
    "symbol": "AFL",
    "reportedCurrency": "USD",
    "cik": "0000004977",
    "fillingDate": "2004-11-08",
    "acceptedDate": "2004-11-08 16:14:41",
    "calendarYear": "2004",
    "period": "Q3",
    "revenue": 3321000000,
    "costOfRevenue": 0,
    "grossProfit": 3321000000,
    "grossProfitRatio": 1,
    "researchAndDevelopmentExpenses": 0,
    "generalAndAdministrativeExpenses": 0,
    "sellingAndMarketingExpenses": 0,
    "sellingGeneralAndAdministrativeExpenses": 0,
    "otherExpenses": 2870000000,
    "operatingExpenses": 2870000000,
    "costAndExpenses": 2870000000,
    "interestIncome": 0,
    "interestExpense": 6000000,
    "depreciationAndAmortization": 0,
    "ebitda": 451000000,
    "ebitdaratio": 0.1358024691,
    "operatingIncome": 451000000,
    "operatingIncomeRatio": 0.1358024691,
    "totalOtherIncomeExpensesNet": 0,
    "incomeBeforeTax": 451000000,
    "incomeBeforeTaxRatio": 0.1358024691,
    "incomeTaxExpense": 158000000,
    "netIncome": 293000000,
    "netIncomeRatio": 0.0882264378,
    "eps": 0.29,
    "epsdiluted": 0.28,
    "weightedAverageShsOut": 1013198000,
    "weightedAverageShsOutDil": 1031152000,
    "link": "https://www.sec.gov/Archives/edgar/data/4977/000000497704000112/0000004977-04-000112-index.htm",
    "finalLink": "https://www.sec.gov/Archives/edgar/data/4977/000000497704000112/q904afl.htm"
  },
  {
    "date": "2004-06-30",
    "symbol": "AFL",
    "reportedCurrency": "USD",
    "cik": "0000004977",
    "fillingDate": "2004-08-06",
    "acceptedDate": "2004-08-06 15:08:24",
    "calendarYear": "2004",
    "period": "Q2",
    "revenue": 3233000000,
    "costOfRevenue": 0,
    "grossProfit": 3233000000,
    "grossProfitRatio": 1,
    "researchAndDevelopmentExpenses": 0,
    "generalAndAdministrativeExpenses": 0,
    "sellingAndMarketingExpenses": 0,
    "sellingGeneralAndAdministrativeExpenses": 0,
    "otherExpenses": 2820000000,
    "operatingExpenses": 2820000000,
    "costAndExpenses": 2820000000,
    "interestIncome": 0,
    "interestExpense": 6000000,
    "depreciationAndAmortization": 0,
    "ebitda": 413000000,
    "ebitdaratio": 0.1277451284,
    "operatingIncome": 413000000,
    "operatingIncomeRatio": 0.1277451284,
    "totalOtherIncomeExpensesNet": 0,
    "incomeBeforeTax": 413000000,
    "incomeBeforeTaxRatio": 0.1277451284,
    "incomeTaxExpense": 155000000,
    "netIncome": 258000000,
    "netIncomeRatio": 0.0798020414,
    "eps": 0.26,
    "epsdiluted": 0.25,
    "weightedAverageShsOut": 1016706000,
    "weightedAverageShsOutDil": 1035720000,
    "link": "https://www.sec.gov/Archives/edgar/data/4977/000000497704000070/0000004977-04-000070-index.htm",
    "finalLink": "https://www.sec.gov/Archives/edgar/data/4977/000000497704000070/q604.htm"
  },
  {
    "date": "2004-03-31",
    "symbol": "AFL",
    "reportedCurrency": "USD",
    "cik": "0000004977",
    "fillingDate": "2004-05-06",
    "acceptedDate": "2004-05-06 13:31:15",
    "calendarYear": "2004",
    "period": "Q1",
    "revenue": 3280000000,
    "costOfRevenue": 0,
    "grossProfit": 3280000000,
    "grossProfitRatio": 1,
    "researchAndDevelopmentExpenses": 0,
    "generalAndAdministrativeExpenses": 0,
    "sellingAndMarketingExpenses": 0,
    "sellingGeneralAndAdministrativeExpenses": 0,
    "otherExpenses": 2814000000,
    "operatingExpenses": 2814000000,
    "costAndExpenses": 2814000000,
    "interestIncome": 0,
    "interestExpense": 6000000,
    "depreciationAndAmortization": 0,
    "ebitda": 466000000,
    "ebitdaratio": 0.1420731707,
    "operatingIncome": 466000000,
    "operatingIncomeRatio": 0.1420731707,
    "totalOtherIncomeExpensesNet": 0,
    "incomeBeforeTax": 466000000,
    "incomeBeforeTaxRatio": 0.1420731707,
    "incomeTaxExpense": 162000000,
    "netIncome": 304000000,
    "netIncomeRatio": 0.0926829268,
    "eps": 0.3,
    "epsdiluted": 0.3,
    "weightedAverageShsOut": 1019848000,
    "weightedAverageShsOutDil": 1038710000,
    "link": "https://www.sec.gov/Archives/edgar/data/4977/000000497704000050/0000004977-04-000050-index.htm",
    "finalLink": "https://www.sec.gov/Archives/edgar/data/4977/000000497704000050/q304.htm"
  },
  {
    "date": "2003-12-31",
    "symbol": "AFL",
    "reportedCurrency": "USD",
    "cik": "0000004977",
    "fillingDate": "2004-03-11",
    "acceptedDate": "2004-03-11 15:10:03",
    "calendarYear": "2003",
    "period": "Q4",
    "revenue": 2847000000,
    "costOfRevenue": 0,
    "grossProfit": 2847000000,
    "grossProfitRatio": 1,
    "researchAndDevelopmentExpenses": 0,
    "generalAndAdministrativeExpenses": 0,
    "sellingAndMarketingExpenses": 0,
    "sellingGeneralAndAdministrativeExpenses": 0,
    "otherExpenses": 2741000000,
    "operatingExpenses": 2741000000,
    "costAndExpenses": 2741000000,
    "interestIncome": 0,
    "interestExpense": 6000000,
    "depreciationAndAmortization": 0,
    "ebitda": 106000000,
    "ebitdaratio": 0.0372321742,
    "operatingIncome": 106000000,
    "operatingIncomeRatio": 0.0372321742,
    "totalOtherIncomeExpensesNet": 0,
    "incomeBeforeTax": 106000000,
    "incomeBeforeTaxRatio": 0.0372321742,
    "incomeTaxExpense": 34000000,
    "netIncome": 72000000,
    "netIncomeRatio": 0.0252897787,
    "eps": 0.071,
    "epsdiluted": 0.069,
    "weightedAverageShsOut": 1019848000,
    "weightedAverageShsOutDil": 1038710000,
    "link": "https://www.sec.gov/Archives/edgar/data/4977/000000497704000030/0000004977-04-000030-index.htm",
    "finalLink": "https://www.sec.gov/Archives/edgar/data/4977/000000497704000030/afl10k03.htm"
  },
  {
    "date": "2003-09-30",
    "symbol": "AFL",
    "reportedCurrency": "USD",
    "cik": "0000004977",
    "fillingDate": "2003-11-12",
    "acceptedDate": "2003-11-12 11:04:09",
    "calendarYear": "2003",
    "period": "Q3",
    "revenue": 2931000000,
    "costOfRevenue": 0,
    "grossProfit": 2931000000,
    "grossProfitRatio": 1,
    "researchAndDevelopmentExpenses": 0,
    "generalAndAdministrativeExpenses": 0,
    "sellingAndMarketingExpenses": 0,
    "sellingGeneralAndAdministrativeExpenses": 0,
    "otherExpenses": 2560000000,
    "operatingExpenses": 2560000000,
    "costAndExpenses": 2560000000,
    "interestIncome": 0,
    "interestExpense": 6000000,
    "depreciationAndAmortization": 0,
    "ebitda": 371000000,
    "ebitdaratio": 0.1265779597,
    "operatingIncome": 371000000,
    "operatingIncomeRatio": 0.1265779597,
    "totalOtherIncomeExpensesNet": 0,
    "incomeBeforeTax": 371000000,
    "incomeBeforeTaxRatio": 0.1265779597,
    "incomeTaxExpense": 134000000,
    "netIncome": 237000000,
    "netIncomeRatio": 0.0808597748,
    "eps": 0.23,
    "epsdiluted": 0.23,
    "weightedAverageShsOut": 1026770000,
    "weightedAverageShsOutDil": 1042424000,
    "link": "https://www.sec.gov/Archives/edgar/data/4977/000000497703000170/0000004977-03-000170-index.htm",
    "finalLink": "https://www.sec.gov/Archives/edgar/data/4977/000000497703000170/q903edg.htm"
  },
  {
    "date": "2003-06-30",
    "symbol": "AFL",
    "reportedCurrency": "USD",
    "cik": "0000004977",
    "fillingDate": "2003-08-12",
    "acceptedDate": "2003-08-12 16:50:10",
    "calendarYear": "2003",
    "period": "Q2",
    "revenue": 2861000000,
    "costOfRevenue": 0,
    "grossProfit": 2861000000,
    "grossProfitRatio": 1,
    "researchAndDevelopmentExpenses": 0,
    "generalAndAdministrativeExpenses": 0,
    "sellingAndMarketingExpenses": 0,
    "sellingGeneralAndAdministrativeExpenses": 0,
    "otherExpenses": 2484000000,
    "operatingExpenses": 2484000000,
    "costAndExpenses": 2484000000,
    "interestIncome": 0,
    "interestExpense": 5000000,
    "depreciationAndAmortization": 0,
    "ebitda": 377000000,
    "ebitdaratio": 0.1317721077,
    "operatingIncome": 377000000,
    "operatingIncomeRatio": 0.1317721077,
    "totalOtherIncomeExpensesNet": 0,
    "incomeBeforeTax": 377000000,
    "incomeBeforeTaxRatio": 0.1317721077,
    "incomeTaxExpense": 129000000,
    "netIncome": 248000000,
    "netIncomeRatio": 0.086682978,
    "eps": 0.24,
    "epsdiluted": 0.24,
    "weightedAverageShsOut": 1027456000,
    "weightedAverageShsOutDil": 1045426000,
    "link": "https://www.sec.gov/Archives/edgar/data/4977/000095013303002828/0000950133-03-002828-index.htm",
    "finalLink": "https://www.sec.gov/Archives/edgar/data/4977/000095013303002828/w88848e10vq.htm"
  },
  {
    "date": "2003-03-31",
    "symbol": "AFL",
    "reportedCurrency": "USD",
    "cik": "0000004977",
    "fillingDate": "2003-05-12",
    "acceptedDate": "2003-05-12 10:59:58",
    "calendarYear": "2003",
    "period": "Q1",
    "revenue": 2807000000,
    "costOfRevenue": 0,
    "grossProfit": 2807000000,
    "grossProfitRatio": 1,
    "researchAndDevelopmentExpenses": 0,
    "generalAndAdministrativeExpenses": 0,
    "sellingAndMarketingExpenses": 0,
    "sellingGeneralAndAdministrativeExpenses": 0,
    "otherExpenses": 2437000000,
    "operatingExpenses": 2437000000,
    "costAndExpenses": 2437000000,
    "interestIncome": 0,
    "interestExpense": 5000000,
    "depreciationAndAmortization": 0,
    "ebitda": 370000000,
    "ebitdaratio": 0.1318133238,
    "operatingIncome": 370000000,
    "operatingIncomeRatio": 0.1318133238,
    "totalOtherIncomeExpensesNet": 0,
    "incomeBeforeTax": 370000000,
    "incomeBeforeTaxRatio": 0.1318133238,
    "incomeTaxExpense": 133000000,
    "netIncome": 237000000,
    "netIncomeRatio": 0.0844317777,
    "eps": 0.23,
    "epsdiluted": 0.23,
    "weightedAverageShsOut": 1029130000,
    "weightedAverageShsOutDil": 1048936000,
    "link": "https://www.sec.gov/Archives/edgar/data/4977/000000497703000126/0000004977-03-000126-index.htm",
    "finalLink": "https://www.sec.gov/Archives/edgar/data/4977/000000497703000126/q303edgk.htm"
  },
  {
    "date": "2002-12-31",
    "symbol": "AFL",
    "reportedCurrency": "USD",
    "cik": "0000004977",
    "fillingDate": "2003-03-27",
    "acceptedDate": "2003-03-27 16:54:05",
    "calendarYear": "2002",
    "period": "Q4",
    "revenue": 2666000000,
    "costOfRevenue": 0,
    "grossProfit": 2666000000,
    "grossProfitRatio": 1,
    "researchAndDevelopmentExpenses": 0,
    "generalAndAdministrativeExpenses": 0,
    "sellingAndMarketingExpenses": 0,
    "sellingGeneralAndAdministrativeExpenses": 0,
    "otherExpenses": 2371000000,
    "operatingExpenses": 2371000000,
    "costAndExpenses": 2371000000,
    "interestIncome": 0,
    "interestExpense": 6000000,
    "depreciationAndAmortization": 0,
    "ebitda": 295000000,
    "ebitdaratio": 0.1106526632,
    "operatingIncome": 295000000,
    "operatingIncomeRatio": 0.1106526632,
    "totalOtherIncomeExpensesNet": 0,
    "incomeBeforeTax": 295000000,
    "incomeBeforeTaxRatio": 0.1106526632,
    "incomeTaxExpense": 109000000,
    "netIncome": 186000000,
    "netIncomeRatio": 0.0697674419,
    "eps": 0.18,
    "epsdiluted": 0.18,
    "weightedAverageShsOut": 1029130000,
    "weightedAverageShsOutDil": 1048936000,
    "link": "https://www.sec.gov/Archives/edgar/data/4977/000000497703000098/0000004977-03-000098-index.htm",
    "finalLink": "https://www.sec.gov/Archives/edgar/data/4977/000000497703000098/k02.htm"
  },
  {
    "date": "2002-09-30",
    "symbol": "AFL",
    "reportedCurrency": "USD",
    "cik": "0000004977",
    "fillingDate": "2002-11-12",
    "acceptedDate": "2002-11-12 16:33:09",
    "calendarYear": "2002",
    "period": "Q3",
    "revenue": 2707000000,
    "costOfRevenue": 0,
    "grossProfit": 2707000000,
    "grossProfitRatio": 1,
    "researchAndDevelopmentExpenses": 0,
    "generalAndAdministrativeExpenses": 0,
    "sellingAndMarketingExpenses": 0,
    "sellingGeneralAndAdministrativeExpenses": 0,
    "otherExpenses": 2350000000,
    "operatingExpenses": 2350000000,
    "costAndExpenses": 2350000000,
    "interestIncome": 0,
    "interestExpense": 5000000,
    "depreciationAndAmortization": 0,
    "ebitda": 357000000,
    "ebitdaratio": 0.1318803103,
    "operatingIncome": 357000000,
    "operatingIncomeRatio": 0.1318803103,
    "totalOtherIncomeExpensesNet": 0,
    "incomeBeforeTax": 357000000,
    "incomeBeforeTaxRatio": 0.1318803103,
    "incomeTaxExpense": 117000000,
    "netIncome": 240000000,
    "netIncomeRatio": 0.0886590321,
    "eps": 0.23,
    "epsdiluted": 0.23,
    "weightedAverageShsOut": 1033968000,
    "weightedAverageShsOutDil": 1055816000,
    "link": "https://www.sec.gov/Archives/edgar/data/4977/000000497702000238/0000004977-02-000238-index.htm",
    "finalLink": "https://www.sec.gov/Archives/edgar/data/4977/000000497702000238/q902edg4.htm"
  },
  {
    "date": "2002-06-30",
    "symbol": "AFL",
    "reportedCurrency": "USD",
    "cik": "0000004977",
    "fillingDate": "2002-08-13",
    "acceptedDate": "2002-08-13 11:14:08",
    "calendarYear": "2002",
    "period": "Q2",
    "revenue": 2513000000,
    "costOfRevenue": 0,
    "grossProfit": 2513000000,
    "grossProfitRatio": 1,
    "researchAndDevelopmentExpenses": 0,
    "generalAndAdministrativeExpenses": 0,
    "sellingAndMarketingExpenses": 0,
    "sellingGeneralAndAdministrativeExpenses": 0,
    "otherExpenses": 2191000000,
    "operatingExpenses": 2191000000,
    "costAndExpenses": 2191000000,
    "interestIncome": 0,
    "interestExpense": 5000000,
    "depreciationAndAmortization": 0,
    "ebitda": 322000000,
    "ebitdaratio": 0.1281337047,
    "operatingIncome": 322000000,
    "operatingIncomeRatio": 0.1281337047,
    "totalOtherIncomeExpensesNet": 0,
    "incomeBeforeTax": 322000000,
    "incomeBeforeTaxRatio": 0.1281337047,
    "incomeTaxExpense": 110000000,
    "netIncome": 212000000,
    "netIncomeRatio": 0.0843613211,
    "eps": 0.21,
    "epsdiluted": 0.2,
    "weightedAverageShsOut": 1036154000,
    "weightedAverageShsOutDil": 1059212000,
    "link": "https://www.sec.gov/Archives/edgar/data/4977/000000497702000134/0000004977-02-000134-index.htm",
    "finalLink": "https://www.sec.gov/Archives/edgar/data/4977/000000497702000134/q602edg.htm"
  },
  {
    "date": "2002-03-31",
    "symbol": "AFL",
    "reportedCurrency": "USD",
    "cik": "0000004977",
    "fillingDate": "2002-05-13",
    "acceptedDate": "2002-05-13 16:37:40",
    "calendarYear": "2002",
    "period": "Q1",
    "revenue": 2371000000,
    "costOfRevenue": 0,
    "grossProfit": 2371000000,
    "grossProfitRatio": 1,
    "researchAndDevelopmentExpenses": 0,
    "generalAndAdministrativeExpenses": 0,
    "sellingAndMarketingExpenses": 0,
    "sellingGeneralAndAdministrativeExpenses": 0,
    "otherExpenses": 2086000000,
    "operatingExpenses": 2086000000,
    "costAndExpenses": 2086000000,
    "interestIncome": 0,
    "interestExpense": 4000000,
    "depreciationAndAmortization": 0,
    "ebitda": 285000000,
    "ebitdaratio": 0.1202024462,
    "operatingIncome": 285000000,
    "operatingIncomeRatio": 0.1202024462,
    "totalOtherIncomeExpensesNet": 0,
    "incomeBeforeTax": 285000000,
    "incomeBeforeTaxRatio": 0.1202024462,
    "incomeTaxExpense": 102000000,
    "netIncome": 183000000,
    "netIncomeRatio": 0.0771826234,
    "eps": 0.18,
    "epsdiluted": 0.17,
    "weightedAverageShsOut": 1038946000,
    "weightedAverageShsOutDil": 1059254000,
    "link": "https://www.sec.gov/Archives/edgar/data/4977/000000497702000089/0000004977-02-000089-index.htm",
    "finalLink": "https://www.sec.gov/Archives/edgar/data/4977/000000497702000089/q302edg.htm"
  },
  {
    "date": "2001-12-31",
    "symbol": "AFL",
    "reportedCurrency": "USD",
    "cik": "0000004977",
    "fillingDate": "2002-03-27",
    "acceptedDate": "2002-03-27 00:00:00",
    "calendarYear": "2001",
    "period": "Q4",
    "revenue": 2404000000,
    "costOfRevenue": 0,
    "grossProfit": 2404000000,
    "grossProfitRatio": 1,
    "researchAndDevelopmentExpenses": 0,
    "generalAndAdministrativeExpenses": 0,
    "sellingAndMarketingExpenses": 0,
    "sellingGeneralAndAdministrativeExpenses": 0,
    "otherExpenses": 2140000000,
    "operatingExpenses": 2140000000,
    "costAndExpenses": 2140000000,
    "interestIncome": 0,
    "interestExpense": 4000000,
    "depreciationAndAmortization": 0,
    "ebitda": 264000000,
    "ebitdaratio": 0.1098169717,
    "operatingIncome": 264000000,
    "operatingIncomeRatio": 0.1098169717,
    "totalOtherIncomeExpensesNet": 0,
    "incomeBeforeTax": 264000000,
    "incomeBeforeTaxRatio": 0.1098169717,
    "incomeTaxExpense": 102000000,
    "netIncome": 162000000,
    "netIncomeRatio": 0.0673876872,
    "eps": 0.16,
    "epsdiluted": 0.15,
    "weightedAverageShsOut": 1038946000,
    "weightedAverageShsOutDil": 1059254000,
    "link": "https://www.sec.gov/Archives/edgar/data/4977/000000497702000065/0000004977-02-000065-index.htm",
    "finalLink": "https://www.sec.gov/Archives/edgar/data/4977/000000497702000065/k01edg.htm"
  },
  {
    "date": "2001-09-30",
    "symbol": "AFL",
    "reportedCurrency": "USD",
    "cik": "0000004977",
    "fillingDate": "2001-11-14",
    "acceptedDate": "2001-11-14 00:00:00",
    "calendarYear": "2001",
    "period": "Q3",
    "revenue": 2446000000,
    "costOfRevenue": 0,
    "grossProfit": 2446000000,
    "grossProfitRatio": 1,
    "researchAndDevelopmentExpenses": 0,
    "generalAndAdministrativeExpenses": 0,
    "sellingAndMarketingExpenses": 0,
    "sellingGeneralAndAdministrativeExpenses": 0,
    "otherExpenses": 2152000000,
    "operatingExpenses": 2152000000,
    "costAndExpenses": 2152000000,
    "interestIncome": 0,
    "interestExpense": 5000000,
    "depreciationAndAmortization": 0,
    "ebitda": 294000000,
    "ebitdaratio": 0.1201962388,
    "operatingIncome": 294000000,
    "operatingIncomeRatio": 0.1201962388,
    "totalOtherIncomeExpensesNet": 0,
    "incomeBeforeTax": 294000000,
    "incomeBeforeTaxRatio": 0.1201962388,
    "incomeTaxExpense": 101000000,
    "netIncome": 193000000,
    "netIncomeRatio": 0.0789043336,
    "eps": 0.19,
    "epsdiluted": 0.18,
    "weightedAverageShsOut": 1048532000,
    "weightedAverageShsOutDil": 1072086000,
    "link": "https://www.sec.gov/Archives/edgar/data/4977/000000497701500139/0000004977-01-500139-index.htm",
    "finalLink": "https://www.sec.gov/Archives/edgar/data/4977/000000497701500139/q901.htm"
  },
  {
    "date": "2001-06-30",
    "symbol": "AFL",
    "reportedCurrency": "USD",
    "cik": "0000004977",
    "fillingDate": "2001-08-09",
    "acceptedDate": "2001-08-09 00:00:00",
    "calendarYear": "2001",
    "period": "Q2",
    "revenue": 2348000000,
    "costOfRevenue": 0,
    "grossProfit": 2348000000,
    "grossProfitRatio": 1,
    "researchAndDevelopmentExpenses": 0,
    "generalAndAdministrativeExpenses": 0,
    "sellingAndMarketingExpenses": 0,
    "sellingGeneralAndAdministrativeExpenses": 0,
    "otherExpenses": 2099000000,
    "operatingExpenses": 2099000000,
    "costAndExpenses": 2099000000,
    "interestIncome": 0,
    "interestExpense": 5000000,
    "depreciationAndAmortization": 0,
    "ebitda": 249000000,
    "ebitdaratio": 0.1060477002,
    "operatingIncome": 249000000,
    "operatingIncomeRatio": 0.1060477002,
    "totalOtherIncomeExpensesNet": 0,
    "incomeBeforeTax": 249000000,
    "incomeBeforeTaxRatio": 0.1060477002,
    "incomeTaxExpense": 96000000,
    "netIncome": 153000000,
    "netIncomeRatio": 0.0651618399,
    "eps": 0.14,
    "epsdiluted": 0.14,
    "weightedAverageShsOut": 1051572000,
    "weightedAverageShsOutDil": 1078302000,
    "link": "https://www.sec.gov/Archives/edgar/data/4977/000000497701500099/0000004977-01-500099-index.htm",
    "finalLink": "https://www.sec.gov/Archives/edgar/data/4977/000000497701500099/q601edg.txt"
  },
  {
    "date": "2001-03-31",
    "symbol": "AFL",
    "reportedCurrency": "USD",
    "cik": "0000004977",
    "fillingDate": "2001-05-09",
    "acceptedDate": "2001-05-09 00:00:00",
    "calendarYear": "2001",
    "period": "Q1",
    "revenue": 2421000000,
    "costOfRevenue": 0,
    "grossProfit": 2421000000,
    "grossProfitRatio": 1,
    "researchAndDevelopmentExpenses": 0,
    "generalAndAdministrativeExpenses": 0,
    "sellingAndMarketingExpenses": 0,
    "sellingGeneralAndAdministrativeExpenses": 0,
    "otherExpenses": 2147000000,
    "operatingExpenses": 2147000000,
    "costAndExpenses": 2147000000,
    "interestIncome": 0,
    "interestExpense": 5000000,
    "depreciationAndAmortization": 0,
    "ebitda": 274000000,
    "ebitdaratio": 0.1131763734,
    "operatingIncome": 274000000,
    "operatingIncomeRatio": 0.1131763734,
    "totalOtherIncomeExpensesNet": 0,
    "incomeBeforeTax": 274000000,
    "incomeBeforeTaxRatio": 0.1131763734,
    "incomeTaxExpense": 96000000,
    "netIncome": 178000000,
    "netIncomeRatio": 0.0735233375,
    "eps": 0.17,
    "epsdiluted": 0.17,
    "weightedAverageShsOut": 1056360000,
    "weightedAverageShsOutDil": 1083534000,
    "link": "https://www.sec.gov/Archives/edgar/data/4977/000000497701500058/0000004977-01-500058-index.htm",
    "finalLink": "https://www.sec.gov/Archives/edgar/data/4977/000000497701500058/q301edg.txt"
  },
  {
    "date": "2000-12-31",
    "symbol": "AFL",
    "reportedCurrency": "USD",
    "cik": "0000004977",
    "fillingDate": "2001-03-28",
    "acceptedDate": "2001-03-28 00:00:00",
    "calendarYear": "2000",
    "period": "Q4",
    "revenue": 2488000000,
    "costOfRevenue": 0,
    "grossProfit": 2488000000,
    "grossProfitRatio": 1,
    "researchAndDevelopmentExpenses": 0,
    "generalAndAdministrativeExpenses": 0,
    "sellingAndMarketingExpenses": 0,
    "sellingGeneralAndAdministrativeExpenses": 0,
    "otherExpenses": 2231000000,
    "operatingExpenses": 2231000000,
    "costAndExpenses": 2231000000,
    "interestIncome": 0,
    "interestExpense": 5000000,
    "depreciationAndAmortization": 0,
    "ebitda": 257000000,
    "ebitdaratio": 0.1032958199,
    "operatingIncome": 257000000,
    "operatingIncomeRatio": 0.1032958199,
    "totalOtherIncomeExpensesNet": 0,
    "incomeBeforeTax": 257000000,
    "incomeBeforeTaxRatio": 0.1032958199,
    "incomeTaxExpense": 91000000,
    "netIncome": 166000000,
    "netIncomeRatio": 0.0667202572,
    "eps": 0.16,
    "epsdiluted": 0.15,
    "weightedAverageShsOut": 1056360000,
    "weightedAverageShsOutDil": 1083534000,
    "link": "https://www.sec.gov/Archives/edgar/data/4977/000000497701500045/0000004977-01-500045-index.htm",
    "finalLink": "https://www.sec.gov/Archives/edgar/data/4977/000000497701500045/k00edg.txt"
  },
  {
    "date": "2000-09-30",
    "symbol": "AFL",
    "reportedCurrency": "USD",
    "cik": "0000004977",
    "fillingDate": "2000-11-09",
    "acceptedDate": "2000-11-09 00:00:00",
    "calendarYear": "2000",
    "period": "Q3",
    "revenue": 2472000000,
    "costOfRevenue": 0,
    "grossProfit": 2472000000,
    "grossProfitRatio": 1,
    "researchAndDevelopmentExpenses": 0,
    "generalAndAdministrativeExpenses": 0,
    "sellingAndMarketingExpenses": 0,
    "sellingGeneralAndAdministrativeExpenses": 0,
    "otherExpenses": 2220000000,
    "operatingExpenses": 2220000000,
    "costAndExpenses": 2220000000,
    "interestIncome": 0,
    "interestExpense": 5000000,
    "depreciationAndAmortization": 0,
    "ebitda": 252000000,
    "ebitdaratio": 0.1019417476,
    "operatingIncome": 252000000,
    "operatingIncomeRatio": 0.1019417476,
    "totalOtherIncomeExpensesNet": 0,
    "incomeBeforeTax": 252000000,
    "incomeBeforeTaxRatio": 0.1019417476,
    "incomeTaxExpense": 89000000,
    "netIncome": 163000000,
    "netIncomeRatio": 0.0659385113,
    "eps": 0.16,
    "epsdiluted": 0.15,
    "weightedAverageShsOut": 1060360000,
    "weightedAverageShsOutDil": 1088784000,
    "link": "https://www.sec.gov/Archives/edgar/data/4977/000000497700500046/0000004977-00-500046-index.htm",
    "finalLink": "https://www.sec.gov/Archives/edgar/data/4977/000000497700500046/q900edg.txt"
  },
  {
    "date": "2000-06-30",
    "symbol": "AFL",
    "reportedCurrency": "USD",
    "cik": "0000004977",
    "fillingDate": "2000-08-09",
    "acceptedDate": "2000-08-09 00:00:00",
    "calendarYear": "2000",
    "period": "Q2",
    "revenue": 2355000000,
    "costOfRevenue": 0,
    "grossProfit": 2355000000,
    "grossProfitRatio": 1,
    "researchAndDevelopmentExpenses": 0,
    "generalAndAdministrativeExpenses": 0,
    "sellingAndMarketingExpenses": 0,
    "sellingGeneralAndAdministrativeExpenses": 0,
    "otherExpenses": 2096000000,
    "operatingExpenses": 2096000000,
    "costAndExpenses": 2096000000,
    "interestIncome": 0,
    "interestExpense": 5000000,
    "depreciationAndAmortization": 0,
    "ebitda": 259000000,
    "ebitdaratio": 0.1099787686,
    "operatingIncome": 259000000,
    "operatingIncomeRatio": 0.1099787686,
    "totalOtherIncomeExpensesNet": 0,
    "incomeBeforeTax": 259000000,
    "incomeBeforeTaxRatio": 0.1099787686,
    "incomeTaxExpense": 57000000,
    "netIncome": 202000000,
    "netIncomeRatio": 0.0857749469,
    "eps": 0.19,
    "epsdiluted": 0.19,
    "weightedAverageShsOut": 1062286000,
    "weightedAverageShsOutDil": 1089722000,
    "link": "https://www.sec.gov/Archives/edgar/data/4977/000000497700000038/0000004977-00-000038-index.htm",
    "finalLink": "https://www.sec.gov/Archives/edgar/data/4977/000000497700000038/0000004977-00-000038-0001.txt"
  },
  {
    "date": "2000-03-31",
    "symbol": "AFL",
    "reportedCurrency": "USD",
    "cik": "0000004977",
    "fillingDate": "2000-05-10",
    "acceptedDate": "2000-05-10 00:00:00",
    "calendarYear": "2000",
    "period": "Q1",
    "revenue": 2398000000,
    "costOfRevenue": 0,
    "grossProfit": 2398000000,
    "grossProfitRatio": 1,
    "researchAndDevelopmentExpenses": 0,
    "generalAndAdministrativeExpenses": 0,
    "sellingAndMarketingExpenses": 0,
    "sellingGeneralAndAdministrativeExpenses": 0,
    "otherExpenses": 2155000000,
    "operatingExpenses": 2155000000,
    "costAndExpenses": 2155000000,
    "interestIncome": 0,
    "interestExpense": 5000000,
    "depreciationAndAmortization": 38000000,
    "ebitda": 281000000,
    "ebitdaratio": 0.1171809842,
    "operatingIncome": 243000000,
    "operatingIncomeRatio": 0.1013344454,
    "totalOtherIncomeExpensesNet": 0,
    "incomeBeforeTax": 243000000,
    "incomeBeforeTaxRatio": 0.1013344454,
    "incomeTaxExpense": 87000000,
    "netIncome": 156000000,
    "netIncomeRatio": 0.0650542118,
    "eps": 0.14,
    "epsdiluted": 0.14,
    "weightedAverageShsOut": 1062398000,
    "weightedAverageShsOutDil": 1089046000,
    "link": "https://www.sec.gov/Archives/edgar/data/4977/000000497700000014/0000004977-00-000014-index.htm",
    "finalLink": "https://www.sec.gov/Archives/edgar/data/4977/000000497700000014/0000004977-00-000014.txt"
  },
  {
    "date": "1999-12-31",
    "symbol": "AFL",
    "reportedCurrency": "USD",
    "cik": "0000004977",
    "fillingDate": "2000-03-27",
    "acceptedDate": "2000-03-27 00:00:00",
    "calendarYear": "1999",
    "period": "Q4",
    "revenue": 2365000000,
    "costOfRevenue": 0,
    "grossProfit": 2365000000,
    "grossProfitRatio": 1,
    "researchAndDevelopmentExpenses": 0,
    "generalAndAdministrativeExpenses": 0,
    "sellingAndMarketingExpenses": 0,
    "sellingGeneralAndAdministrativeExpenses": 0,
    "otherExpenses": 1587000000,
    "operatingExpenses": 1587000000,
    "costAndExpenses": 1587000000,
    "interestIncome": 0,
    "interestExpense": 5000000,
    "depreciationAndAmortization": 0,
    "ebitda": 778000000,
    "ebitdaratio": 0.3289640592,
    "operatingIncome": 778000000,
    "operatingIncomeRatio": 0.3289640592,
    "totalOtherIncomeExpensesNet": 0,
    "incomeBeforeTax": 778000000,
    "incomeBeforeTaxRatio": 0.3289640592,
    "incomeTaxExpense": 57000000,
    "netIncome": 102000000,
    "netIncomeRatio": 0.0431289641,
    "eps": 0.68,
    "epsdiluted": 0.66,
    "weightedAverageShsOut": 1062396000,
    "weightedAverageShsOutDil": 1089044000,
    "link": "https://www.sec.gov/Archives/edgar/data/4977/000000497700000011/0000004977-00-000011-index.htm",
    "finalLink": "https://www.sec.gov/Archives/edgar/data/4977/000000497700000011/0000004977-00-000011.txt"
  },
  {
    "date": "1999-09-30",
    "symbol": "AFL",
    "reportedCurrency": "USD",
    "cik": "0000004977",
    "fillingDate": "1999-11-10",
    "acceptedDate": "1999-11-10 00:00:00",
    "calendarYear": "1999",
    "period": "Q3",
    "revenue": 2196000000,
    "costOfRevenue": 0,
    "grossProfit": 2196000000,
    "grossProfitRatio": 1,
    "researchAndDevelopmentExpenses": 0,
    "generalAndAdministrativeExpenses": 0,
    "sellingAndMarketingExpenses": 0,
    "sellingGeneralAndAdministrativeExpenses": 0,
    "otherExpenses": 2196000000,
    "operatingExpenses": 2196000000,
    "costAndExpenses": 2196000000,
    "interestIncome": 0,
    "interestExpense": 5000000,
    "depreciationAndAmortization": 7000000,
    "ebitda": 7000000,
    "ebitdaratio": 0.0031876138,
    "operatingIncome": 0,
    "operatingIncomeRatio": 0,
    "totalOtherIncomeExpensesNet": 0,
    "incomeBeforeTax": 0,
    "incomeBeforeTaxRatio": 0,
    "incomeTaxExpense": 76000000,
    "netIncome": 144000000,
    "netIncomeRatio": 0.0655737705,
    "eps": 0.14,
    "epsdiluted": 0.13,
    "weightedAverageShsOut": 1062160000,
    "weightedAverageShsOutDil": 1097988000,
    "link": "https://www.sec.gov/Archives/edgar/data/4977/000000497799000038/0000004977-99-000038-index.htm",
    "finalLink": "https://www.sec.gov/Archives/edgar/data/4977/000000497799000038/0000004977-99-000038.txt"
  },
  {
    "date": "1999-06-30",
    "symbol": "AFL",
    "reportedCurrency": "USD",
    "cik": "0000004977",
    "fillingDate": "1999-08-11",
    "acceptedDate": "1999-08-11 00:00:00",
    "calendarYear": "1999",
    "period": "Q2",
    "revenue": 2032000000,
    "costOfRevenue": 0,
    "grossProfit": 2032000000,
    "grossProfitRatio": 1,
    "researchAndDevelopmentExpenses": 0,
    "generalAndAdministrativeExpenses": 0,
    "sellingAndMarketingExpenses": 0,
    "sellingGeneralAndAdministrativeExpenses": 0,
    "otherExpenses": 2032000000,
    "operatingExpenses": 2032000000,
    "costAndExpenses": 2032000000,
    "interestIncome": 0,
    "interestExpense": 5000000,
    "depreciationAndAmortization": 6000000,
    "ebitda": 6000000,
    "ebitdaratio": 0.0029527559,
    "operatingIncome": 0,
    "operatingIncomeRatio": 0,
    "totalOtherIncomeExpensesNet": 0,
    "incomeBeforeTax": 0,
    "incomeBeforeTaxRatio": 0,
    "incomeTaxExpense": 67000000,
    "netIncome": 130000000,
    "netIncomeRatio": 0.063976378,
    "eps": 0.13,
    "epsdiluted": 0.12,
    "weightedAverageShsOut": 1063272000,
    "weightedAverageShsOutDil": 1103876000,
    "link": "https://www.sec.gov/Archives/edgar/data/4977/000000497799000029/0000004977-99-000029-index.htm",
    "finalLink": "https://www.sec.gov/Archives/edgar/data/4977/000000497799000029/0000004977-99-000029.txt"
  },
  {
    "date": "1999-03-31",
    "symbol": "AFL",
    "reportedCurrency": "USD",
    "cik": "0000004977",
    "fillingDate": "1999-05-12",
    "acceptedDate": "1999-05-12 00:00:00",
    "calendarYear": "1999",
    "period": "Q1",
    "revenue": 2048000000,
    "costOfRevenue": 0,
    "grossProfit": 2048000000,
    "grossProfitRatio": 1,
    "researchAndDevelopmentExpenses": 0,
    "generalAndAdministrativeExpenses": 0,
    "sellingAndMarketingExpenses": 0,
    "sellingGeneralAndAdministrativeExpenses": 0,
    "otherExpenses": 2048000000,
    "operatingExpenses": 2048000000,
    "costAndExpenses": 2048000000,
    "interestIncome": 0,
    "interestExpense": 4000000,
    "depreciationAndAmortization": 7000000,
    "ebitda": 7000000,
    "ebitdaratio": 0.0034179688,
    "operatingIncome": 0,
    "operatingIncomeRatio": 0,
    "totalOtherIncomeExpensesNet": 0,
    "incomeBeforeTax": 0,
    "incomeBeforeTaxRatio": 0,
    "incomeTaxExpense": 7000000,
    "netIncome": 196000000,
    "netIncomeRatio": 0.095703125,
    "eps": 0.19,
    "epsdiluted": 0.18,
    "weightedAverageShsOut": 1064460000,
    "weightedAverageShsOutDil": 1107076000,
    "link": "https://www.sec.gov/Archives/edgar/data/4977/000000497799000019/0000004977-99-000019-index.htm",
    "finalLink": "https://www.sec.gov/Archives/edgar/data/4977/0000004977-99-000019.txt"
  },
  {
    "date": "1998-12-31",
    "symbol": "AFL",
    "reportedCurrency": "USD",
    "cik": "0000004977",
    "fillingDate": "1999-03-26",
    "acceptedDate": "1999-03-26 00:00:00",
    "calendarYear": "1998",
    "period": "Q4",
    "revenue": 1943900000,
    "costOfRevenue": 0,
    "grossProfit": 1943900000,
    "grossProfitRatio": 1,
    "researchAndDevelopmentExpenses": 0,
    "generalAndAdministrativeExpenses": 0,
    "sellingAndMarketingExpenses": 0,
    "sellingGeneralAndAdministrativeExpenses": 0,
    "otherExpenses": 1392900000,
    "operatingExpenses": 1392900000,
    "costAndExpenses": 1392900000,
    "interestIncome": 0,
    "interestExpense": 3500000,
    "depreciationAndAmortization": 0,
    "ebitda": 551000000,
    "ebitdaratio": 0.2834507948,
    "operatingIncome": 551000000,
    "operatingIncomeRatio": 0.2834507948,
    "totalOtherIncomeExpensesNet": 0,
    "incomeBeforeTax": 551000000,
    "incomeBeforeTaxRatio": 0.2834507948,
    "incomeTaxExpense": 59500000,
    "netIncome": 116300000,
    "netIncomeRatio": 0.0598281805,
    "eps": 0.46,
    "epsdiluted": 0.44,
    "weightedAverageShsOut": 1064460000,
    "weightedAverageShsOutDil": 1107076000,
    "link": "https://www.sec.gov/Archives/edgar/data/4977/000000497799000010/0000004977-99-000010-index.htm",
    "finalLink": "https://www.sec.gov/Archives/edgar/data/4977/0000004977-99-000010.txt"
  },
  {
    "date": "1998-09-30",
    "symbol": "AFL",
    "reportedCurrency": "USD",
    "cik": "0000004977",
    "fillingDate": "1998-11-09",
    "acceptedDate": "1998-11-09 00:00:00",
    "calendarYear": "1998",
    "period": "Q3",
    "revenue": 1700000000,
    "costOfRevenue": 0,
    "grossProfit": 1700000000,
    "grossProfitRatio": 1,
    "researchAndDevelopmentExpenses": 0,
    "generalAndAdministrativeExpenses": 0,
    "sellingAndMarketingExpenses": 0,
    "sellingGeneralAndAdministrativeExpenses": 0,
    "otherExpenses": 1700000000,
    "operatingExpenses": 1700000000,
    "costAndExpenses": 1700000000,
    "interestIncome": 0,
    "interestExpense": 2800000,
    "depreciationAndAmortization": 20000000,
    "ebitda": 20000000,
    "ebitdaratio": 0.0117647059,
    "operatingIncome": 0,
    "operatingIncomeRatio": 0,
    "totalOtherIncomeExpensesNet": 0,
    "incomeBeforeTax": 0,
    "incomeBeforeTaxRatio": 0,
    "incomeTaxExpense": 53000000,
    "netIncome": 108000000,
    "netIncomeRatio": 0.0635294118,
    "eps": 0.1,
    "epsdiluted": 0.1,
    "weightedAverageShsOut": 1080000000,
    "weightedAverageShsOutDil": 1080000000,
    "link": "https://www.sec.gov/Archives/edgar/data/4977/000000497798000019/0000004977-98-000019-index.htm",
    "finalLink": "https://www.sec.gov/Archives/edgar/data/4977/0000004977-98-000019.txt"
  },
  {
    "date": "1998-06-30",
    "symbol": "AFL",
    "reportedCurrency": "USD",
    "cik": "0000004977",
    "fillingDate": "1998-08-12",
    "acceptedDate": "1998-08-12 00:00:00",
    "calendarYear": "1998",
    "period": "Q2",
    "revenue": 1704000000,
    "costOfRevenue": 0,
    "grossProfit": 1704000000,
    "grossProfitRatio": 1,
    "researchAndDevelopmentExpenses": 0,
    "generalAndAdministrativeExpenses": 0,
    "sellingAndMarketingExpenses": 0,
    "sellingGeneralAndAdministrativeExpenses": 0,
    "otherExpenses": 1704000000,
    "operatingExpenses": 1704000000,
    "costAndExpenses": 1704000000,
    "interestIncome": 0,
    "interestExpense": 3000000,
    "depreciationAndAmortization": 0,
    "ebitda": 0,
    "ebitdaratio": 0,
    "operatingIncome": 0,
    "operatingIncomeRatio": 0,
    "totalOtherIncomeExpensesNet": 0,
    "incomeBeforeTax": 0,
    "incomeBeforeTaxRatio": 0,
    "incomeTaxExpense": 57000000,
    "netIncome": 103000000,
    "netIncomeRatio": 0.0604460094,
    "eps": 0.095,
    "epsdiluted": 0.095,
    "weightedAverageShsOut": 1084210526,
    "weightedAverageShsOutDil": 1084210526,
    "link": "https://www.sec.gov/Archives/edgar/data/4977/000000497798000015/0000004977-98-000015-index.htm",
    "finalLink": "https://www.sec.gov/Archives/edgar/data/4977/0000004977-98-000015.txt"
  },
  {
    "date": "1998-03-31",
    "symbol": "AFL",
    "reportedCurrency": "USD",
    "cik": "0000004977",
    "fillingDate": "1998-05-12",
    "acceptedDate": "1998-05-12 00:00:00",
    "calendarYear": "1998",
    "period": "Q1",
    "revenue": 1757000000,
    "costOfRevenue": 0,
    "grossProfit": 1757000000,
    "grossProfitRatio": 1,
    "researchAndDevelopmentExpenses": 0,
    "generalAndAdministrativeExpenses": 0,
    "sellingAndMarketingExpenses": 0,
    "sellingGeneralAndAdministrativeExpenses": 0,
    "otherExpenses": 1757000000,
    "operatingExpenses": 1757000000,
    "costAndExpenses": 1757000000,
    "interestIncome": 0,
    "interestExpense": 3000000,
    "depreciationAndAmortization": 0,
    "ebitda": 0,
    "ebitdaratio": 0,
    "operatingIncome": 0,
    "operatingIncomeRatio": 0,
    "totalOtherIncomeExpensesNet": 0,
    "incomeBeforeTax": 0,
    "incomeBeforeTaxRatio": 0,
    "incomeTaxExpense": -107000000,
    "netIncome": 160000000,
    "netIncomeRatio": 0.0910643142,
    "eps": 0.15,
    "epsdiluted": 0.14,
    "weightedAverageShsOut": 1066666667,
    "weightedAverageShsOutDil": 1103448276,
    "link": "https://www.sec.gov/Archives/edgar/data/4977/000000497798000009/0000004977-98-000009-index.htm",
    "finalLink": "https://www.sec.gov/Archives/edgar/data/4977/0000004977-98-000009.txt"
  },
  {
    "date": "1997-12-31",
    "symbol": "AFL",
    "reportedCurrency": "USD",
    "cik": "0000004977",
    "fillingDate": "1998-03-26",
    "acceptedDate": "1998-03-26 00:00:00",
    "calendarYear": "1997",
    "period": "Q4",
    "revenue": 1744802000,
    "costOfRevenue": 0,
    "grossProfit": 1744802000,
    "grossProfitRatio": 1,
    "researchAndDevelopmentExpenses": 0,
    "generalAndAdministrativeExpenses": 0,
    "sellingAndMarketingExpenses": 0,
    "sellingGeneralAndAdministrativeExpenses": 0,
    "otherExpenses": 879982000,
    "operatingExpenses": 879982000,
    "costAndExpenses": 879982000,
    "interestIncome": 0,
    "interestExpense": 3209000,
    "depreciationAndAmortization": 0,
    "ebitda": 864820000,
    "ebitdaratio": 0.4956550944,
    "operatingIncome": 864820000,
    "operatingIncomeRatio": 0.4956550944,
    "totalOtherIncomeExpensesNet": 0,
    "incomeBeforeTax": 864820000,
    "incomeBeforeTaxRatio": 0.4956550944,
    "incomeTaxExpense": 48897000,
    "netIncome": 96023000,
    "netIncomeRatio": 0.0550337517,
    "eps": 0.76,
    "epsdiluted": 0.74,
    "weightedAverageShsOut": 1067324000,
    "weightedAverageShsOutDil": 1105176000,
    "link": "https://www.sec.gov/Archives/edgar/data/4977/000000497798000006/0000004977-98-000006-index.htm",
    "finalLink": "https://www.sec.gov/Archives/edgar/data/4977/0000004977-98-000006.txt"
  },
  {
    "date": "1997-09-30",
    "symbol": "AFL",
    "reportedCurrency": "USD",
    "cik": "0000004977",
    "fillingDate": "1997-11-03",
    "acceptedDate": "1997-11-03 00:00:00",
    "calendarYear": "1997",
    "period": "Q3",
    "revenue": 1789600000,
    "costOfRevenue": 0,
    "grossProfit": 1789600000,
    "grossProfitRatio": 1,
    "researchAndDevelopmentExpenses": 0,
    "generalAndAdministrativeExpenses": 0,
    "sellingAndMarketingExpenses": 0,
    "sellingGeneralAndAdministrativeExpenses": 0,
    "otherExpenses": 1789600000,
    "operatingExpenses": 1789600000,
    "costAndExpenses": 1789600000,
    "interestIncome": 0,
    "interestExpense": 3100000,
    "depreciationAndAmortization": 0,
    "ebitda": 0,
    "ebitdaratio": 0,
    "operatingIncome": 0,
    "operatingIncomeRatio": 0,
    "totalOtherIncomeExpensesNet": 0,
    "incomeBeforeTax": 0,
    "incomeBeforeTaxRatio": 0,
    "incomeTaxExpense": 59700000,
    "netIncome": 96100000,
    "netIncomeRatio": 0.0536991506,
    "eps": 0.09,
    "epsdiluted": 0.085,
    "weightedAverageShsOut": 1130088000,
    "weightedAverageShsOutDil": 1130088000,
    "link": "https://www.sec.gov/Archives/edgar/data/4977/000000497797000020/0000004977-97-000020-index.htm",
    "finalLink": "https://www.sec.gov/Archives/edgar/data/4977/0000004977-97-000020.txt"
  },
  {
    "date": "1997-06-30",
    "symbol": "AFL",
    "reportedCurrency": "USD",
    "cik": "0000004977",
    "fillingDate": "1997-08-08",
    "acceptedDate": "1997-08-08 00:00:00",
    "calendarYear": "1997",
    "period": "Q2",
    "revenue": 2008700000,
    "costOfRevenue": 0,
    "grossProfit": 2008700000,
    "grossProfitRatio": 1,
    "researchAndDevelopmentExpenses": 0,
    "generalAndAdministrativeExpenses": 0,
    "sellingAndMarketingExpenses": 0,
    "sellingGeneralAndAdministrativeExpenses": 0,
    "otherExpenses": 2008700000,
    "operatingExpenses": 2008700000,
    "costAndExpenses": 2008700000,
    "interestIncome": 0,
    "interestExpense": 4100000,
    "depreciationAndAmortization": 0,
    "ebitda": 0,
    "ebitdaratio": 0,
    "operatingIncome": 0,
    "operatingIncomeRatio": 0,
    "totalOtherIncomeExpensesNet": 0,
    "incomeBeforeTax": 0,
    "incomeBeforeTaxRatio": 0,
    "incomeTaxExpense": 112200000,
    "netIncome": 302800000,
    "netIncomeRatio": 0.1507442625,
    "eps": 0.28,
    "epsdiluted": 0.27,
    "weightedAverageShsOut": 1131912000,
    "weightedAverageShsOutDil": 1131912000,
    "link": "https://www.sec.gov/Archives/edgar/data/4977/000000497797000017/0000004977-97-000017-index.htm",
    "finalLink": "https://www.sec.gov/Archives/edgar/data/4977/0000004977-97-000017.txt"
  },
  {
    "date": "1997-03-31",
    "symbol": "AFL",
    "reportedCurrency": "USD",
    "cik": "0000004977",
    "fillingDate": "1997-05-12",
    "acceptedDate": "1997-05-12 00:00:00",
    "calendarYear": "1997",
    "period": "Q1",
    "revenue": 1707500000,
    "costOfRevenue": 0,
    "grossProfit": 1707500000,
    "grossProfitRatio": 1,
    "researchAndDevelopmentExpenses": 0,
    "generalAndAdministrativeExpenses": 0,
    "sellingAndMarketingExpenses": 0,
    "sellingGeneralAndAdministrativeExpenses": 0,
    "otherExpenses": 1707500000,
    "operatingExpenses": 1707500000,
    "costAndExpenses": 1707500000,
    "interestIncome": 0,
    "interestExpense": 3300000,
    "depreciationAndAmortization": 0,
    "ebitda": 0,
    "ebitdaratio": 0,
    "operatingIncome": 0,
    "operatingIncomeRatio": 0,
    "totalOtherIncomeExpensesNet": 0,
    "incomeBeforeTax": 0,
    "incomeBeforeTaxRatio": 0,
    "incomeTaxExpense": 59000000,
    "netIncome": 90200000,
    "netIncomeRatio": 0.0528257687,
    "eps": 0.085,
    "epsdiluted": 0.08,
    "weightedAverageShsOut": 1061176471,
    "weightedAverageShsOutDil": 1127500000,
    "link": "https://www.sec.gov/Archives/edgar/data/4977/000000497797000011/0000004977-97-000011-index.htm",
    "finalLink": "https://www.sec.gov/Archives/edgar/data/4977/0000004977-97-000011.txt"
  },
  {
    "date": "1996-12-31",
    "symbol": "AFL",
    "reportedCurrency": "USD",
    "cik": "0000004977",
    "fillingDate": "1997-03-26",
    "acceptedDate": "1997-03-26 00:00:00",
    "calendarYear": "1996",
    "period": "Q4",
    "revenue": 1853003000,
    "costOfRevenue": 0,
    "grossProfit": 1853003000,
    "grossProfitRatio": 1,
    "researchAndDevelopmentExpenses": 0,
    "generalAndAdministrativeExpenses": 0,
    "sellingAndMarketingExpenses": 0,
    "sellingGeneralAndAdministrativeExpenses": 0,
    "otherExpenses": 1203002000,
    "operatingExpenses": 1203002000,
    "costAndExpenses": 1203002000,
    "interestIncome": 0,
    "interestExpense": 3486000,
    "depreciationAndAmortization": 0,
    "ebitda": 650001000,
    "ebitdaratio": 0.3507824866,
    "operatingIncome": 650001000,
    "operatingIncomeRatio": 0.3507824866,
    "totalOtherIncomeExpensesNet": 0,
    "incomeBeforeTax": 650001000,
    "incomeBeforeTaxRatio": 0.3507824866,
    "incomeTaxExpense": 71838000,
    "netIncome": 133763000,
    "netIncomeRatio": 0.072187147,
    "eps": 0.51,
    "epsdiluted": 0.51,
    "weightedAverageShsOut": 1134912000,
    "weightedAverageShsOutDil": 1134912000,
    "link": "https://www.sec.gov/Archives/edgar/data/4977/000000497797000009/0000004977-97-000009-index.htm",
    "finalLink": "https://www.sec.gov/Archives/edgar/data/4977/0000004977-97-000009.txt"
  },
  {
    "date": "1996-09-30",
    "symbol": "AFL",
    "reportedCurrency": "USD",
    "cik": "0000004977",
    "fillingDate": "1996-11-08",
    "acceptedDate": "1996-11-08 00:00:00",
    "calendarYear": "1996",
    "period": "Q3",
    "revenue": 1775600000,
    "costOfRevenue": 0,
    "grossProfit": 1775600000,
    "grossProfitRatio": 1,
    "researchAndDevelopmentExpenses": 0,
    "generalAndAdministrativeExpenses": 0,
    "sellingAndMarketingExpenses": 0,
    "sellingGeneralAndAdministrativeExpenses": 0,
    "otherExpenses": 1775600000,
    "operatingExpenses": 1775600000,
    "costAndExpenses": 1775600000,
    "interestIncome": 0,
    "interestExpense": 3600000,
    "depreciationAndAmortization": 0,
    "ebitda": 0,
    "ebitdaratio": 0,
    "operatingIncome": 0,
    "operatingIncomeRatio": 0,
    "totalOtherIncomeExpensesNet": 0,
    "incomeBeforeTax": 0,
    "incomeBeforeTaxRatio": 0,
    "incomeTaxExpense": 64600000,
    "netIncome": 88300000,
    "netIncomeRatio": 0.0497296688,
    "eps": 0.08,
    "epsdiluted": 0.08,
    "weightedAverageShsOut": 1147864000,
    "weightedAverageShsOutDil": 1147864000,
    "link": "https://www.sec.gov/Archives/edgar/data/4977/000000497796000020/0000004977-96-000020-index.htm",
    "finalLink": "https://www.sec.gov/Archives/edgar/data/4977/0000004977-96-000020.txt"
  },
  {
    "date": "1996-06-30",
    "symbol": "AFL",
    "reportedCurrency": "USD",
    "cik": "0000004977",
    "fillingDate": "1996-08-06",
    "acceptedDate": "1996-08-06 00:00:00",
    "calendarYear": "1996",
    "period": "Q2",
    "revenue": 1741700000,
    "costOfRevenue": 0,
    "grossProfit": 1741700000,
    "grossProfitRatio": 1,
    "researchAndDevelopmentExpenses": 0,
    "generalAndAdministrativeExpenses": 0,
    "sellingAndMarketingExpenses": 0,
    "sellingGeneralAndAdministrativeExpenses": 0,
    "otherExpenses": 1741700000,
    "operatingExpenses": 1741700000,
    "costAndExpenses": 1741700000,
    "interestIncome": 0,
    "interestExpense": 4000000,
    "depreciationAndAmortization": 0,
    "ebitda": 0,
    "ebitdaratio": 0,
    "operatingIncome": 0,
    "operatingIncomeRatio": 0,
    "totalOtherIncomeExpensesNet": 0,
    "incomeBeforeTax": 0,
    "incomeBeforeTaxRatio": 0,
    "incomeTaxExpense": 58500000,
    "netIncome": 85700000,
    "netIncomeRatio": 0.0492047999,
    "eps": 0.08,
    "epsdiluted": 0.075,
    "weightedAverageShsOut": 1159032000,
    "weightedAverageShsOutDil": 1159032000,
    "link": "https://www.sec.gov/Archives/edgar/data/4977/000000497796000012/0000004977-96-000012-index.htm",
    "finalLink": "https://www.sec.gov/Archives/edgar/data/4977/0000004977-96-000012.txt"
  },
  {
    "date": "1996-03-31",
    "symbol": "AFL",
    "reportedCurrency": "USD",
    "cik": "0000004977",
    "fillingDate": "1996-05-10",
    "acceptedDate": "1996-05-10 00:00:00",
    "calendarYear": "1996",
    "period": "Q1",
    "revenue": 1730000000,
    "costOfRevenue": 0,
    "grossProfit": 1730000000,
    "grossProfitRatio": 1,
    "researchAndDevelopmentExpenses": 0,
    "generalAndAdministrativeExpenses": 0,
    "sellingAndMarketingExpenses": 0,
    "sellingGeneralAndAdministrativeExpenses": 0,
    "otherExpenses": 1730000000,
    "operatingExpenses": 1730000000,
    "costAndExpenses": 1730000000,
    "interestIncome": 0,
    "interestExpense": 5000000,
    "depreciationAndAmortization": 0,
    "ebitda": 0,
    "ebitdaratio": 0,
    "operatingIncome": 0,
    "operatingIncomeRatio": 0,
    "totalOtherIncomeExpensesNet": 0,
    "incomeBeforeTax": 0,
    "incomeBeforeTaxRatio": 0,
    "incomeTaxExpense": 61000000,
    "netIncome": 86100000,
    "netIncomeRatio": 0.0497687861,
    "eps": 0.08,
    "epsdiluted": 0.075,
    "weightedAverageShsOut": 1170928000,
    "weightedAverageShsOutDil": 1170928000,
    "link": "https://www.sec.gov/Archives/edgar/data/4977/000000497796000008/0000004977-96-000008-index.htm",
    "finalLink": "https://www.sec.gov/Archives/edgar/data/4977/0000004977-96-000008.txt"
  },
  {
    "date": "1995-12-31",
    "symbol": "AFL",
    "reportedCurrency": "USD",
    "cik": "0000004977",
    "fillingDate": "1996-03-26",
    "acceptedDate": "1996-03-26 00:00:00",
    "calendarYear": "1995",
    "period": "Q4",
    "revenue": 1732420000,
    "costOfRevenue": 0,
    "grossProfit": 1732420000,
    "grossProfitRatio": 1,
    "researchAndDevelopmentExpenses": 0,
    "generalAndAdministrativeExpenses": 0,
    "sellingAndMarketingExpenses": 0,
    "sellingGeneralAndAdministrativeExpenses": 0,
    "otherExpenses": 1131425000,
    "operatingExpenses": 1131425000,
    "costAndExpenses": 1131425000,
    "interestIncome": 0,
    "interestExpense": 3511000,
    "depreciationAndAmortization": 0,
    "ebitda": 600995000,
    "ebitdaratio": 0.3469106799,
    "operatingIncome": 600995000,
    "operatingIncomeRatio": 0.3469106799,
    "totalOtherIncomeExpensesNet": 0,
    "incomeBeforeTax": 600995000,
    "incomeBeforeTaxRatio": 0.3469106799,
    "incomeTaxExpense": 60138000,
    "netIncome": 83357000,
    "netIncomeRatio": 0.0481159303,
    "eps": 0.46,
    "epsdiluted": 0.46,
    "weightedAverageShsOut": 1170928000,
    "weightedAverageShsOutDil": 1170928000,
    "link": "https://www.sec.gov/Archives/edgar/data/4977/000000497796000006/0000004977-96-000006-index.htm",
    "finalLink": "https://www.sec.gov/Archives/edgar/data/4977/0000004977-96-000006.txt"
  },
  {
    "date": "1995-09-30",
    "symbol": "AFL",
    "reportedCurrency": "USD",
    "cik": "0000004977",
    "fillingDate": "1995-11-09",
    "acceptedDate": "1995-11-09 00:00:00",
    "calendarYear": "1995",
    "period": "Q3",
    "revenue": 1811700000,
    "costOfRevenue": 0,
    "grossProfit": 1811700000,
    "grossProfitRatio": 1,
    "researchAndDevelopmentExpenses": 0,
    "generalAndAdministrativeExpenses": 0,
    "sellingAndMarketingExpenses": 0,
    "sellingGeneralAndAdministrativeExpenses": 0,
    "otherExpenses": 1811700000,
    "operatingExpenses": 1811700000,
    "costAndExpenses": 1811700000,
    "interestIncome": 0,
    "interestExpense": 4100000,
    "depreciationAndAmortization": 0,
    "ebitda": 0,
    "ebitdaratio": 0,
    "operatingIncome": 0,
    "operatingIncomeRatio": 0,
    "totalOtherIncomeExpensesNet": 0,
    "incomeBeforeTax": 0,
    "incomeBeforeTaxRatio": 0,
    "incomeTaxExpense": 63800000,
    "netIncome": 88000000,
    "netIncomeRatio": 0.0485731633,
    "eps": 0.075,
    "epsdiluted": 0.075,
    "weightedAverageShsOut": 1180642000,
    "weightedAverageShsOutDil": 1180642000,
    "link": "https://www.sec.gov/Archives/edgar/data/4977/000000497795000023/0000004977-95-000023-index.htm",
    "finalLink": "https://www.sec.gov/Archives/edgar/data/4977/0000004977-95-000023.txt"
  }
]