[
  {
    "date": "2024-12-31",
    "symbol": "AFL",
    "reportedCurrency": "USD",
    "cik": "0000004977",
    "fillingDate": "2025-02-26",
    "acceptedDate": "2025-02-26 12:26:15",
    "calendarYear": "2024",
    "period": "FY",
    "revenue": 19128000000,
    "costOfRevenue": 11315000000,
    "grossProfit": 7813000000,
    "grossProfitRatio": 0.4084588038,
    "researchAndDevelopmentExpenses": 0,
    "generalAndAdministrativeExpenses": 0,
    "sellingAndMarketingExpenses": 0,
    "sellingGeneralAndAdministrativeExpenses": 0,
    "otherExpenses": 1396000000,
    "operatingExpenses": 1396000000,
    "costAndExpenses": 12711000000,
    "interestIncome": 0,
    "interestExpense": 197000000,
    "depreciationAndAmortization": 0,
    "ebitda": 6417000000,
    "ebitdaratio": 0.335476788,
    "operatingIncome": 6417000000,
    "operatingIncomeRatio": 0.335476788,
    "totalOtherIncomeExpensesNet": 0,
    "incomeBeforeTax": 6417000000,
    "incomeBeforeTaxRatio": 0.335476788,
    "incomeTaxExpense": 974000000,
    "netIncome": 5443000000,
    "netIncomeRatio": 0.2845566708,
    "eps": 9.68,
    "epsdiluted": 9.63,
    "weightedAverageShsOut": 557899000,
    "weightedAverageShsOutDil": 565015000,
    "link": "https://www.sec.gov/Archives/edgar/data/4977/000000497725000047/0000004977-25-000047-index.htm",
    "finalLink": "https://www.sec.gov/Archives/edgar/data/4977/000000497725000047/afl-20241231.htm"
  },
  {
    "date": "2023-12-31",
    "symbol": "AFL",
    "reportedCurrency": "USD",
    "cik": "0000004977",
    "fillingDate": "2024-02-22",
    "acceptedDate": "2024-02-22 14:34:09",
    "calendarYear": "2023",
    "period": "FY",
    "revenue": 18841000000,
    "costOfRevenue": 0,
    "grossProfit": 18841000000,
    "grossProfitRatio": 1,
    "researchAndDevelopmentExpenses": 0,
    "generalAndAdministrativeExpenses": 0,
    "sellingAndMarketingExpenses": 0,
    "sellingGeneralAndAdministrativeExpenses": 0,
    "otherExpenses": 13579000000,
    "operatingExpenses": 13579000000,
    "costAndExpenses": 13579000000,
    "interestIncome": 0,
    "interestExpense": 195000000,
    "depreciationAndAmortization": 0,
    "ebitda": 5262000000,
    "ebitdaratio": 0.279284539,
    "operatingIncome": 5262000000,
    "operatingIncomeRatio": 0.279284539,
    "totalOtherIncomeExpensesNet": 0,
    "incomeBeforeTax": 5262000000,
    "incomeBeforeTaxRatio": 0.279284539,
    "incomeTaxExpense": 603000000,
    "netIncome": 4659000000,
    "netIncomeRatio": 0.2472798684,
    "eps": 7.81,
    "epsdiluted": 7.78,
    "weightedAverageShsOut": 596173000,
    "weightedAverageShsOutDil": 598745000,
    "link": "https://www.sec.gov/Archives/edgar/data/4977/000000497724000053/0000004977-24-000053-index.htm",
    "finalLink": "https://www.sec.gov/Archives/edgar/data/4977/000000497724000053/afl-20231231.htm"
  },
  {
    "date": "2022-12-31",
    "symbol": "AFL",
    "reportedCurrency": "USD",
    "cik": "0000004977",
    "fillingDate": "2023-02-24",
    "acceptedDate": "2023-02-23 20:48:23",
    "calendarYear": "2022",
    "period": "FY",
    "revenue": 19151000000,
    "costOfRevenue": 0,
    "grossProfit": 19151000000,
    "grossProfitRatio": 1,
    "researchAndDevelopmentExpenses": 0,
    "generalAndAdministrativeExpenses": 0,
    "sellingAndMarketingExpenses": 0,
    "sellingGeneralAndAdministrativeExpenses": 0,
    "otherExpenses": 14282000000,
    "operatingExpenses": 14282000000,
    "costAndExpenses": 14282000000,
    "interestIncome": 0,
    "interestExpense": 226000000,
    "depreciationAndAmortization": 0,
    "ebitda": 4869000000,
    "ebitdaratio": 0.2542425983,
    "operatingIncome": 4869000000,
    "operatingIncomeRatio": 0.2542425983,
    "totalOtherIncomeExpensesNet": 0,
    "incomeBeforeTax": 4869000000,
    "incomeBeforeTaxRatio": 0.2542425983,
    "incomeTaxExpense": 451000000,
    "netIncome": 4418000000,
    "netIncomeRatio": 0.2306929142,
    "eps": 6.96,
    "epsdiluted": 6.93,
    "weightedAverageShsOut": 634816000,
    "weightedAverageShsOutDil": 637655000,
    "link": "https://www.sec.gov/Archives/edgar/data/4977/000000497723000055/0000004977-23-000055-index.htm",
    "finalLink": "https://www.sec.gov/Archives/edgar/data/4977/000000497723000055/afl-20221231.htm"
  },
  {
    "date": "2021-12-31",
    "symbol": "AFL",
    "reportedCurrency": "USD",
    "cik": "0000004977",
    "fillingDate": "2022-02-23",
    "acceptedDate": "2022-02-23 17:18:23",
    "calendarYear": "2021",
    "period": "FY",
    "revenue": 21546000000,
    "costOfRevenue": 0,
    "grossProfit": 21546000000,
    "grossProfitRatio": 1,
    "researchAndDevelopmentExpenses": 0,
    "generalAndAdministrativeExpenses": 0,
    "sellingAndMarketingExpenses": 0,
    "sellingGeneralAndAdministrativeExpenses": 0,
    "otherExpenses": 16338000000,
    "operatingExpenses": 16338000000,
    "costAndExpenses": 16338000000,
    "interestIncome": 0,
    "interestExpense": 238000000,
    "depreciationAndAmortization": 0,
    "ebitda": 5208000000,
    "ebitdaratio": 0.2417153996,
    "operatingIncome": 5208000000,
    "operatingIncomeRatio": 0.2417153996,
    "totalOtherIncomeExpensesNet": 0,
    "incomeBeforeTax": 5208000000,
    "incomeBeforeTaxRatio": 0.2417153996,
    "incomeTaxExpense": 977000000,
    "netIncome": 4231000000,
    "netIncomeRatio": 0.196370556,
    "eps": 6.42,
    "epsdiluted": 6.39,
    "weightedAverageShsOut": 673617000,
    "weightedAverageShsOutDil": 676729000,
    "link": "https://www.sec.gov/Archives/edgar/data/4977/000000497722000058/0000004977-22-000058-index.htm",
    "finalLink": "https://www.sec.gov/Archives/edgar/data/4977/000000497722000058/afl-20211231.htm"
  },
  {
    "date": "2020-12-31",
    "symbol": "AFL",
    "reportedCurrency": "USD",
    "cik": "0000004977",
    "fillingDate": "2021-02-23",
    "acceptedDate": "2021-02-23 17:12:59",
    "calendarYear": "2020",
    "period": "FY",
    "revenue": 22261000000,
    "costOfRevenue": 0,
    "grossProfit": 22261000000,
    "grossProfitRatio": 1,
    "researchAndDevelopmentExpenses": 0,
    "generalAndAdministrativeExpenses": 0,
    "sellingAndMarketingExpenses": 0,
    "sellingGeneralAndAdministrativeExpenses": 0,
    "otherExpenses": 18102000000,
    "operatingExpenses": 18102000000,
    "costAndExpenses": 18102000000,
    "interestIncome": 0,
    "interestExpense": 242000000,
    "depreciationAndAmortization": 0,
    "ebitda": 4159000000,
    "ebitdaratio": 0.1868289834,
    "operatingIncome": 4159000000,
    "operatingIncomeRatio": 0.1868289834,
    "totalOtherIncomeExpensesNet": 0,
    "incomeBeforeTax": 4159000000,
    "incomeBeforeTaxRatio": 0.1868289834,
    "incomeTaxExpense": -619000000,
    "netIncome": 4778000000,
    "netIncomeRatio": 0.2146354611,
    "eps": 6.69,
    "epsdiluted": 6.67,
    "weightedAverageShsOut": 713702000,
    "weightedAverageShsOutDil": 716192000,
    "link": "https://www.sec.gov/Archives/edgar/data/4977/000000497721000047/0000004977-21-000047-index.htm",
    "finalLink": "https://www.sec.gov/Archives/edgar/data/4977/000000497721000047/afl-20201231.htm"
  },
  {
    "date": "2019-12-31",
    "symbol": "AFL",
    "reportedCurrency": "USD",
    "cik": "0000004977",
    "fillingDate": "2020-02-21",
    "acceptedDate": "2020-02-21 16:32:04",
    "calendarYear": "2019",
    "period": "FY",
    "revenue": 22241000000,
    "costOfRevenue": 0,
    "grossProfit": 22241000000,
    "grossProfitRatio": 1,
    "researchAndDevelopmentExpenses": 0,
    "generalAndAdministrativeExpenses": 0,
    "sellingAndMarketingExpenses": 0,
    "sellingGeneralAndAdministrativeExpenses": 0,
    "otherExpenses": 17796000000,
    "operatingExpenses": 17796000000,
    "costAndExpenses": 17796000000,
    "interestIncome": 0,
    "interestExpense": 228000000,
    "depreciationAndAmortization": 0,
    "ebitda": 4445000000,
    "ebitdaratio": 0.1998561216,
    "operatingIncome": 4445000000,
    "operatingIncomeRatio": 0.1998561216,
    "totalOtherIncomeExpensesNet": 0,
    "incomeBeforeTax": 4445000000,
    "incomeBeforeTaxRatio": 0.1998561216,
    "incomeTaxExpense": 1141000000,
    "netIncome": 3304000000,
    "netIncomeRatio": 0.1485544715,
    "eps": 4.45,
    "epsdiluted": 4.43,
    "weightedAverageShsOut": 742414000,
    "weightedAverageShsOutDil": 746430000,
    "link": "https://www.sec.gov/Archives/edgar/data/4977/000000497720000044/0000004977-20-000044-index.htm",
    "finalLink": "https://www.sec.gov/Archives/edgar/data/4977/000000497720000044/afl12311910k.htm"
  },
  {
    "date": "2018-12-31",
    "symbol": "AFL",
    "reportedCurrency": "USD",
    "cik": "0000004977",
    "fillingDate": "2019-02-25",
    "acceptedDate": "2019-02-25 17:04:08",
    "calendarYear": "2018",
    "period": "FY",
    "revenue": 21708000000,
    "costOfRevenue": 0,
    "grossProfit": 21708000000,
    "grossProfitRatio": 1,
    "researchAndDevelopmentExpenses": 0,
    "generalAndAdministrativeExpenses": 0,
    "sellingAndMarketingExpenses": 0,
    "sellingGeneralAndAdministrativeExpenses": 0,
    "otherExpenses": 17725000000,
    "operatingExpenses": 17725000000,
    "costAndExpenses": 17725000000,
    "interestIncome": 0,
    "interestExpense": 222000000,
    "depreciationAndAmortization": 0,
    "ebitda": 3983000000,
    "ebitdaratio": 0.1834807444,
    "operatingIncome": 3983000000,
    "operatingIncomeRatio": 0.1834807444,
    "totalOtherIncomeExpensesNet": 0,
    "incomeBeforeTax": 3983000000,
    "incomeBeforeTaxRatio": 0.1834807444,
    "incomeTaxExpense": 1063000000,
    "netIncome": 2920000000,
    "netIncomeRatio": 0.1345126221,
    "eps": 3.79,
    "epsdiluted": 3.77,
    "weightedAverageShsOut": 769588000,
    "weightedAverageShsOutDil": 774650000,
    "link": "https://www.sec.gov/Archives/edgar/data/4977/000000497719000049/0000004977-19-000049-index.htm",
    "finalLink": "https://www.sec.gov/Archives/edgar/data/4977/000000497719000049/afl12311810k.htm"
  },
  {
    "date": "2017-12-31",
    "symbol": "AFL",
    "reportedCurrency": "USD",
    "cik": "0000004977",
    "fillingDate": "2018-02-23",
    "acceptedDate": "2018-02-22 21:55:11",
    "calendarYear": "2017",
    "period": "FY",
    "revenue": 21600000000,
    "costOfRevenue": 0,
    "grossProfit": 21600000000,
    "grossProfitRatio": 1,
    "researchAndDevelopmentExpenses": 0,
    "generalAndAdministrativeExpenses": 0,
    "sellingAndMarketingExpenses": 0,
    "sellingGeneralAndAdministrativeExpenses": 0,
    "otherExpenses": 17582000000,
    "operatingExpenses": 17582000000,
    "costAndExpenses": 17582000000,
    "interestIncome": 0,
    "interestExpense": 240000000,
    "depreciationAndAmortization": 0,
    "ebitda": 4018000000,
    "ebitdaratio": 0.1860185185,
    "operatingIncome": 4018000000,
    "operatingIncomeRatio": 0.1860185185,
    "totalOtherIncomeExpensesNet": 0,
    "incomeBeforeTax": 4018000000,
    "incomeBeforeTaxRatio": 0.1860185185,
    "incomeTaxExpense": -586000000,
    "netIncome": 4604000000,
    "netIncomeRatio": 0.2131481481,
    "eps": 5.52,
    "epsdiluted": 5.48,
    "weightedAverageShsOut": 792042000,
    "weightedAverageShsOutDil": 797860000,
    "link": "https://www.sec.gov/Archives/edgar/data/4977/000000497718000054/0000004977-18-000054-index.htm",
    "finalLink": "https://www.sec.gov/Archives/edgar/data/4977/000000497718000054/afl12311710k.htm"
  },
  {
    "date": "2016-12-31",
    "symbol": "AFL",
    "reportedCurrency": "USD",
    "cik": "0000004977",
    "fillingDate": "2017-02-24",
    "acceptedDate": "2017-02-24 13:23:26",
    "calendarYear": "2016",
    "period": "FY",
    "revenue": 22489000000,
    "costOfRevenue": 0,
    "grossProfit": 22489000000,
    "grossProfitRatio": 1,
    "researchAndDevelopmentExpenses": 0,
    "generalAndAdministrativeExpenses": 0,
    "sellingAndMarketingExpenses": 0,
    "sellingGeneralAndAdministrativeExpenses": 0,
    "otherExpenses": 18422000000,
    "operatingExpenses": 18422000000,
    "costAndExpenses": 18422000000,
    "interestIncome": 0,
    "interestExpense": 268000000,
    "depreciationAndAmortization": 0,
    "ebitda": 4067000000,
    "ebitdaratio": 0.1808439682,
    "operatingIncome": 4067000000,
    "operatingIncomeRatio": 0.1808439682,
    "totalOtherIncomeExpensesNet": 0,
    "incomeBeforeTax": 4067000000,
    "incomeBeforeTaxRatio": 0.1808439682,
    "incomeTaxExpense": 1408000000,
    "netIncome": 2659000000,
    "netIncomeRatio": 0.1182355818,
    "eps": 3.23,
    "epsdiluted": 3.21,
    "weightedAverageShsOut": 822942000,
    "weightedAverageShsOutDil": 827842000,
    "link": "https://www.sec.gov/Archives/edgar/data/4977/000000497717000064/0000004977-17-000064-index.htm",
    "finalLink": "https://www.sec.gov/Archives/edgar/data/4977/000000497717000064/afl12311610k.htm"
  },
  {
    "date": "2015-12-31",
    "symbol": "AFL",
    "reportedCurrency": "USD",
    "cik": "0000004977",
    "fillingDate": "2016-02-25",
    "acceptedDate": "2016-02-25 17:29:29",
    "calendarYear": "2015",
    "period": "FY",
    "revenue": 20811000000,
    "costOfRevenue": 0,
    "grossProfit": 20811000000,
    "grossProfitRatio": 1,
    "researchAndDevelopmentExpenses": 0,
    "generalAndAdministrativeExpenses": 0,
    "sellingAndMarketingExpenses": 0,
    "sellingGeneralAndAdministrativeExpenses": 0,
    "otherExpenses": 16949000000,
    "operatingExpenses": 16949000000,
    "costAndExpenses": 16949000000,
    "interestIncome": 0,
    "interestExpense": 289000000,
    "depreciationAndAmortization": 0,
    "ebitda": 3862000000,
    "ebitdaratio": 0.1855749363,
    "operatingIncome": 3862000000,
    "operatingIncomeRatio": 0.1855749363,
    "totalOtherIncomeExpensesNet": 0,
    "incomeBeforeTax": 3862000000,
    "incomeBeforeTaxRatio": 0.1855749363,
    "incomeTaxExpense": 1329000000,
    "netIncome": 2533000000,
    "netIncomeRatio": 0.1217144779,
    "eps": 2.94,
    "epsdiluted": 2.93,
    "weightedAverageShsOut": 861308000,
    "weightedAverageShsOutDil": 866344000,
    "link": "https://www.sec.gov/Archives/edgar/data/4977/000000497716000259/0000004977-16-000259-index.htm",
    "finalLink": "https://www.sec.gov/Archives/edgar/data/4977/000000497716000259/afl12311510k.htm"
  },
  {
    "date": "2014-12-31",
    "symbol": "AFL",
    "reportedCurrency": "USD",
    "cik": "0000004977",
    "fillingDate": "2015-02-26",
    "acceptedDate": "2015-02-26 17:22:44",
    "calendarYear": "2014",
    "period": "FY",
    "revenue": 22606000000,
    "costOfRevenue": 0,
    "grossProfit": 22606000000,
    "grossProfitRatio": 1,
    "researchAndDevelopmentExpenses": 0,
    "generalAndAdministrativeExpenses": 0,
    "sellingAndMarketingExpenses": 0,
    "sellingGeneralAndAdministrativeExpenses": 0,
    "otherExpenses": 18115000000,
    "operatingExpenses": 18115000000,
    "costAndExpenses": 18115000000,
    "interestIncome": 0,
    "interestExpense": 317000000,
    "depreciationAndAmortization": 0,
    "ebitda": 4491000000,
    "ebitdaratio": 0.1986640715,
    "operatingIncome": 4491000000,
    "operatingIncomeRatio": 0.1986640715,
    "totalOtherIncomeExpensesNet": 0,
    "incomeBeforeTax": 4491000000,
    "incomeBeforeTaxRatio": 0.1986640715,
    "incomeTaxExpense": 1540000000,
    "netIncome": 2951000000,
    "netIncomeRatio": 0.1305405645,
    "eps": 3.27,
    "epsdiluted": 3.25,
    "weightedAverageShsOut": 902408000,
    "weightedAverageShsOutDil": 908000000,
    "link": "https://www.sec.gov/Archives/edgar/data/4977/000000497715000071/0000004977-15-000071-index.htm",
    "finalLink": "https://www.sec.gov/Archives/edgar/data/4977/000000497715000071/afl12311410k.htm"
  },
  {
    "date": "2013-12-31",
    "symbol": "AFL",
    "reportedCurrency": "USD",
    "cik": "0000004977",
    "fillingDate": "2014-02-27",
    "acceptedDate": "2014-02-27 17:18:49",
    "calendarYear": "2013",
    "period": "FY",
    "revenue": 23827000000,
    "costOfRevenue": 0,
    "grossProfit": 23827000000,
    "grossProfitRatio": 1,
    "researchAndDevelopmentExpenses": 0,
    "generalAndAdministrativeExpenses": 0,
    "sellingAndMarketingExpenses": 0,
    "sellingGeneralAndAdministrativeExpenses": 0,
    "otherExpenses": 19011000000,
    "operatingExpenses": 19011000000,
    "costAndExpenses": 19011000000,
    "interestIncome": 0,
    "interestExpense": 293000000,
    "depreciationAndAmortization": 0,
    "ebitda": 4816000000,
    "ebitdaratio": 0.2021236412,
    "operatingIncome": 4816000000,
    "operatingIncomeRatio": 0.2021236412,
    "totalOtherIncomeExpensesNet": 0,
    "incomeBeforeTax": 4816000000,
    "incomeBeforeTaxRatio": 0.2021236412,
    "incomeTaxExpense": 1658000000,
    "netIncome": 3158000000,
    "netIncomeRatio": 0.1325387166,
    "eps": 3.4,
    "epsdiluted": 3.38,
    "weightedAverageShsOut": 929004000,
    "weightedAverageShsOutDil": 934816000,
    "link": "https://www.sec.gov/Archives/edgar/data/4977/000000497714000052/0000004977-14-000052-index.htm",
    "finalLink": "https://www.sec.gov/Archives/edgar/data/4977/000000497714000052/afl12311310k.htm"
  },
  {
    "date": "2012-12-31",
    "symbol": "AFL",
    "reportedCurrency": "USD",
    "cik": "0000004977",
    "fillingDate": "2013-02-27",
    "acceptedDate": "2013-02-26 17:57:39",
    "calendarYear": "2012",
    "period": "FY",
    "revenue": 25272000000,
    "costOfRevenue": 0,
    "grossProfit": 25272000000,
    "grossProfitRatio": 1,
    "researchAndDevelopmentExpenses": 0,
    "generalAndAdministrativeExpenses": 0,
    "sellingAndMarketingExpenses": 0,
    "sellingGeneralAndAdministrativeExpenses": 0,
    "otherExpenses": 20970000000,
    "operatingExpenses": 20970000000,
    "costAndExpenses": 20970000000,
    "interestIncome": 0,
    "interestExpense": 261000000,
    "depreciationAndAmortization": 0,
    "ebitda": 4302000000,
    "ebitdaratio": 0.1702279202,
    "operatingIncome": 4302000000,
    "operatingIncomeRatio": 0.1702279202,
    "totalOtherIncomeExpensesNet": 0,
    "incomeBeforeTax": 4302000000,
    "incomeBeforeTaxRatio": 0.1702279202,
    "incomeTaxExpense": 1436000000,
    "netIncome": 2866000000,
    "netIncomeRatio": 0.1134061412,
    "eps": 3.07,
    "epsdiluted": 3.06,
    "weightedAverageShsOut": 933736000,
    "weightedAverageShsOutDil": 938574000,
    "link": "https://www.sec.gov/Archives/edgar/data/4977/000000497713000030/0000004977-13-000030-index.htm",
    "finalLink": "https://www.sec.gov/Archives/edgar/data/4977/000000497713000030/afl12311210k.htm"
  },
  {
    "date": "2011-12-31",
    "symbol": "AFL",
    "reportedCurrency": "USD",
    "cik": "0000004977",
    "fillingDate": "2012-02-27",
    "acceptedDate": "2012-02-27 17:15:21",
    "calendarYear": "2011",
    "period": "FY",
    "revenue": 22090000000,
    "costOfRevenue": 0,
    "grossProfit": 22090000000,
    "grossProfitRatio": 1,
    "researchAndDevelopmentExpenses": 0,
    "generalAndAdministrativeExpenses": 2225000000,
    "sellingAndMarketingExpenses": 1725000000,
    "sellingGeneralAndAdministrativeExpenses": 3950000000,
    "otherExpenses": 15190000000,
    "operatingExpenses": 19140000000,
    "costAndExpenses": 19140000000,
    "interestIncome": 0,
    "interestExpense": 196000000,
    "depreciationAndAmortization": 0,
    "ebitda": 2950000000,
    "ebitdaratio": 0.1335445903,
    "operatingIncome": 2950000000,
    "operatingIncomeRatio": 0.1335445903,
    "totalOtherIncomeExpensesNet": 0,
    "incomeBeforeTax": 2950000000,
    "incomeBeforeTaxRatio": 0.1335445903,
    "incomeTaxExpense": 1013000000,
    "netIncome": 1937000000,
    "netIncomeRatio": 0.0876867361,
    "eps": 2.08,
    "epsdiluted": 2.06,
    "weightedAverageShsOut": 933038000,
    "weightedAverageShsOutDil": 938740000,
    "link": "https://www.sec.gov/Archives/edgar/data/4977/000119312512081967/0001193125-12-081967-index.htm",
    "finalLink": "https://www.sec.gov/Archives/edgar/data/4977/000119312512081967/d270225d10k.htm"
  },
  {
    "date": "2010-12-31",
    "symbol": "AFL",
    "reportedCurrency": "USD",
    "cik": "0000004977",
    "fillingDate": "2011-02-25",
    "acceptedDate": "2011-02-25 17:16:27",
    "calendarYear": "2010",
    "period": "FY",
    "revenue": 20658000000,
    "costOfRevenue": 0,
    "grossProfit": 20658000000,
    "grossProfitRatio": 1,
    "researchAndDevelopmentExpenses": 0,
    "generalAndAdministrativeExpenses": 2062000000,
    "sellingAndMarketingExpenses": 1637000000,
    "sellingGeneralAndAdministrativeExpenses": 3699000000,
    "otherExpenses": 13398000000,
    "operatingExpenses": 17097000000,
    "costAndExpenses": 17097000000,
    "interestIncome": 0,
    "interestExpense": 149000000,
    "depreciationAndAmortization": 0,
    "ebitda": 3561000000,
    "ebitdaratio": 0.1723787395,
    "operatingIncome": 3561000000,
    "operatingIncomeRatio": 0.1723787395,
    "totalOtherIncomeExpensesNet": 0,
    "incomeBeforeTax": 3561000000,
    "incomeBeforeTaxRatio": 0.1723787395,
    "incomeTaxExpense": 1233000000,
    "netIncome": 2328000000,
    "netIncomeRatio": 0.1126924194,
    "eps": 2.48,
    "epsdiluted": 2.46,
    "weightedAverageShsOut": 938076000,
    "weightedAverageShsOutDil": 946170000,
    "link": "https://www.sec.gov/Archives/edgar/data/4977/000119312511047639/0001193125-11-047639-index.htm",
    "finalLink": "https://www.sec.gov/Archives/edgar/data/4977/000119312511047639/d10k.htm"
  },
  {
    "date": "2009-12-31",
    "symbol": "AFL",
    "reportedCurrency": "USD",
    "cik": "0000004977",
    "fillingDate": "2010-02-26",
    "acceptedDate": "2010-02-26 17:24:33",
    "calendarYear": "2009",
    "period": "FY",
    "revenue": 18254000000,
    "costOfRevenue": 0,
    "grossProfit": 18254000000,
    "grossProfitRatio": 1,
    "researchAndDevelopmentExpenses": 0,
    "generalAndAdministrativeExpenses": 1977000000,
    "sellingAndMarketingExpenses": 1568000000,
    "sellingGeneralAndAdministrativeExpenses": 3545000000,
    "otherExpenses": 12474000000,
    "operatingExpenses": 16019000000,
    "costAndExpenses": 16019000000,
    "interestIncome": 0,
    "interestExpense": 72000000,
    "depreciationAndAmortization": 0,
    "ebitda": 2235000000,
    "ebitdaratio": 0.1224389175,
    "operatingIncome": 2235000000,
    "operatingIncomeRatio": 0.1224389175,
    "totalOtherIncomeExpensesNet": 0,
    "incomeBeforeTax": 2235000000,
    "incomeBeforeTaxRatio": 0.1224389175,
    "incomeTaxExpense": 738000000,
    "netIncome": 1497000000,
    "netIncomeRatio": 0.0820094226,
    "eps": 1.61,
    "epsdiluted": 1.6,
    "weightedAverageShsOut": 933104000,
    "weightedAverageShsOutDil": 938126000,
    "link": "https://www.sec.gov/Archives/edgar/data/4977/000119312510043173/0001193125-10-043173-index.htm",
    "finalLink": "https://www.sec.gov/Archives/edgar/data/4977/000119312510043173/d10k.htm"
  },
  {
    "date": "2008-12-31",
    "symbol": "AFL",
    "reportedCurrency": "USD",
    "cik": "0000004977",
    "fillingDate": "2009-02-20",
    "acceptedDate": "2009-02-20 06:26:14",
    "calendarYear": "2008",
    "period": "FY",
    "revenue": 16554000000,
    "costOfRevenue": 0,
    "grossProfit": 16554000000,
    "grossProfitRatio": 1,
    "researchAndDevelopmentExpenses": 0,
    "generalAndAdministrativeExpenses": 0,
    "sellingAndMarketingExpenses": 1460000000,
    "sellingGeneralAndAdministrativeExpenses": 1460000000,
    "otherExpenses": 13180000000,
    "operatingExpenses": 14640000000,
    "costAndExpenses": 14640000000,
    "interestIncome": 0,
    "interestExpense": 29000000,
    "depreciationAndAmortization": 74000000,
    "ebitda": 1988000000,
    "ebitdaratio": 0.1200918207,
    "operatingIncome": 1914000000,
    "operatingIncomeRatio": 0.115621602,
    "totalOtherIncomeExpensesNet": 0,
    "incomeBeforeTax": 1914000000,
    "incomeBeforeTaxRatio": 0.115621602,
    "incomeTaxExpense": 660000000,
    "netIncome": 1254000000,
    "netIncomeRatio": 0.0757520841,
    "eps": 1.33,
    "epsdiluted": 1.31,
    "weightedAverageShsOut": 946810000,
    "weightedAverageShsOutDil": 957630000,
    "link": "https://www.sec.gov/Archives/edgar/data/4977/000095014409001463/0000950144-09-001463-index.htm",
    "finalLink": "https://www.sec.gov/Archives/edgar/data/4977/000095014409001463/g17619e10vk.htm"
  },
  {
    "date": "2007-12-31",
    "symbol": "AFL",
    "reportedCurrency": "USD",
    "cik": "0000004977",
    "fillingDate": "2008-02-29",
    "acceptedDate": "2008-02-28 17:44:03",
    "calendarYear": "2007",
    "period": "FY",
    "revenue": 15393000000,
    "costOfRevenue": 0,
    "grossProfit": 15393000000,
    "grossProfitRatio": 1,
    "researchAndDevelopmentExpenses": 0,
    "generalAndAdministrativeExpenses": 0,
    "sellingAndMarketingExpenses": 1331000000,
    "sellingGeneralAndAdministrativeExpenses": 1331000000,
    "otherExpenses": 11563000000,
    "operatingExpenses": 12894000000,
    "costAndExpenses": 12894000000,
    "interestIncome": 0,
    "interestExpense": 27000000,
    "depreciationAndAmortization": 0,
    "ebitda": 2499000000,
    "ebitdaratio": 0.1623465211,
    "operatingIncome": 2499000000,
    "operatingIncomeRatio": 0.1623465211,
    "totalOtherIncomeExpensesNet": 0,
    "incomeBeforeTax": 2499000000,
    "incomeBeforeTaxRatio": 0.1623465211,
    "incomeTaxExpense": 865000000,
    "netIncome": 1634000000,
    "netIncomeRatio": 0.1061521471,
    "eps": 1.68,
    "epsdiluted": 1.66,
    "weightedAverageShsOut": 975738000,
    "weightedAverageShsOutDil": 987942000,
    "link": "https://www.sec.gov/Archives/edgar/data/4977/000095014408001495/0000950144-08-001495-index.htm",
    "finalLink": "https://www.sec.gov/Archives/edgar/data/4977/000095014408001495/g11443e10vk.htm"
  },
  {
    "date": "2006-12-31",
    "symbol": "AFL",
    "reportedCurrency": "USD",
    "cik": "0000004977",
    "fillingDate": "2007-02-28",
    "acceptedDate": "2007-02-28 17:09:18",
    "calendarYear": "2006",
    "period": "FY",
    "revenue": 14616000000,
    "costOfRevenue": 0,
    "grossProfit": 14616000000,
    "grossProfitRatio": 1,
    "researchAndDevelopmentExpenses": 0,
    "generalAndAdministrativeExpenses": 1337000000,
    "sellingAndMarketingExpenses": 1303000000,
    "sellingGeneralAndAdministrativeExpenses": 2640000000,
    "otherExpenses": 9712000000,
    "operatingExpenses": 12352000000,
    "costAndExpenses": 12352000000,
    "interestIncome": 0,
    "interestExpense": 19000000,
    "depreciationAndAmortization": 0,
    "ebitda": 2264000000,
    "ebitdaratio": 0.1548987411,
    "operatingIncome": 2264000000,
    "operatingIncomeRatio": 0.1548987411,
    "totalOtherIncomeExpensesNet": 0,
    "incomeBeforeTax": 2264000000,
    "incomeBeforeTaxRatio": 0.1548987411,
    "incomeTaxExpense": 781000000,
    "netIncome": 1483000000,
    "netIncomeRatio": 0.1014641489,
    "eps": 1.5,
    "epsdiluted": 1.48,
    "weightedAverageShsOut": 991228000,
    "weightedAverageShsOutDil": 1003654000,
    "link": "https://www.sec.gov/Archives/edgar/data/4977/000110465907015014/0001104659-07-015014-index.htm",
    "finalLink": "https://www.sec.gov/Archives/edgar/data/4977/000110465907015014/a07-4920_110k.htm"
  },
  {
    "date": "2005-12-31",
    "symbol": "AFL",
    "reportedCurrency": "USD",
    "cik": "0000004977",
    "fillingDate": "2006-02-28",
    "acceptedDate": "2006-02-28 17:05:38",
    "calendarYear": "2005",
    "period": "FY",
    "revenue": 14363000000,
    "costOfRevenue": 0,
    "grossProfit": 14363000000,
    "grossProfitRatio": 1,
    "researchAndDevelopmentExpenses": 0,
    "generalAndAdministrativeExpenses": 1281000000,
    "sellingAndMarketingExpenses": 1302000000,
    "sellingGeneralAndAdministrativeExpenses": 2583000000,
    "otherExpenses": 9554000000,
    "operatingExpenses": 12137000000,
    "costAndExpenses": 12137000000,
    "interestIncome": 0,
    "interestExpense": 23000000,
    "depreciationAndAmortization": 0,
    "ebitda": 2226000000,
    "ebitdaratio": 0.1549815498,
    "operatingIncome": 2226000000,
    "operatingIncomeRatio": 0.1549815498,
    "totalOtherIncomeExpensesNet": 0,
    "incomeBeforeTax": 2226000000,
    "incomeBeforeTaxRatio": 0.1549815498,
    "incomeTaxExpense": 743000000,
    "netIncome": 1483000000,
    "netIncomeRatio": 0.1032514099,
    "eps": 1.48,
    "epsdiluted": 1.46,
    "weightedAverageShsOut": 1001878000,
    "weightedAverageShsOutDil": 1015408000,
    "link": "https://www.sec.gov/Archives/edgar/data/4977/000000497706000036/0000004977-06-000036-index.htm",
    "finalLink": "https://www.sec.gov/Archives/edgar/data/4977/000000497706000036/afl10k05.htm"
  },
  {
    "date": "2004-12-31",
    "symbol": "AFL",
    "reportedCurrency": "USD",
    "cik": "0000004977",
    "fillingDate": "2005-03-10",
    "acceptedDate": "2005-03-10 15:21:29",
    "calendarYear": "2004",
    "period": "FY",
    "revenue": 13281000000,
    "costOfRevenue": 0,
    "grossProfit": 13281000000,
    "grossProfitRatio": 1,
    "researchAndDevelopmentExpenses": 0,
    "generalAndAdministrativeExpenses": 1128000000,
    "sellingAndMarketingExpenses": 1252000000,
    "sellingGeneralAndAdministrativeExpenses": 2380000000,
    "otherExpenses": 9128000000,
    "operatingExpenses": 11508000000,
    "costAndExpenses": 11508000000,
    "interestIncome": 0,
    "interestExpense": 23000000,
    "depreciationAndAmortization": 0,
    "ebitda": 1773000000,
    "ebitdaratio": 0.1334989835,
    "operatingIncome": 1773000000,
    "operatingIncomeRatio": 0.1334989835,
    "totalOtherIncomeExpensesNet": 0,
    "incomeBeforeTax": 1773000000,
    "incomeBeforeTaxRatio": 0.1334989835,
    "incomeTaxExpense": 507000000,
    "netIncome": 1266000000,
    "netIncomeRatio": 0.0953241473,
    "eps": 1.25,
    "epsdiluted": 1.23,
    "weightedAverageShsOut": 1014666000,
    "weightedAverageShsOutDil": 1032842000,
    "link": "https://www.sec.gov/Archives/edgar/data/4977/000000497705000049/0000004977-05-000049-index.htm",
    "finalLink": "https://www.sec.gov/Archives/edgar/data/4977/000000497705000049/afl10k04.htm"
  },
  {
    "date": "2003-12-31",
    "symbol": "AFL",
    "reportedCurrency": "USD",
    "cik": "0000004977",
    "fillingDate": "2004-03-11",
    "acceptedDate": "2004-03-11 15:10:03",
    "calendarYear": "2003",
    "period": "FY",
    "revenue": 11447000000,
    "costOfRevenue": 0,
    "grossProfit": 11447000000,
    "grossProfitRatio": 1,
    "researchAndDevelopmentExpenses": 0,
    "generalAndAdministrativeExpenses": 1006000000,
    "sellingAndMarketingExpenses": 1146000000,
    "sellingGeneralAndAdministrativeExpenses": 2152000000,
    "otherExpenses": 8097000000,
    "operatingExpenses": 10249000000,
    "costAndExpenses": 10249000000,
    "interestIncome": 0,
    "interestExpense": 22000000,
    "depreciationAndAmortization": 0,
    "ebitda": 1198000000,
    "ebitdaratio": 0.1046562418,
    "operatingIncome": 1198000000,
    "operatingIncomeRatio": 0.1046562418,
    "totalOtherIncomeExpensesNet": 0,
    "incomeBeforeTax": 1198000000,
    "incomeBeforeTaxRatio": 0.1046562418,
    "incomeTaxExpense": 430000000,
    "netIncome": 768000000,
    "netIncomeRatio": 0.0670918144,
    "eps": 0.75,
    "epsdiluted": 0.74,
    "weightedAverageShsOut": 1026440000,
    "weightedAverageShsOutDil": 1044276000,
    "link": "https://www.sec.gov/Archives/edgar/data/4977/000000497704000030/0000004977-04-000030-index.htm",
    "finalLink": "https://www.sec.gov/Archives/edgar/data/4977/000000497704000030/afl10k03.htm"
  },
  {
    "date": "2002-12-31",
    "symbol": "AFL",
    "reportedCurrency": "USD",
    "cik": "0000004977",
    "fillingDate": "2003-03-27",
    "acceptedDate": "2003-03-27 16:54:05",
    "calendarYear": "2002",
    "period": "FY",
    "revenue": 10257000000,
    "costOfRevenue": 0,
    "grossProfit": 10257000000,
    "grossProfitRatio": 1,
    "researchAndDevelopmentExpenses": 0,
    "generalAndAdministrativeExpenses": 842000000,
    "sellingAndMarketingExpenses": 1037000000,
    "sellingGeneralAndAdministrativeExpenses": 1879000000,
    "otherExpenses": 7119000000,
    "operatingExpenses": 8998000000,
    "costAndExpenses": 8998000000,
    "interestIncome": 0,
    "interestExpense": 20000000,
    "depreciationAndAmortization": 0,
    "ebitda": 1259000000,
    "ebitdaratio": 0.1227454421,
    "operatingIncome": 1259000000,
    "operatingIncomeRatio": 0.1227454421,
    "totalOtherIncomeExpensesNet": 0,
    "incomeBeforeTax": 1259000000,
    "incomeBeforeTaxRatio": 0.1227454421,
    "incomeTaxExpense": 438000000,
    "netIncome": 821000000,
    "netIncomeRatio": 0.0800428975,
    "eps": 0.8,
    "epsdiluted": 0.78,
    "weightedAverageShsOut": 1035082000,
    "weightedAverageShsOutDil": 1056652000,
    "link": "https://www.sec.gov/Archives/edgar/data/4977/000000497703000098/0000004977-03-000098-index.htm",
    "finalLink": "https://www.sec.gov/Archives/edgar/data/4977/000000497703000098/k02.htm"
  },
  {
    "date": "2001-12-31",
    "symbol": "AFL",
    "reportedCurrency": "USD",
    "cik": "0000004977",
    "fillingDate": "2002-03-27",
    "acceptedDate": "2002-03-27 00:00:00",
    "calendarYear": "2001",
    "period": "FY",
    "revenue": 9598000000,
    "costOfRevenue": 0,
    "grossProfit": 9598000000,
    "grossProfitRatio": 1,
    "researchAndDevelopmentExpenses": 0,
    "generalAndAdministrativeExpenses": 793000000,
    "sellingAndMarketingExpenses": 1006000000,
    "sellingGeneralAndAdministrativeExpenses": 1799000000,
    "otherExpenses": 6718000000,
    "operatingExpenses": 8517000000,
    "costAndExpenses": 8517000000,
    "interestIncome": 0,
    "interestExpense": 19000000,
    "depreciationAndAmortization": 0,
    "ebitda": 1081000000,
    "ebitdaratio": 0.1126276308,
    "operatingIncome": 1081000000,
    "operatingIncomeRatio": 0.1126276308,
    "totalOtherIncomeExpensesNet": 0,
    "incomeBeforeTax": 1081000000,
    "incomeBeforeTaxRatio": 0.1126276308,
    "incomeTaxExpense": 394000000,
    "netIncome": 687000000,
    "netIncomeRatio": 0.071577412,
    "eps": 0.66,
    "epsdiluted": 0.64,
    "weightedAverageShsOut": 1050196000,
    "weightedAverageShsOutDil": 1074766000,
    "link": "https://www.sec.gov/Archives/edgar/data/4977/000000497702000065/0000004977-02-000065-index.htm",
    "finalLink": "https://www.sec.gov/Archives/edgar/data/4977/000000497702000065/k01edg.htm"
  },
  {
    "date": "2000-12-31",
    "symbol": "AFL",
    "reportedCurrency": "USD",
    "cik": "0000004977",
    "fillingDate": "2001-03-28",
    "acceptedDate": "2001-03-28 00:00:00",
    "calendarYear": "2000",
    "period": "FY",
    "revenue": 9703000000,
    "costOfRevenue": 0,
    "grossProfit": 9703000000,
    "grossProfitRatio": 1,
    "researchAndDevelopmentExpenses": 0,
    "generalAndAdministrativeExpenses": 758000000,
    "sellingAndMarketingExpenses": 1040000000,
    "sellingGeneralAndAdministrativeExpenses": 1798000000,
    "otherExpenses": 6893000000,
    "operatingExpenses": 8691000000,
    "costAndExpenses": 8691000000,
    "interestIncome": 0,
    "interestExpense": 19000000,
    "depreciationAndAmortization": 0,
    "ebitda": 1012000000,
    "ebitdaratio": 0.1042976399,
    "operatingIncome": 1012000000,
    "operatingIncomeRatio": 0.1042976399,
    "totalOtherIncomeExpensesNet": 0,
    "incomeBeforeTax": 1012000000,
    "incomeBeforeTaxRatio": 0.1042976399,
    "incomeTaxExpense": 325000000,
    "netIncome": 687000000,
    "netIncomeRatio": 0.0708028445,
    "eps": 0.65,
    "epsdiluted": 0.63,
    "weightedAverageShsOut": 1061214000,
    "weightedAverageShsOutDil": 1089812000,
    "link": "https://www.sec.gov/Archives/edgar/data/4977/000000497701500045/0000004977-01-500045-index.htm",
    "finalLink": "https://www.sec.gov/Archives/edgar/data/4977/000000497701500045/k00edg.txt"
  },
  {
    "date": "1999-12-31",
    "symbol": "AFL",
    "reportedCurrency": "USD",
    "cik": "0000004977",
    "fillingDate": "2000-03-27",
    "acceptedDate": "2000-03-27 00:00:00",
    "calendarYear": "1999",
    "period": "FY",
    "revenue": 8640000000,
    "costOfRevenue": 0,
    "grossProfit": 8640000000,
    "grossProfitRatio": 1,
    "researchAndDevelopmentExpenses": 0,
    "generalAndAdministrativeExpenses": 0,
    "sellingAndMarketingExpenses": 0,
    "sellingGeneralAndAdministrativeExpenses": 0,
    "otherExpenses": 7862000000,
    "operatingExpenses": 7862000000,
    "costAndExpenses": 7862000000,
    "interestIncome": 0,
    "interestExpense": 18000000,
    "depreciationAndAmortization": 0,
    "ebitda": 778000000,
    "ebitdaratio": 0.0900462963,
    "operatingIncome": 778000000,
    "operatingIncomeRatio": 0.0900462963,
    "totalOtherIncomeExpensesNet": 0,
    "incomeBeforeTax": 778000000,
    "incomeBeforeTaxRatio": 0.0900462963,
    "incomeTaxExpense": 207000000,
    "netIncome": 571000000,
    "netIncomeRatio": 0.066087963,
    "eps": 0.54,
    "epsdiluted": 0.52,
    "weightedAverageShsOut": 1063474000,
    "weightedAverageShsOutDil": 1101690000,
    "link": "https://www.sec.gov/Archives/edgar/data/4977/000000497700000011/0000004977-00-000011-index.htm",
    "finalLink": "https://www.sec.gov/Archives/edgar/data/4977/000000497700000011/0000004977-00-000011.txt"
  },
  {
    "date": "1998-12-31",
    "symbol": "AFL",
    "reportedCurrency": "USD",
    "cik": "0000004977",
    "fillingDate": "1999-03-26",
    "acceptedDate": "1999-03-26 00:00:00",
    "calendarYear": "1998",
    "period": "FY",
    "revenue": 7104000000,
    "costOfRevenue": 0,
    "grossProfit": 7104000000,
    "grossProfitRatio": 1,
    "researchAndDevelopmentExpenses": 0,
    "generalAndAdministrativeExpenses": 0,
    "sellingAndMarketingExpenses": 0,
    "sellingGeneralAndAdministrativeExpenses": 0,
    "otherExpenses": 6553000000,
    "operatingExpenses": 6553000000,
    "costAndExpenses": 6553000000,
    "interestIncome": 0,
    "interestExpense": 13000000,
    "depreciationAndAmortization": 43000000,
    "ebitda": 594000000,
    "ebitdaratio": 0.0836148649,
    "operatingIncome": 551000000,
    "operatingIncomeRatio": 0.0775619369,
    "totalOtherIncomeExpensesNet": 0,
    "incomeBeforeTax": 551000000,
    "incomeBeforeTaxRatio": 0.0775619369,
    "incomeTaxExpense": 64000000,
    "netIncome": 487000000,
    "netIncomeRatio": 0.0685529279,
    "eps": 0.46,
    "epsdiluted": 0.44,
    "weightedAverageShsOut": 1065220000,
    "weightedAverageShsOutDil": 1103488000,
    "link": "https://www.sec.gov/Archives/edgar/data/4977/000000497799000010/0000004977-99-000010-index.htm",
    "finalLink": "https://www.sec.gov/Archives/edgar/data/4977/0000004977-99-000010.txt"
  },
  {
    "date": "1997-12-31",
    "symbol": "AFL",
    "reportedCurrency": "USD",
    "cik": "0000004977",
    "fillingDate": "1998-03-26",
    "acceptedDate": "1998-03-26 00:00:00",
    "calendarYear": "1997",
    "period": "FY",
    "revenue": 7251000000,
    "costOfRevenue": 0,
    "grossProfit": 7251000000,
    "grossProfitRatio": 1,
    "researchAndDevelopmentExpenses": 0,
    "generalAndAdministrativeExpenses": 0,
    "sellingAndMarketingExpenses": 0,
    "sellingGeneralAndAdministrativeExpenses": 0,
    "otherExpenses": 7251000000,
    "operatingExpenses": 7251000000,
    "costAndExpenses": 7251000000,
    "interestIncome": 0,
    "interestExpense": 14000000,
    "depreciationAndAmortization": 45000000,
    "ebitda": 45000000,
    "ebitdaratio": 0.0062060405,
    "operatingIncome": 0,
    "operatingIncomeRatio": 0,
    "totalOtherIncomeExpensesNet": 0,
    "incomeBeforeTax": 0,
    "incomeBeforeTaxRatio": 0,
    "incomeTaxExpense": 280000000,
    "netIncome": 585000000,
    "netIncomeRatio": 0.0806785271,
    "eps": 0.54,
    "epsdiluted": 0.52,
    "weightedAverageShsOut": 1083333333,
    "weightedAverageShsOutDil": 1125000000,
    "link": "https://www.sec.gov/Archives/edgar/data/4977/000000497798000006/0000004977-98-000006-index.htm",
    "finalLink": "https://www.sec.gov/Archives/edgar/data/4977/0000004977-98-000006.txt"
  },
  {
    "date": "1996-12-31",
    "symbol": "AFL",
    "reportedCurrency": "USD",
    "cik": "0000004977",
    "fillingDate": "1997-03-26",
    "acceptedDate": "1997-03-26 00:00:00",
    "calendarYear": "1996",
    "period": "FY",
    "revenue": 7100000000,
    "costOfRevenue": 0,
    "grossProfit": 7100000000,
    "grossProfitRatio": 1,
    "researchAndDevelopmentExpenses": 0,
    "generalAndAdministrativeExpenses": 0,
    "sellingAndMarketingExpenses": 0,
    "sellingGeneralAndAdministrativeExpenses": 0,
    "otherExpenses": 7100000000,
    "operatingExpenses": 7100000000,
    "costAndExpenses": 7100000000,
    "interestIncome": 0,
    "interestExpense": 16000000,
    "depreciationAndAmortization": 48000000,
    "ebitda": 48000000,
    "ebitdaratio": 0.0067605634,
    "operatingIncome": 0,
    "operatingIncomeRatio": 0,
    "totalOtherIncomeExpensesNet": 0,
    "incomeBeforeTax": 0,
    "incomeBeforeTaxRatio": 0,
    "incomeTaxExpense": 256000000,
    "netIncome": 394000000,
    "netIncomeRatio": 0.0554929577,
    "eps": 0.36,
    "epsdiluted": 0.34,
    "weightedAverageShsOut": 1109859155,
    "weightedAverageShsOutDil": 1158823529,
    "link": "https://www.sec.gov/Archives/edgar/data/4977/000000497797000009/0000004977-97-000009-index.htm",
    "finalLink": "https://www.sec.gov/Archives/edgar/data/4977/0000004977-97-000009.txt"
  },
  {
    "date": "1995-12-31",
    "symbol": "AFL",
    "reportedCurrency": "USD",
    "cik": "0000004977",
    "fillingDate": "1996-03-26",
    "acceptedDate": "1996-03-26 00:00:00",
    "calendarYear": "1995",
    "period": "FY",
    "revenue": 7190600000,
    "costOfRevenue": 0,
    "grossProfit": 7190600000,
    "grossProfitRatio": 1,
    "researchAndDevelopmentExpenses": 0,
    "generalAndAdministrativeExpenses": 0,
    "sellingAndMarketingExpenses": 0,
    "sellingGeneralAndAdministrativeExpenses": 0,
    "otherExpenses": 7190600000,
    "operatingExpenses": 7190600000,
    "costAndExpenses": 7190600000,
    "interestIncome": 0,
    "interestExpense": 15600000,
    "depreciationAndAmortization": 0,
    "ebitda": 0,
    "ebitdaratio": 0,
    "operatingIncome": 0,
    "operatingIncomeRatio": 0,
    "totalOtherIncomeExpensesNet": 0,
    "incomeBeforeTax": 0,
    "incomeBeforeTaxRatio": 0,
    "incomeTaxExpense": 251900000,
    "netIncome": 349100000,
    "netIncomeRatio": 0.0485494952,
    "eps": 0.3,
    "epsdiluted": 0.3,
    "weightedAverageShsOut": 1163666667,
    "weightedAverageShsOutDil": 1183389831,
    "link": "https://www.sec.gov/Archives/edgar/data/4977/000000497796000006/0000004977-96-000006-index.htm",
    "finalLink": "https://www.sec.gov/Archives/edgar/data/4977/0000004977-96-000006.txt"
  },
  {
    "date": "1994-12-31",
    "symbol": "AFL",
    "reportedCurrency": "USD",
    "cik": "0000004977",
    "fillingDate": "1995-03-28",
    "acceptedDate": "1995-03-28 00:00:00",
    "calendarYear": "1994",
    "period": "FY",
    "revenue": 6110758000,
    "costOfRevenue": 0,
    "grossProfit": 6110758000,
    "grossProfitRatio": 1,
    "researchAndDevelopmentExpenses": 0,
    "generalAndAdministrativeExpenses": 0,
    "sellingAndMarketingExpenses": 0,
    "sellingGeneralAndAdministrativeExpenses": 0,
    "otherExpenses": 5606422000,
    "operatingExpenses": 5606422000,
    "costAndExpenses": 5606422000,
    "interestIncome": 0,
    "interestExpense": 13496000,
    "depreciationAndAmortization": 0,
    "ebitda": 504336000,
    "ebitdaratio": 0.082532478,
    "operatingIncome": 504336000,
    "operatingIncomeRatio": 0.082532478,
    "totalOtherIncomeExpensesNet": 0,
    "incomeBeforeTax": 504336000,
    "incomeBeforeTaxRatio": 0.082532478,
    "incomeTaxExpense": 211546000,
    "netIncome": 292790000,
    "netIncomeRatio": 0.0479138595,
    "eps": 0.24,
    "epsdiluted": 0.24,
    "weightedAverageShsOut": 1237212000,
    "weightedAverageShsOutDil": 1241536000,
    "link": "https://www.sec.gov/Archives/edgar/data/4977/000000497795000006/0000004977-95-000006-index.htm",
    "finalLink": "https://www.sec.gov/Archives/edgar/data/4977/000000497795000006/"
  },
  {
    "date": "1993-12-31",
    "symbol": "AFL",
    "reportedCurrency": "USD",
    "cik": "0000004977",
    "fillingDate": "1994-03-30",
    "acceptedDate": "1994-03-30 00:00:00",
    "calendarYear": "1993",
    "period": "FY",
    "revenue": 5000000000,
    "costOfRevenue": 0,
    "grossProfit": 5000000000,
    "grossProfitRatio": 1,
    "researchAndDevelopmentExpenses": 0,
    "generalAndAdministrativeExpenses": 0,
    "sellingAndMarketingExpenses": 0,
    "sellingGeneralAndAdministrativeExpenses": 0,
    "otherExpenses": 5000000000,
    "operatingExpenses": 5000000000,
    "costAndExpenses": 5000000000,
    "interestIncome": 0,
    "interestExpense": 2000000,
    "depreciationAndAmortization": 0,
    "ebitda": 0,
    "ebitdaratio": 0,
    "operatingIncome": 0,
    "operatingIncomeRatio": 0,
    "totalOtherIncomeExpensesNet": 0,
    "incomeBeforeTax": 0,
    "incomeBeforeTaxRatio": 0,
    "incomeTaxExpense": 185000000,
    "netIncome": 254000000,
    "netIncomeRatio": 0.0508,
    "eps": 0.21,
    "epsdiluted": 0.21,
    "weightedAverageShsOut": 1261782000,
    "weightedAverageShsOutDil": 1261782000,
    "link": "https://www.sec.gov/Archives/edgar/data/4977/000000497794000006/0000004977-94-000006-index.htm",
    "finalLink": "https://www.sec.gov/Archives/edgar/data/4977/0000004977-94-000006.txt"
  },
  {
    "date": "1992-12-31",
    "symbol": "AFL",
    "reportedCurrency": "USD",
    "cik": "0000004977",
    "fillingDate": "1992-12-31",
    "acceptedDate": "1992-12-31 00:00:00",
    "calendarYear": "1992",
    "period": "FY",
    "revenue": 3986500000,
    "costOfRevenue": 0,
    "grossProfit": 3986500000,
    "grossProfitRatio": 1,
    "researchAndDevelopmentExpenses": 0,
    "generalAndAdministrativeExpenses": 0,
    "sellingAndMarketingExpenses": 0,
    "sellingGeneralAndAdministrativeExpenses": 0,
    "otherExpenses": 3986500000,
    "operatingExpenses": 3986500000,
    "costAndExpenses": 3986500000,
    "interestIncome": 0,
    "interestExpense": 5900000,
    "depreciationAndAmortization": 0,
    "ebitda": 0,
    "ebitdaratio": 0,
    "operatingIncome": 0,
    "operatingIncomeRatio": 0,
    "totalOtherIncomeExpensesNet": 0,
    "incomeBeforeTax": 0,
    "incomeBeforeTaxRatio": 0,
    "incomeTaxExpense": 141200000,
    "netIncome": 183400000,
    "netIncomeRatio": 0.0460052678,
    "eps": 0.15,
    "epsdiluted": 0.15,
    "weightedAverageShsOut": 1222666667,
    "weightedAverageShsOutDil": 1222666667,
    "link": null,
    "finalLink": null
  },
  {
    "date": "1991-12-31",
    "symbol": "AFL",
    "reportedCurrency": "USD",
    "cik": "0000004977",
    "fillingDate": "1991-12-31",
    "acceptedDate": "1991-12-31 00:00:00",
    "calendarYear": "1991",
    "period": "FY",
    "revenue": 3282700000,
    "costOfRevenue": 0,
    "grossProfit": 3282700000,
    "grossProfitRatio": 1,
    "researchAndDevelopmentExpenses": 0,
    "generalAndAdministrativeExpenses": 0,
    "sellingAndMarketingExpenses": 0,
    "sellingGeneralAndAdministrativeExpenses": 0,
    "otherExpenses": 3282700000,
    "operatingExpenses": 3282700000,
    "costAndExpenses": 3282700000,
    "interestIncome": 0,
    "interestExpense": 14100000,
    "depreciationAndAmortization": 0,
    "ebitda": 0,
    "ebitdaratio": 0,
    "operatingIncome": 0,
    "operatingIncomeRatio": 0,
    "totalOtherIncomeExpensesNet": 0,
    "incomeBeforeTax": 0,
    "incomeBeforeTaxRatio": 0,
    "incomeTaxExpense": 116000000,
    "netIncome": 148700000,
    "netIncomeRatio": 0.0452980778,
    "eps": 0.13,
    "epsdiluted": 0.12,
    "weightedAverageShsOut": 1189600000,
    "weightedAverageShsOutDil": 1239166667,
    "link": null,
    "finalLink": null
  },
  {
    "date": "1990-12-31",
    "symbol": "AFL",
    "reportedCurrency": "USD",
    "cik": "0000004977",
    "fillingDate": "1990-12-31",
    "acceptedDate": "1990-12-31 00:00:00",
    "calendarYear": "1990",
    "period": "FY",
    "revenue": 2678400000,
    "costOfRevenue": 0,
    "grossProfit": 2678400000,
    "grossProfitRatio": 1,
    "researchAndDevelopmentExpenses": 0,
    "generalAndAdministrativeExpenses": 0,
    "sellingAndMarketingExpenses": 0,
    "sellingGeneralAndAdministrativeExpenses": 0,
    "otherExpenses": 2678400000,
    "operatingExpenses": 2678400000,
    "costAndExpenses": 2678400000,
    "interestIncome": 0,
    "interestExpense": 15200000,
    "depreciationAndAmortization": 0,
    "ebitda": 0,
    "ebitdaratio": 0,
    "operatingIncome": 0,
    "operatingIncomeRatio": 0,
    "totalOtherIncomeExpensesNet": 0,
    "incomeBeforeTax": 0,
    "incomeBeforeTaxRatio": 0,
    "incomeTaxExpense": 99200000,
    "netIncome": 117200000,
    "netIncomeRatio": 0.0437574671,
    "eps": 0.1,
    "epsdiluted": 0.095,
    "weightedAverageShsOut": 1172000000,
    "weightedAverageShsOutDil": 1233684211,
    "link": null,
    "finalLink": null
  },
  {
    "date": "1989-12-31",
    "symbol": "AFL",
    "reportedCurrency": "USD",
    "cik": "0000004977",
    "fillingDate": "1989-12-31",
    "acceptedDate": "1989-12-31 00:00:00",
    "calendarYear": "1989",
    "period": "FY",
    "revenue": 2438200000,
    "costOfRevenue": 0,
    "grossProfit": 2438200000,
    "grossProfitRatio": 1,
    "researchAndDevelopmentExpenses": 0,
    "generalAndAdministrativeExpenses": 0,
    "sellingAndMarketingExpenses": 0,
    "sellingGeneralAndAdministrativeExpenses": 0,
    "otherExpenses": 2438200000,
    "operatingExpenses": 2438200000,
    "costAndExpenses": 2438200000,
    "interestIncome": 0,
    "interestExpense": 19300000,
    "depreciationAndAmortization": 0,
    "ebitda": 0,
    "ebitdaratio": 0,
    "operatingIncome": 0,
    "operatingIncomeRatio": 0,
    "totalOtherIncomeExpensesNet": 0,
    "incomeBeforeTax": 0,
    "incomeBeforeTaxRatio": 0,
    "incomeTaxExpense": 97200000,
    "netIncome": 80800000,
    "netIncomeRatio": 0.033139201,
    "eps": 0.07,
    "epsdiluted": 0.07,
    "weightedAverageShsOut": 1154285714,
    "weightedAverageShsOutDil": 1154285714,
    "link": null,
    "finalLink": null
  },
  {
    "date": "1988-12-31",
    "symbol": "AFL",
    "reportedCurrency": "USD",
    "cik": "0000004977",
    "fillingDate": "1988-12-31",
    "acceptedDate": "1988-12-31 00:00:00",
    "calendarYear": "1988",
    "period": "FY",
    "revenue": 2324600000,
    "costOfRevenue": 0,
    "grossProfit": 0,
    "grossProfitRatio": 0,
    "researchAndDevelopmentExpenses": 0,
    "generalAndAdministrativeExpenses": 0,
    "sellingAndMarketingExpenses": 0,
    "sellingGeneralAndAdministrativeExpenses": 0,
    "otherExpenses": 2324600000,
    "operatingExpenses": 2324600000,
    "costAndExpenses": 2324600000,
    "interestIncome": 0,
    "interestExpense": 10600000,
    "depreciationAndAmortization": 0,
    "ebitda": 0,
    "ebitdaratio": 0,
    "operatingIncome": 0,
    "operatingIncomeRatio": 0,
    "totalOtherIncomeExpensesNet": 0,
    "incomeBeforeTax": 0,
    "incomeBeforeTaxRatio": 0,
    "incomeTaxExpense": 90200000,
    "netIncome": 108900000,
    "netIncomeRatio": 0.0468467693,
    "eps": 0.09,
    "epsdiluted": 0.09,
    "weightedAverageShsOut": 1210000000,
    "weightedAverageShsOutDil": 1210000000,
    "link": null,
    "finalLink": null
  },
  {
    "date": "1987-12-31",
    "symbol": "AFL",
    "reportedCurrency": "USD",
    "cik": "0000004977",
    "fillingDate": "1987-12-31",
    "acceptedDate": "1987-12-31 00:00:00",
    "calendarYear": "1987",
    "period": "FY",
    "revenue": 1876100000,
    "costOfRevenue": 0,
    "grossProfit": 0,
    "grossProfitRatio": 0,
    "researchAndDevelopmentExpenses": 0,
    "generalAndAdministrativeExpenses": 0,
    "sellingAndMarketingExpenses": 0,
    "sellingGeneralAndAdministrativeExpenses": 0,
    "otherExpenses": 1876100000,
    "operatingExpenses": 1876100000,
    "costAndExpenses": 1876100000,
    "interestIncome": 0,
    "interestExpense": 5300000,
    "depreciationAndAmortization": 0,
    "ebitda": 0,
    "ebitdaratio": 0,
    "operatingIncome": 0,
    "operatingIncomeRatio": 0,
    "totalOtherIncomeExpensesNet": 0,
    "incomeBeforeTax": 0,
    "incomeBeforeTaxRatio": 0,
    "incomeTaxExpense": 69900000,
    "netIncome": 93300000,
    "netIncomeRatio": 0.0497308246,
    "eps": 0.08,
    "epsdiluted": 0.08,
    "weightedAverageShsOut": 1166250000,
    "weightedAverageShsOutDil": 1166250000,
    "link": null,
    "finalLink": null
  },
  {
    "date": "1986-12-31",
    "symbol": "AFL",
    "reportedCurrency": "USD",
    "cik": "0000004977",
    "fillingDate": "1986-12-31",
    "acceptedDate": "1986-12-31 00:00:00",
    "calendarYear": "1986",
    "period": "FY",
    "revenue": 1401500000,
    "costOfRevenue": 0,
    "grossProfit": 0,
    "grossProfitRatio": 0,
    "researchAndDevelopmentExpenses": 0,
    "generalAndAdministrativeExpenses": 0,
    "sellingAndMarketingExpenses": 0,
    "sellingGeneralAndAdministrativeExpenses": 0,
    "otherExpenses": 1401500000,
    "operatingExpenses": 1401500000,
    "costAndExpenses": 1401500000,
    "interestIncome": 0,
    "interestExpense": 5500000,
    "depreciationAndAmortization": 0,
    "ebitda": 0,
    "ebitdaratio": 0,
    "operatingIncome": 0,
    "operatingIncomeRatio": 0,
    "totalOtherIncomeExpensesNet": 0,
    "incomeBeforeTax": 0,
    "incomeBeforeTaxRatio": 0,
    "incomeTaxExpense": 52800000,
    "netIncome": 78200000,
    "netIncomeRatio": 0.05579736,
    "eps": 0.065,
    "epsdiluted": 0.065,
    "weightedAverageShsOut": 1203076923,
    "weightedAverageShsOutDil": 1203076923,
    "link": null,
    "finalLink": null
  },
  {
    "date": "1985-12-31",
    "symbol": "AFL",
    "reportedCurrency": "USD",
    "cik": "0000004977",
    "fillingDate": "1985-12-31",
    "acceptedDate": "1985-12-31 00:00:00",
    "calendarYear": "1985",
    "period": "FY",
    "revenue": 954800000,
    "costOfRevenue": 0,
    "grossProfit": 0,
    "grossProfitRatio": 0,
    "researchAndDevelopmentExpenses": 0,
    "generalAndAdministrativeExpenses": 0,
    "sellingAndMarketingExpenses": 0,
    "sellingGeneralAndAdministrativeExpenses": 0,
    "otherExpenses": 954800000,
    "operatingExpenses": 954800000,
    "costAndExpenses": 954800000,
    "interestIncome": 0,
    "interestExpense": 4200000,
    "depreciationAndAmortization": 0,
    "ebitda": 0,
    "ebitdaratio": 0,
    "operatingIncome": 0,
    "operatingIncomeRatio": 0,
    "totalOtherIncomeExpensesNet": 0,
    "incomeBeforeTax": 0,
    "incomeBeforeTaxRatio": 0,
    "incomeTaxExpense": 40300000,
    "netIncome": 54200000,
    "netIncomeRatio": 0.0567658148,
    "eps": 0.045,
    "epsdiluted": 0.045,
    "weightedAverageShsOut": 1204444444,
    "weightedAverageShsOutDil": 1204444444,
    "link": null,
    "finalLink": null
  }
]