[
  {
    "date": "2025-06-30",
    "symbol": "AIG",
    "reportedCurrency": "USD",
    "cik": "0000005272",
    "fillingDate": "2025-08-07",
    "acceptedDate": "2025-08-07 12:39:21",
    "calendarYear": "2025",
    "period": "Q2",
    "revenue": 7091000000,
    "costOfRevenue": 4340000000,
    "grossProfit": 2701000000,
    "grossProfitRatio": 0.380905373,
    "researchAndDevelopmentExpenses": 0,
    "generalAndAdministrativeExpenses": 1162000000,
    "sellingAndMarketingExpenses": 0,
    "sellingGeneralAndAdministrativeExpenses": 1162000000,
    "otherExpenses": -5000000,
    "operatingExpenses": 1157000000,
    "costAndExpenses": 5424000000,
    "interestIncome": 0,
    "interestExpense": 100000000,
    "depreciationAndAmortization": 883000000,
    "ebitda": -694840000,
    "ebitdaratio": -0.0979890001,
    "operatingIncome": 1144000000,
    "operatingIncomeRatio": 0.161331265,
    "totalOtherIncomeExpensesNet": 400000000,
    "incomeBeforeTax": 1544000000,
    "incomeBeforeTaxRatio": 0.2177407982,
    "incomeTaxExpense": 400000000,
    "netIncome": 1144000000,
    "netIncomeRatio": 0.161331265,
    "eps": 2,
    "epsdiluted": 1.98,
    "weightedAverageShsOut": 583300000,
    "weightedAverageShsOutDil": 588500000,
    "link": "https://www.sec.gov/Archives/edgar/data/5272/000000527225000081/0000005272-25-000081-index.htm",
    "finalLink": "https://www.sec.gov/Archives/edgar/data/5272/000000527225000081/aig-20250630.htm"
  },
  {
    "date": "2025-03-31",
    "symbol": "AIG",
    "reportedCurrency": "USD",
    "cik": "0000005272",
    "fillingDate": "2025-05-02",
    "acceptedDate": "2025-05-02 13:49:10",
    "calendarYear": "2025",
    "period": "Q1",
    "revenue": 6774000000,
    "costOfRevenue": 0,
    "grossProfit": 6774000000,
    "grossProfitRatio": 1,
    "researchAndDevelopmentExpenses": 0,
    "generalAndAdministrativeExpenses": 1115000000,
    "sellingAndMarketingExpenses": 0,
    "sellingGeneralAndAdministrativeExpenses": 1115000000,
    "otherExpenses": 80000000,
    "operatingExpenses": 1195000000,
    "costAndExpenses": 1115000000,
    "interestIncome": 44000000,
    "interestExpense": 92000000,
    "depreciationAndAmortization": 866000000,
    "ebitda": 1918000000,
    "ebitdaratio": 0.2831414231,
    "operatingIncome": 960000000,
    "operatingIncomeRatio": 0.1417183348,
    "totalOtherIncomeExpensesNet": 0,
    "incomeBeforeTax": 960000000,
    "incomeBeforeTaxRatio": 0.1417183348,
    "incomeTaxExpense": 262000000,
    "netIncome": 698000000,
    "netIncomeRatio": 0.1030410393,
    "eps": 1.18,
    "epsdiluted": 1.16,
    "weightedAverageShsOut": 593840000,
    "weightedAverageShsOutDil": 599240000,
    "link": "https://www.sec.gov/Archives/edgar/data/5272/000000527225000040/0000005272-25-000040-index.htm",
    "finalLink": "https://www.sec.gov/Archives/edgar/data/5272/000000527225000040/aig-20250331.htm"
  },
  {
    "date": "2024-12-31",
    "symbol": "AIG",
    "reportedCurrency": "USD",
    "cik": "0000005272",
    "fillingDate": "2025-02-13",
    "acceptedDate": "2025-02-13 16:49:44",
    "calendarYear": "2024",
    "period": "Q4",
    "revenue": 7158000000,
    "costOfRevenue": 4696000000,
    "grossProfit": 7158000000,
    "grossProfitRatio": 1,
    "researchAndDevelopmentExpenses": 0,
    "generalAndAdministrativeExpenses": 1335000000,
    "sellingAndMarketingExpenses": 0,
    "sellingGeneralAndAdministrativeExpenses": 1335000000,
    "otherExpenses": 4277000000,
    "operatingExpenses": 5612000000,
    "costAndExpenses": 5612000000,
    "interestIncome": 18000000,
    "interestExpense": 109000000,
    "depreciationAndAmortization": 990000000,
    "ebitda": 2645000000,
    "ebitdaratio": 0.3695166248,
    "operatingIncome": 1546000000,
    "operatingIncomeRatio": 0.2159821179,
    "totalOtherIncomeExpensesNet": 0,
    "incomeBeforeTax": 1546000000,
    "incomeBeforeTaxRatio": 0.2159821179,
    "incomeTaxExpense": 599000000,
    "netIncome": 898000000,
    "netIncomeRatio": 0.1254540374,
    "eps": 1.52,
    "epsdiluted": 1.5,
    "weightedAverageShsOut": 620940000,
    "weightedAverageShsOutDil": 627289135,
    "link": "https://www.sec.gov/Archives/edgar/data/5272/000000527225000012/0000005272-25-000012-index.htm",
    "finalLink": "https://www.sec.gov/Archives/edgar/data/5272/000000527225000012/aig-20241231.htm"
  },
  {
    "date": "2024-09-30",
    "symbol": "AIG",
    "reportedCurrency": "USD",
    "cik": "0000005272",
    "fillingDate": "2024-11-07",
    "acceptedDate": "2024-11-07 12:02:06",
    "calendarYear": "2024",
    "period": "Q3",
    "revenue": 6755000000,
    "costOfRevenue": 1346000000,
    "grossProfit": 2119000000,
    "grossProfitRatio": 0.3136935603,
    "researchAndDevelopmentExpenses": 0,
    "generalAndAdministrativeExpenses": 1346000000,
    "sellingAndMarketingExpenses": 0,
    "sellingGeneralAndAdministrativeExpenses": 1346000000,
    "otherExpenses": -2200000000,
    "operatingExpenses": -854000000,
    "costAndExpenses": 6106000000,
    "interestIncome": 61000000,
    "interestExpense": 112000000,
    "depreciationAndAmortization": 856000000,
    "ebitda": 1505000000,
    "ebitdaratio": 0.2227979275,
    "operatingIncome": 649000000,
    "operatingIncomeRatio": 0.09607698,
    "totalOtherIncomeExpensesNet": 0,
    "incomeBeforeTax": 649000000,
    "incomeBeforeTaxRatio": 0.09607698,
    "incomeTaxExpense": 168000000,
    "netIncome": 459000000,
    "netIncomeRatio": 0.0679496669,
    "eps": 0.72,
    "epsdiluted": 0.71,
    "weightedAverageShsOut": 641621768,
    "weightedAverageShsOutDil": 647365442,
    "link": "https://www.sec.gov/Archives/edgar/data/5272/000000527224000126/0000005272-24-000126-index.htm",
    "finalLink": "https://www.sec.gov/Archives/edgar/data/5272/000000527224000126/aig-20240930.htm"
  },
  {
    "date": "2024-06-30",
    "symbol": "AIG",
    "reportedCurrency": "USD",
    "cik": "0000005272",
    "fillingDate": "2024-08-01",
    "acceptedDate": "2024-08-01 11:04:42",
    "calendarYear": "2024",
    "period": "Q2",
    "revenue": 6587000000,
    "costOfRevenue": 0,
    "grossProfit": 6587000000,
    "grossProfitRatio": 1,
    "researchAndDevelopmentExpenses": 0,
    "generalAndAdministrativeExpenses": 1610000000,
    "sellingAndMarketingExpenses": 0,
    "sellingGeneralAndAdministrativeExpenses": 1610000000,
    "otherExpenses": 0,
    "operatingExpenses": 4475000000,
    "costAndExpenses": 6085000000,
    "interestIncome": 0,
    "interestExpense": 125000000,
    "depreciationAndAmortization": 838000000,
    "ebitda": 1580000000,
    "ebitdaratio": 0.2398664035,
    "operatingIncome": 475000000,
    "operatingIncomeRatio": 0.0721117352,
    "totalOtherIncomeExpensesNet": 142000000,
    "incomeBeforeTax": 617000000,
    "incomeBeforeTaxRatio": 0.0936693487,
    "incomeTaxExpense": 142000000,
    "netIncome": -3977000000,
    "netIncomeRatio": -0.6037649917,
    "eps": -6.02,
    "epsdiluted": -5.96,
    "weightedAverageShsOut": 661092967,
    "weightedAverageShsOutDil": 666955168,
    "link": "https://www.sec.gov/Archives/edgar/data/5272/000000527224000079/0000005272-24-000079-index.htm",
    "finalLink": "https://www.sec.gov/Archives/edgar/data/5272/000000527224000079/aig-20240630.htm"
  },
  {
    "date": "2024-03-31",
    "symbol": "AIG",
    "reportedCurrency": "USD",
    "cik": "0000005272",
    "fillingDate": "2024-05-02",
    "acceptedDate": "2024-05-02 15:04:33",
    "calendarYear": "2024",
    "period": "Q1",
    "revenue": 12600000000,
    "costOfRevenue": 0,
    "grossProfit": 12600000000,
    "grossProfitRatio": 1,
    "researchAndDevelopmentExpenses": 0,
    "generalAndAdministrativeExpenses": 2014000000,
    "sellingAndMarketingExpenses": 0,
    "sellingGeneralAndAdministrativeExpenses": 2014000000,
    "otherExpenses": 8535000000,
    "operatingExpenses": 10549000000,
    "costAndExpenses": 10549000000,
    "interestIncome": 649000000,
    "interestExpense": 260000000,
    "depreciationAndAmortization": 913000000,
    "ebitda": 2964000000,
    "ebitdaratio": 0.2352380952,
    "operatingIncome": 2051000000,
    "operatingIncomeRatio": 0.1627777778,
    "totalOtherIncomeExpensesNet": 0,
    "incomeBeforeTax": 2051000000,
    "incomeBeforeTaxRatio": 0.1627777778,
    "incomeTaxExpense": 451000000,
    "netIncome": 1216000000,
    "netIncomeRatio": 0.0965079365,
    "eps": 1.75,
    "epsdiluted": 1.74,
    "weightedAverageShsOut": 682576848,
    "weightedAverageShsOutDil": 687961518,
    "link": "https://www.sec.gov/Archives/edgar/data/5272/000000527224000051/0000005272-24-000051-index.htm",
    "finalLink": "https://www.sec.gov/Archives/edgar/data/5272/000000527224000051/aig-20240331.htm"
  },
  {
    "date": "2023-12-31",
    "symbol": "AIG",
    "reportedCurrency": "USD",
    "cik": "0000005272",
    "fillingDate": "2024-02-14",
    "acceptedDate": "2024-02-14 15:48:01",
    "calendarYear": "2023",
    "period": "Q4",
    "revenue": 9970000000,
    "costOfRevenue": 0,
    "grossProfit": 9970000000,
    "grossProfitRatio": 1,
    "researchAndDevelopmentExpenses": 0,
    "generalAndAdministrativeExpenses": 2134000000,
    "sellingAndMarketingExpenses": 0,
    "sellingGeneralAndAdministrativeExpenses": 2134000000,
    "otherExpenses": 9182000000,
    "operatingExpenses": 11316000000,
    "costAndExpenses": 11258000000,
    "interestIncome": 0,
    "interestExpense": 271000000,
    "depreciationAndAmortization": 969000000,
    "ebitda": -377000000,
    "ebitdaratio": -0.0378134403,
    "operatingIncome": -1346000000,
    "operatingIncomeRatio": -0.135005015,
    "totalOtherIncomeExpensesNet": 0,
    "incomeBeforeTax": -1346000000,
    "incomeBeforeTaxRatio": -0.135005015,
    "incomeTaxExpense": -873000000,
    "netIncome": 93000000,
    "netIncomeRatio": 0.009327984,
    "eps": 0.12,
    "epsdiluted": 0.12,
    "weightedAverageShsOut": 701500000,
    "weightedAverageShsOutDil": 708000000,
    "link": "https://www.sec.gov/Archives/edgar/data/5272/000000527224000023/0000005272-24-000023-index.htm",
    "finalLink": "https://www.sec.gov/Archives/edgar/data/5272/000000527224000023/aig-20231231.htm"
  },
  {
    "date": "2023-09-30",
    "symbol": "AIG",
    "reportedCurrency": "USD",
    "cik": "0000005272",
    "fillingDate": "2023-11-02",
    "acceptedDate": "2023-11-02 11:35:42",
    "calendarYear": "2023",
    "period": "Q3",
    "revenue": 7287000000,
    "costOfRevenue": 0,
    "grossProfit": 7287000000,
    "grossProfitRatio": 1,
    "researchAndDevelopmentExpenses": 0,
    "generalAndAdministrativeExpenses": 1311000000,
    "sellingAndMarketingExpenses": 0,
    "sellingGeneralAndAdministrativeExpenses": 1311000000,
    "otherExpenses": 0,
    "operatingExpenses": 7910000000,
    "costAndExpenses": 10027000000,
    "interestIncome": 83000000,
    "interestExpense": 138000000,
    "depreciationAndAmortization": 869000000,
    "ebitda": 1969000000,
    "ebitdaratio": 0.2702072183,
    "operatingIncome": 1100000000,
    "operatingIncomeRatio": 0.1509537533,
    "totalOtherIncomeExpensesNet": 2468000000,
    "incomeBeforeTax": 3568000000,
    "incomeBeforeTaxRatio": 0.4896390833,
    "incomeTaxExpense": 821000000,
    "netIncome": 2027000000,
    "netIncomeRatio": 0.2781665981,
    "eps": 2.83,
    "epsdiluted": 2.81,
    "weightedAverageShsOut": 712598496,
    "weightedAverageShsOutDil": 718727312,
    "link": "https://www.sec.gov/Archives/edgar/data/5272/000000527223000045/0000005272-23-000045-index.htm",
    "finalLink": "https://www.sec.gov/Archives/edgar/data/5272/000000527223000045/aig-20230930.htm"
  },
  {
    "date": "2023-06-30",
    "symbol": "AIG",
    "reportedCurrency": "USD",
    "cik": "0000005272",
    "fillingDate": "2023-08-02",
    "acceptedDate": "2023-08-02 12:11:09",
    "calendarYear": "2023",
    "period": "Q2",
    "revenue": 7464000000,
    "costOfRevenue": 0,
    "grossProfit": 7464000000,
    "grossProfitRatio": 1,
    "researchAndDevelopmentExpenses": 0,
    "generalAndAdministrativeExpenses": 1494000000,
    "sellingAndMarketingExpenses": 0,
    "sellingGeneralAndAdministrativeExpenses": 1494000000,
    "otherExpenses": 0,
    "operatingExpenses": 6578000000,
    "costAndExpenses": 6578000000,
    "interestIncome": 82000000,
    "interestExpense": 129000000,
    "depreciationAndAmortization": 838000000,
    "ebitda": 1724000000,
    "ebitdaratio": 0.2309753483,
    "operatingIncome": 886000000,
    "operatingIncomeRatio": 0.1187031083,
    "totalOtherIncomeExpensesNet": 0,
    "incomeBeforeTax": 886000000,
    "incomeBeforeTaxRatio": 0.1187031083,
    "incomeTaxExpense": 45000000,
    "netIncome": 1493000000,
    "netIncomeRatio": 0.2000267953,
    "eps": 2.05,
    "epsdiluted": 2.03,
    "weightedAverageShsOut": 725754549,
    "weightedAverageShsOutDil": 730547112,
    "link": "https://www.sec.gov/Archives/edgar/data/5272/000000527223000033/0000005272-23-000033-index.htm",
    "finalLink": "https://www.sec.gov/Archives/edgar/data/5272/000000527223000033/aig-20230630.htm"
  },
  {
    "date": "2023-03-31",
    "symbol": "AIG",
    "reportedCurrency": "USD",
    "cik": "0000005272",
    "fillingDate": "2023-05-05",
    "acceptedDate": "2023-05-05 16:36:39",
    "calendarYear": "2023",
    "period": "Q1",
    "revenue": 11047000000,
    "costOfRevenue": 0,
    "grossProfit": 11047000000,
    "grossProfitRatio": 1,
    "researchAndDevelopmentExpenses": 0,
    "generalAndAdministrativeExpenses": 1980000000,
    "sellingAndMarketingExpenses": 0,
    "sellingGeneralAndAdministrativeExpenses": 1980000000,
    "otherExpenses": 0,
    "operatingExpenses": 9091000000,
    "costAndExpenses": 11071000000,
    "interestIncome": 567000000,
    "interestExpense": 307000000,
    "depreciationAndAmortization": 1186000000,
    "ebitda": 955000000,
    "ebitdaratio": 0.0864488096,
    "operatingIncome": -87000000,
    "operatingIncomeRatio": -0.0078754413,
    "totalOtherIncomeExpensesNet": -144000000,
    "incomeBeforeTax": -231000000,
    "incomeBeforeTaxRatio": -0.0209106545,
    "incomeTaxExpense": -144000000,
    "netIncome": 30000000,
    "netIncomeRatio": 0.0027156694,
    "eps": 0.0406,
    "epsdiluted": 0.0403,
    "weightedAverageShsOut": 738661428,
    "weightedAverageShsOutDil": 744099186,
    "link": "https://www.sec.gov/Archives/edgar/data/5272/000000527223000023/0000005272-23-000023-index.htm",
    "finalLink": "https://www.sec.gov/Archives/edgar/data/5272/000000527223000023/aig-20230331.htm"
  },
  {
    "date": "2022-12-31",
    "symbol": "AIG",
    "reportedCurrency": "USD",
    "cik": "0000005272",
    "fillingDate": "2023-02-17",
    "acceptedDate": "2023-02-17 13:24:05",
    "calendarYear": "2022",
    "period": "Q4",
    "revenue": 11641000000,
    "costOfRevenue": 0,
    "grossProfit": 11641000000,
    "grossProfitRatio": 1,
    "researchAndDevelopmentExpenses": 0,
    "generalAndAdministrativeExpenses": 2698000000,
    "sellingAndMarketingExpenses": 0,
    "sellingGeneralAndAdministrativeExpenses": 2698000000,
    "otherExpenses": 8664000000,
    "operatingExpenses": 11362000000,
    "costAndExpenses": 11362000000,
    "interestIncome": 734000000,
    "interestExpense": 314000000,
    "depreciationAndAmortization": 930000000,
    "ebitda": 1209000000,
    "ebitdaratio": 0.103857057,
    "operatingIncome": 279000000,
    "operatingIncomeRatio": 0.0239670131,
    "totalOtherIncomeExpensesNet": 0,
    "incomeBeforeTax": 279000000,
    "incomeBeforeTaxRatio": 0.0239670131,
    "incomeTaxExpense": 93000000,
    "netIncome": 271000000,
    "netIncomeRatio": 0.023279787,
    "eps": 0.34,
    "epsdiluted": 0.34,
    "weightedAverageShsOut": 778621118,
    "weightedAverageShsOutDil": 787941750,
    "link": "https://www.sec.gov/Archives/edgar/data/5272/000000527223000007/0000005272-23-000007-index.htm",
    "finalLink": "https://www.sec.gov/Archives/edgar/data/5272/000000527223000007/aig-20221231.htm"
  },
  {
    "date": "2022-09-30",
    "symbol": "AIG",
    "reportedCurrency": "USD",
    "cik": "0000005272",
    "fillingDate": "2022-11-02",
    "acceptedDate": "2022-11-02 16:30:39",
    "calendarYear": "2022",
    "period": "Q3",
    "revenue": 14042000000,
    "costOfRevenue": 1533000000,
    "grossProfit": 12509000000,
    "grossProfitRatio": 0.8908275174,
    "researchAndDevelopmentExpenses": 0,
    "generalAndAdministrativeExpenses": 2075000000,
    "sellingAndMarketingExpenses": 0,
    "sellingGeneralAndAdministrativeExpenses": 2075000000,
    "otherExpenses": 0,
    "operatingExpenses": 10138000000,
    "costAndExpenses": 11561000000,
    "interestIncome": 549000000,
    "interestExpense": 282000000,
    "depreciationAndAmortization": 1131000000,
    "ebitda": 5035000000,
    "ebitdaratio": 0.3585671557,
    "operatingIncome": 4270000000,
    "operatingIncomeRatio": 0.3040877368,
    "totalOtherIncomeExpensesNet": -366000000,
    "incomeBeforeTax": 3904000000,
    "incomeBeforeTaxRatio": 0.2780230736,
    "incomeTaxExpense": 817000000,
    "netIncome": 2748000000,
    "netIncomeRatio": 0.1956986184,
    "eps": 3.59,
    "epsdiluted": 3.55,
    "weightedAverageShsOut": 763051482,
    "weightedAverageShsOutDil": 771132401,
    "link": "https://www.sec.gov/Archives/edgar/data/5272/000000527222000027/0000005272-22-000027-index.htm",
    "finalLink": "https://www.sec.gov/Archives/edgar/data/5272/000000527222000027/aig-20220930.htm"
  },
  {
    "date": "2022-06-30",
    "symbol": "AIG",
    "reportedCurrency": "USD",
    "cik": "0000005272",
    "fillingDate": "2022-08-09",
    "acceptedDate": "2022-08-09 10:14:23",
    "calendarYear": "2022",
    "period": "Q2",
    "revenue": 13681000000,
    "costOfRevenue": 1463000000,
    "grossProfit": 12218000000,
    "grossProfitRatio": 0.8930633726,
    "researchAndDevelopmentExpenses": 0,
    "generalAndAdministrativeExpenses": 2206000000,
    "sellingAndMarketingExpenses": 0,
    "sellingGeneralAndAdministrativeExpenses": 2206000000,
    "otherExpenses": 0,
    "operatingExpenses": 9756000000,
    "costAndExpenses": 11048000000,
    "interestIncome": 440000000,
    "interestExpense": 266000000,
    "depreciationAndAmortization": 1056000000,
    "ebitda": 4981000000,
    "ebitdaratio": 0.364081573,
    "operatingIncome": 5062000000,
    "operatingIncomeRatio": 0.3700021928,
    "totalOtherIncomeExpensesNet": -1137000000,
    "incomeBeforeTax": 3925000000,
    "incomeBeforeTaxRatio": 0.2868942329,
    "incomeTaxExpense": 845000000,
    "netIncome": 2754000000,
    "netIncomeRatio": 0.2013010745,
    "eps": 3.47,
    "epsdiluted": 3.43,
    "weightedAverageShsOut": 790897301,
    "weightedAverageShsOutDil": 800730746,
    "link": "https://www.sec.gov/Archives/edgar/data/5272/000000527222000021/0000005272-22-000021-index.htm",
    "finalLink": "https://www.sec.gov/Archives/edgar/data/5272/000000527222000021/aig-20220630.htm"
  },
  {
    "date": "2022-03-31",
    "symbol": "AIG",
    "reportedCurrency": "USD",
    "cik": "0000005272",
    "fillingDate": "2022-05-05",
    "acceptedDate": "2022-05-05 08:10:31",
    "calendarYear": "2022",
    "period": "Q1",
    "revenue": 14971000000,
    "costOfRevenue": 1344000000,
    "grossProfit": 13627000000,
    "grossProfitRatio": 0.9102264378,
    "researchAndDevelopmentExpenses": 0,
    "generalAndAdministrativeExpenses": 2164000000,
    "sellingAndMarketingExpenses": 0,
    "sellingGeneralAndAdministrativeExpenses": 2164000000,
    "otherExpenses": 0,
    "operatingExpenses": 9257000000,
    "costAndExpenses": 9257000000,
    "interestIncome": 453000000,
    "interestExpense": 263000000,
    "depreciationAndAmortization": 1134000000,
    "ebitda": 6848000000,
    "ebitdaratio": 0.4574176742,
    "operatingIncome": 6151000000,
    "operatingIncomeRatio": 0.4108609979,
    "totalOtherIncomeExpensesNet": -437000000,
    "incomeBeforeTax": 5714000000,
    "incomeBeforeTaxRatio": 0.381671231,
    "incomeTaxExpense": 1154000000,
    "netIncome": 4173000000,
    "netIncomeRatio": 0.2787388952,
    "eps": 5.1,
    "epsdiluted": 5.04,
    "weightedAverageShsOut": 816314273,
    "weightedAverageShsOutDil": 826012610,
    "link": "https://www.sec.gov/Archives/edgar/data/5272/000110465922056167/0001104659-22-056167-index.htm",
    "finalLink": "https://www.sec.gov/Archives/edgar/data/5272/000110465922056167/aig-20220331.htm"
  },
  {
    "date": "2021-12-31",
    "symbol": "AIG",
    "reportedCurrency": "USD",
    "cik": "0000005272",
    "fillingDate": "2022-02-17",
    "acceptedDate": "2022-02-17 15:27:18",
    "calendarYear": "2021",
    "period": "Q4",
    "revenue": 13915000000,
    "costOfRevenue": 0,
    "grossProfit": 13915000000,
    "grossProfitRatio": 1,
    "researchAndDevelopmentExpenses": 0,
    "generalAndAdministrativeExpenses": 2244000000,
    "sellingAndMarketingExpenses": 0,
    "sellingGeneralAndAdministrativeExpenses": 2244000000,
    "otherExpenses": 6623000000,
    "operatingExpenses": 8867000000,
    "costAndExpenses": 8867000000,
    "interestIncome": 657000000,
    "interestExpense": 297000000,
    "depreciationAndAmortization": 1043000000,
    "ebitda": 6091000000,
    "ebitdaratio": 0.4377290693,
    "operatingIncome": 5048000000,
    "operatingIncomeRatio": 0.3627739849,
    "totalOtherIncomeExpensesNet": 0,
    "incomeBeforeTax": 5048000000,
    "incomeBeforeTaxRatio": 0.3627739849,
    "incomeTaxExpense": 942000000,
    "netIncome": 3746000000,
    "netIncomeRatio": 0.2692058929,
    "eps": 4.81,
    "epsdiluted": 4.75,
    "weightedAverageShsOut": 854320449,
    "weightedAverageShsOutDil": 864884879,
    "link": "https://www.sec.gov/Archives/edgar/data/5272/000110465922024701/0001104659-22-024701-index.htm",
    "finalLink": "https://www.sec.gov/Archives/edgar/data/5272/000110465922024701/aig-20211231.htm"
  },
  {
    "date": "2021-09-30",
    "symbol": "AIG",
    "reportedCurrency": "USD",
    "cik": "0000005272",
    "fillingDate": "2021-11-05",
    "acceptedDate": "2021-11-05 14:54:37",
    "calendarYear": "2021",
    "period": "Q3",
    "revenue": 12810000000,
    "costOfRevenue": 2215000000,
    "grossProfit": 10595000000,
    "grossProfitRatio": 0.8270882123,
    "researchAndDevelopmentExpenses": 0,
    "generalAndAdministrativeExpenses": 2240000000,
    "sellingAndMarketingExpenses": 0,
    "sellingGeneralAndAdministrativeExpenses": 2240000000,
    "otherExpenses": 0,
    "operatingExpenses": 10634000000,
    "costAndExpenses": 11098000000,
    "interestIncome": 435000000,
    "interestExpense": 328000000,
    "depreciationAndAmortization": 1220000000,
    "ebitda": 3396000000,
    "ebitdaratio": 0.2651053864,
    "operatingIncome": 2357000000,
    "operatingIncomeRatio": 0.1839968774,
    "totalOtherIncomeExpensesNet": -181000000,
    "incomeBeforeTax": 2176000000,
    "incomeBeforeTaxRatio": 0.1698672912,
    "incomeTaxExpense": 439000000,
    "netIncome": 1667000000,
    "netIncomeRatio": 0.1301327088,
    "eps": 1.95,
    "epsdiluted": 1.92,
    "weightedAverageShsOut": 852765263,
    "weightedAverageShsOutDil": 864019494,
    "link": "https://www.sec.gov/Archives/edgar/data/5272/000110465921134956/0001104659-21-134956-index.htm",
    "finalLink": "https://www.sec.gov/Archives/edgar/data/5272/000110465921134956/aig-20210930.htm"
  },
  {
    "date": "2021-06-30",
    "symbol": "AIG",
    "reportedCurrency": "USD",
    "cik": "0000005272",
    "fillingDate": "2021-08-06",
    "acceptedDate": "2021-08-06 12:37:44",
    "calendarYear": "2021",
    "period": "Q2",
    "revenue": 10681000000,
    "costOfRevenue": 0,
    "grossProfit": 10681000000,
    "grossProfitRatio": 1,
    "researchAndDevelopmentExpenses": 0,
    "generalAndAdministrativeExpenses": 2218000000,
    "sellingAndMarketingExpenses": 0,
    "sellingGeneralAndAdministrativeExpenses": 2218000000,
    "otherExpenses": 0,
    "operatingExpenses": 8313000000,
    "costAndExpenses": 10531000000,
    "interestIncome": 503000000,
    "interestExpense": 338000000,
    "depreciationAndAmortization": 947000000,
    "ebitda": 1094000000,
    "ebitdaratio": 0.1024248666,
    "operatingIncome": 150000000,
    "operatingIncomeRatio": 0.0140436289,
    "totalOtherIncomeExpensesNet": -3000000,
    "incomeBeforeTax": 147000000,
    "incomeBeforeTaxRatio": 0.0137627563,
    "incomeTaxExpense": -3000000,
    "netIncome": 99000000,
    "netIncomeRatio": 0.0092687951,
    "eps": 0.11,
    "epsdiluted": 0.11,
    "weightedAverageShsOut": 862930931,
    "weightedAverageShsOutDil": 872877303,
    "link": "https://www.sec.gov/Archives/edgar/data/5272/000110465921101301/0001104659-21-101301-index.htm",
    "finalLink": "https://www.sec.gov/Archives/edgar/data/5272/000110465921101301/aig-20210630.htm"
  },
  {
    "date": "2021-03-31",
    "symbol": "AIG",
    "reportedCurrency": "USD",
    "cik": "0000005272",
    "fillingDate": "2021-05-07",
    "acceptedDate": "2021-05-07 13:24:52",
    "calendarYear": "2021",
    "period": "Q1",
    "revenue": 14418000000,
    "costOfRevenue": 2052000000,
    "grossProfit": 12366000000,
    "grossProfitRatio": 0.8576779026,
    "researchAndDevelopmentExpenses": 0,
    "generalAndAdministrativeExpenses": 2088000000,
    "sellingAndMarketingExpenses": 0,
    "sellingGeneralAndAdministrativeExpenses": 2088000000,
    "otherExpenses": 0,
    "operatingExpenses": 8436000000,
    "costAndExpenses": 10524000000,
    "interestIncome": 414000000,
    "interestExpense": 342000000,
    "depreciationAndAmortization": 1423000000,
    "ebitda": 6151000000,
    "ebitdaratio": 0.4266195034,
    "operatingIncome": 5129000000,
    "operatingIncomeRatio": 0.3557358857,
    "totalOtherIncomeExpensesNet": -401000000,
    "incomeBeforeTax": 4728000000,
    "incomeBeforeTaxRatio": 0.327923429,
    "incomeTaxExpense": 798000000,
    "netIncome": 3876000000,
    "netIncomeRatio": 0.2688306284,
    "eps": 4.45,
    "epsdiluted": 4.41,
    "weightedAverageShsOut": 868105069,
    "weightedAverageShsOutDil": 876269924,
    "link": "https://www.sec.gov/Archives/edgar/data/5272/000110465921062977/0001104659-21-062977-index.htm",
    "finalLink": "https://www.sec.gov/Archives/edgar/data/5272/000110465921062977/aig-20210331.htm"
  },
  {
    "date": "2020-12-31",
    "symbol": "AIG",
    "reportedCurrency": "USD",
    "cik": "0000005272",
    "fillingDate": "2021-02-19",
    "acceptedDate": "2021-02-19 16:05:19",
    "calendarYear": "2020",
    "period": "Q4",
    "revenue": 9712000000,
    "costOfRevenue": 0,
    "grossProfit": 9712000000,
    "grossProfitRatio": 1,
    "researchAndDevelopmentExpenses": 0,
    "generalAndAdministrativeExpenses": 2165000000,
    "sellingAndMarketingExpenses": 0,
    "sellingGeneralAndAdministrativeExpenses": 2165000000,
    "otherExpenses": 8105000000,
    "operatingExpenses": 10270000000,
    "costAndExpenses": 10270000000,
    "interestIncome": 489000000,
    "interestExpense": 358000000,
    "depreciationAndAmortization": 897000000,
    "ebitda": 339000000,
    "ebitdaratio": 0.0349052718,
    "operatingIncome": -558000000,
    "operatingIncomeRatio": -0.0574546952,
    "totalOtherIncomeExpensesNet": 0,
    "incomeBeforeTax": -558000000,
    "incomeBeforeTaxRatio": -0.0574546952,
    "incomeTaxExpense": -542000000,
    "netIncome": -53000000,
    "netIncomeRatio": -0.0054571664,
    "eps": -0.061,
    "epsdiluted": -0.061,
    "weightedAverageShsOut": 869309458,
    "weightedAverageShsOutDil": 869309458,
    "link": "https://www.sec.gov/Archives/edgar/data/5272/000110465921025742/0001104659-21-025742-index.htm",
    "finalLink": "https://www.sec.gov/Archives/edgar/data/5272/000110465921025742/aig-20201231.htm"
  },
  {
    "date": "2020-09-30",
    "symbol": "AIG",
    "reportedCurrency": "USD",
    "cik": "0000005272",
    "fillingDate": "2020-11-06",
    "acceptedDate": "2020-11-06 11:29:10",
    "calendarYear": "2020",
    "period": "Q3",
    "revenue": 10221000000,
    "costOfRevenue": 0,
    "grossProfit": 10221000000,
    "grossProfitRatio": 1,
    "researchAndDevelopmentExpenses": 0,
    "generalAndAdministrativeExpenses": 1991000000,
    "sellingAndMarketingExpenses": 0,
    "sellingGeneralAndAdministrativeExpenses": 1991000000,
    "otherExpenses": 0,
    "operatingExpenses": 7936000000,
    "costAndExpenses": 9927000000,
    "interestIncome": 443000000,
    "interestExpense": 379000000,
    "depreciationAndAmortization": 663000000,
    "ebitda": 1031000000,
    "ebitdaratio": 0.1008707563,
    "operatingIncome": 294000000,
    "operatingIncomeRatio": 0.0287643088,
    "totalOtherIncomeExpensesNet": 74000000,
    "incomeBeforeTax": 368000000,
    "incomeBeforeTaxRatio": 0.0360043049,
    "incomeTaxExpense": 74000000,
    "netIncome": 288000000,
    "netIncomeRatio": 0.0281772821,
    "eps": 0.32,
    "epsdiluted": 0.32,
    "weightedAverageShsOut": 867713308,
    "weightedAverageShsOutDil": 873130950,
    "link": "https://www.sec.gov/Archives/edgar/data/5272/000110465920122282/0001104659-20-122282-index.htm",
    "finalLink": "https://www.sec.gov/Archives/edgar/data/5272/000110465920122282/aig-20200930.htm"
  },
  {
    "date": "2020-06-30",
    "symbol": "AIG",
    "reportedCurrency": "USD",
    "cik": "0000005272",
    "fillingDate": "2020-08-04",
    "acceptedDate": "2020-08-04 14:07:06",
    "calendarYear": "2020",
    "period": "Q2",
    "revenue": 9414000000,
    "costOfRevenue": 2105000000,
    "grossProfit": 7309000000,
    "grossProfitRatio": 0.7763968557,
    "researchAndDevelopmentExpenses": 0,
    "generalAndAdministrativeExpenses": 2087000000,
    "sellingAndMarketingExpenses": 0,
    "sellingGeneralAndAdministrativeExpenses": 2087000000,
    "otherExpenses": 0,
    "operatingExpenses": 15074000000,
    "costAndExpenses": 17161000000,
    "interestIncome": 498000000,
    "interestExpense": 365000000,
    "depreciationAndAmortization": 682000000,
    "ebitda": -9296000000,
    "ebitdaratio": -0.9874654769,
    "operatingIncome": -7765000000,
    "operatingIncomeRatio": -0.8248353516,
    "totalOtherIncomeExpensesNet": -1896000000,
    "incomeBeforeTax": -9661000000,
    "incomeBeforeTaxRatio": -1.0262375186,
    "incomeTaxExpense": -1896000000,
    "netIncome": -7928000000,
    "netIncomeRatio": -0.8421499894,
    "eps": -9.14,
    "epsdiluted": -9.14,
    "weightedAverageShsOut": 866968305,
    "weightedAverageShsOutDil": 866968305,
    "link": "https://www.sec.gov/Archives/edgar/data/5272/000110465920090177/0001104659-20-090177-index.htm",
    "finalLink": "https://www.sec.gov/Archives/edgar/data/5272/000110465920090177/aig-20200630.htm"
  },
  {
    "date": "2020-03-31",
    "symbol": "AIG",
    "reportedCurrency": "USD",
    "cik": "0000005272",
    "fillingDate": "2020-05-05",
    "acceptedDate": "2020-05-05 10:16:32",
    "calendarYear": "2020",
    "period": "Q1",
    "revenue": 14481000000,
    "costOfRevenue": 2191000000,
    "grossProfit": 12290000000,
    "grossProfitRatio": 0.8486982943,
    "researchAndDevelopmentExpenses": 0,
    "generalAndAdministrativeExpenses": 2153000000,
    "sellingAndMarketingExpenses": 0,
    "sellingGeneralAndAdministrativeExpenses": 2153000000,
    "otherExpenses": 0,
    "operatingExpenses": 10636000000,
    "costAndExpenses": 12789000000,
    "interestIncome": 513000000,
    "interestExpense": 355000000,
    "depreciationAndAmortization": 1878000000,
    "ebitda": 4436000000,
    "ebitdaratio": 0.3063324356,
    "operatingIncome": 2558000000,
    "operatingIncomeRatio": 0.1766452593,
    "totalOtherIncomeExpensesNet": 0,
    "incomeBeforeTax": 2558000000,
    "incomeBeforeTaxRatio": 0.1766452593,
    "incomeTaxExpense": 904000000,
    "netIncome": 1749000000,
    "netIncomeRatio": 0.1207789517,
    "eps": 1.99,
    "epsdiluted": 1.98,
    "weightedAverageShsOut": 874213630,
    "weightedAverageShsOutDil": 878866213,
    "link": "https://www.sec.gov/Archives/edgar/data/5272/000110465920056631/0001104659-20-056631-index.htm",
    "finalLink": "https://www.sec.gov/Archives/edgar/data/5272/000110465920056631/aig-20200331.htm"
  },
  {
    "date": "2019-12-31",
    "symbol": "AIG",
    "reportedCurrency": "USD",
    "cik": "0000005272",
    "fillingDate": "2020-02-21",
    "acceptedDate": "2020-02-21 16:26:31",
    "calendarYear": "2019",
    "period": "Q4",
    "revenue": 11826000000,
    "costOfRevenue": 0,
    "grossProfit": 11826000000,
    "grossProfitRatio": 1,
    "researchAndDevelopmentExpenses": 0,
    "generalAndAdministrativeExpenses": 2157000000,
    "sellingAndMarketingExpenses": 0,
    "sellingGeneralAndAdministrativeExpenses": 2157000000,
    "otherExpenses": 8633000000,
    "operatingExpenses": 10790000000,
    "costAndExpenses": 10790000000,
    "interestIncome": 519000000,
    "interestExpense": 360000000,
    "depreciationAndAmortization": 1173000000,
    "ebitda": 2209000000,
    "ebitdaratio": 0.1867918146,
    "operatingIncome": 1036000000,
    "operatingIncomeRatio": 0.0876035853,
    "totalOtherIncomeExpensesNet": 0,
    "incomeBeforeTax": 1036000000,
    "incomeBeforeTaxRatio": 0.0876035853,
    "incomeTaxExpense": 216000000,
    "netIncome": 929000000,
    "netIncomeRatio": 0.0785557247,
    "eps": 1.06,
    "epsdiluted": 1.06,
    "weightedAverageShsOut": 898405537,
    "weightedAverageShsOutDil": 910141242,
    "link": "https://www.sec.gov/Archives/edgar/data/5272/000110465920023889/0001104659-20-023889-index.htm",
    "finalLink": "https://www.sec.gov/Archives/edgar/data/5272/000110465920023889/aig-20191231.htm"
  },
  {
    "date": "2019-09-30",
    "symbol": "AIG",
    "reportedCurrency": "USD",
    "cik": "0000005272",
    "fillingDate": "2019-11-01",
    "acceptedDate": "2019-11-01 10:14:51",
    "calendarYear": "2019",
    "period": "Q3",
    "revenue": 12939000000,
    "costOfRevenue": 2212000000,
    "grossProfit": 10727000000,
    "grossProfitRatio": 0.8290439756,
    "researchAndDevelopmentExpenses": 0,
    "generalAndAdministrativeExpenses": 2187000000,
    "sellingAndMarketingExpenses": 0,
    "sellingGeneralAndAdministrativeExpenses": 2187000000,
    "otherExpenses": 0,
    "operatingExpenses": 9754000000,
    "costAndExpenses": 11941000000,
    "interestIncome": 495000000,
    "interestExpense": 348000000,
    "depreciationAndAmortization": 1176000000,
    "ebitda": 2436000000,
    "ebitdaratio": 0.1882680269,
    "operatingIncome": 973000000,
    "operatingIncomeRatio": 0.0751990107,
    "totalOtherIncomeExpensesNet": 287000000,
    "incomeBeforeTax": 1260000000,
    "incomeBeforeTaxRatio": 0.0973800139,
    "incomeTaxExpense": 287000000,
    "netIncome": 656000000,
    "netIncomeRatio": 0.0506994358,
    "eps": 0.74,
    "epsdiluted": 0.72,
    "weightedAverageShsOut": 877009495,
    "weightedAverageShsOutDil": 895814410,
    "link": "https://www.sec.gov/Archives/edgar/data/5272/000000527219000054/0000005272-19-000054-index.htm",
    "finalLink": "https://www.sec.gov/Archives/edgar/data/5272/000000527219000054/aig-20190930.htm"
  },
  {
    "date": "2019-06-30",
    "symbol": "AIG",
    "reportedCurrency": "USD",
    "cik": "0000005272",
    "fillingDate": "2019-08-08",
    "acceptedDate": "2019-08-08 15:24:38",
    "calendarYear": "2019",
    "period": "Q2",
    "revenue": 12547000000,
    "costOfRevenue": 2126000000,
    "grossProfit": 10421000000,
    "grossProfitRatio": 0.8305571053,
    "researchAndDevelopmentExpenses": 0,
    "generalAndAdministrativeExpenses": 2140000000,
    "sellingAndMarketingExpenses": 0,
    "sellingGeneralAndAdministrativeExpenses": 2140000000,
    "otherExpenses": 0,
    "operatingExpenses": 9030000000,
    "costAndExpenses": 11170000000,
    "interestIncome": 518000000,
    "interestExpense": 360000000,
    "depreciationAndAmortization": 1358000000,
    "ebitda": 3195000000,
    "ebitdaratio": 0.254642544,
    "operatingIncome": 2273000000,
    "operatingIncomeRatio": 0.1811588428,
    "totalOtherIncomeExpensesNet": -436000000,
    "incomeBeforeTax": 1837000000,
    "incomeBeforeTaxRatio": 0.1464095003,
    "incomeTaxExpense": 446000000,
    "netIncome": 1109000000,
    "netIncomeRatio": 0.0883876624,
    "eps": 1.26,
    "epsdiluted": 1.24,
    "weightedAverageShsOut": 876382884,
    "weightedAverageShsOutDil": 888325042,
    "link": "https://www.sec.gov/Archives/edgar/data/5272/000000527219000047/0000005272-19-000047-index.htm",
    "finalLink": "https://www.sec.gov/Archives/edgar/data/5272/000000527219000047/aig-20190630.htm"
  },
  {
    "date": "2019-03-31",
    "symbol": "AIG",
    "reportedCurrency": "USD",
    "cik": "0000005272",
    "fillingDate": "2019-05-07",
    "acceptedDate": "2019-05-07 14:29:31",
    "calendarYear": "2019",
    "period": "Q1",
    "revenue": 12480000000,
    "costOfRevenue": 2077000000,
    "grossProfit": 10403000000,
    "grossProfitRatio": 0.8335737179,
    "researchAndDevelopmentExpenses": 0,
    "generalAndAdministrativeExpenses": 2053000000,
    "sellingAndMarketingExpenses": 0,
    "sellingGeneralAndAdministrativeExpenses": 2053000000,
    "otherExpenses": 0,
    "operatingExpenses": 9466000000,
    "costAndExpenses": 11519000000,
    "interestIncome": 498000000,
    "interestExpense": 349000000,
    "depreciationAndAmortization": 1299000000,
    "ebitda": 2453000000,
    "ebitdaratio": 0.1965544872,
    "operatingIncome": 937000000,
    "operatingIncomeRatio": 0.0750801282,
    "totalOtherIncomeExpensesNet": 217000000,
    "incomeBeforeTax": 1154000000,
    "incomeBeforeTaxRatio": 0.0924679487,
    "incomeTaxExpense": 217000000,
    "netIncome": 654000000,
    "netIncomeRatio": 0.0524038462,
    "eps": 0.75,
    "epsdiluted": 0.75,
    "weightedAverageShsOut": 875383084,
    "weightedAverageShsOutDil": 877512244,
    "link": "https://www.sec.gov/Archives/edgar/data/5272/000000527219000031/0000005272-19-000031-index.htm",
    "finalLink": "https://www.sec.gov/Archives/edgar/data/5272/000000527219000031/maindocument001.htm"
  },
  {
    "date": "2018-12-31",
    "symbol": "AIG",
    "reportedCurrency": "USD",
    "cik": "0000005272",
    "fillingDate": "2019-02-15",
    "acceptedDate": "2019-02-15 13:22:56",
    "calendarYear": "2018",
    "period": "Q4",
    "revenue": 12579000000,
    "costOfRevenue": 0,
    "grossProfit": 12579000000,
    "grossProfitRatio": 1,
    "researchAndDevelopmentExpenses": 0,
    "generalAndAdministrativeExpenses": 2383000000,
    "sellingAndMarketingExpenses": 0,
    "sellingGeneralAndAdministrativeExpenses": 2383000000,
    "otherExpenses": 10891000000,
    "operatingExpenses": 13274000000,
    "costAndExpenses": 13336000000,
    "interestIncome": 0,
    "interestExpense": 407000000,
    "depreciationAndAmortization": 1549000000,
    "ebitda": 854000000,
    "ebitdaratio": 0.0678909293,
    "operatingIncome": -695000000,
    "operatingIncomeRatio": -0.0552508149,
    "totalOtherIncomeExpensesNet": 0,
    "incomeBeforeTax": -695000000,
    "incomeBeforeTaxRatio": -0.0552508149,
    "incomeTaxExpense": -137000000,
    "netIncome": -622000000,
    "netIncomeRatio": -0.0494474919,
    "eps": -0.69,
    "epsdiluted": -0.68,
    "weightedAverageShsOut": 898405537,
    "weightedAverageShsOutDil": 910141242,
    "link": "https://www.sec.gov/Archives/edgar/data/5272/000000527219000023/0000005272-19-000023-index.htm",
    "finalLink": "https://www.sec.gov/Archives/edgar/data/5272/000000527219000023/maindocument001.htm"
  },
  {
    "date": "2018-09-30",
    "symbol": "AIG",
    "reportedCurrency": "USD",
    "cik": "0000005272",
    "fillingDate": "2018-11-02",
    "acceptedDate": "2018-11-02 12:06:36",
    "calendarYear": "2018",
    "period": "Q3",
    "revenue": 11509000000,
    "costOfRevenue": 2348000000,
    "grossProfit": 9161000000,
    "grossProfitRatio": 0.7959857503,
    "researchAndDevelopmentExpenses": 0,
    "generalAndAdministrativeExpenses": 2325000000,
    "sellingAndMarketingExpenses": 0,
    "sellingGeneralAndAdministrativeExpenses": 2325000000,
    "otherExpenses": 0,
    "operatingExpenses": 10381000000,
    "costAndExpenses": 12706000000,
    "interestIncome": 455000000,
    "interestExpense": 326000000,
    "depreciationAndAmortization": 1029000000,
    "ebitda": -498000000,
    "ebitdaratio": -0.043270484,
    "operatingIncome": -1220000000,
    "operatingIncomeRatio": -0.1060039969,
    "totalOtherIncomeExpensesNet": -307000000,
    "incomeBeforeTax": -1527000000,
    "incomeBeforeTaxRatio": -0.1326787731,
    "incomeTaxExpense": -307000000,
    "netIncome": -1259000000,
    "netIncomeRatio": -0.1093926492,
    "eps": -1.41,
    "epsdiluted": -1.41,
    "weightedAverageShsOut": 895237359,
    "weightedAverageShsOutDil": 895237359,
    "link": "https://www.sec.gov/Archives/edgar/data/5272/000000527218000043/0000005272-18-000043-index.htm",
    "finalLink": "https://www.sec.gov/Archives/edgar/data/5272/000000527218000043/maindocument001.htm"
  },
  {
    "date": "2018-06-30",
    "symbol": "AIG",
    "reportedCurrency": "USD",
    "cik": "0000005272",
    "fillingDate": "2018-08-03",
    "acceptedDate": "2018-08-03 15:07:05",
    "calendarYear": "2018",
    "period": "Q2",
    "revenue": 11657000000,
    "costOfRevenue": 0,
    "grossProfit": 11657000000,
    "grossProfitRatio": 1,
    "researchAndDevelopmentExpenses": 0,
    "generalAndAdministrativeExpenses": 2323000000,
    "sellingAndMarketingExpenses": 0,
    "sellingGeneralAndAdministrativeExpenses": 2323000000,
    "otherExpenses": 0,
    "operatingExpenses": 8377000000,
    "costAndExpenses": 10700000000,
    "interestIncome": 447000000,
    "interestExpense": 299000000,
    "depreciationAndAmortization": 1402000000,
    "ebitda": 2654000000,
    "ebitdaratio": 0.2276743588,
    "operatingIncome": 931000000,
    "operatingIncomeRatio": 0.0798661748,
    "totalOtherIncomeExpensesNet": 321000000,
    "incomeBeforeTax": 1252000000,
    "incomeBeforeTaxRatio": 0.107403277,
    "incomeTaxExpense": 321000000,
    "netIncome": 937000000,
    "netIncomeRatio": 0.080380887,
    "eps": 1.04,
    "epsdiluted": 1.02,
    "weightedAverageShsOut": 903215488,
    "weightedAverageShsOutDil": 916572481,
    "link": "https://www.sec.gov/Archives/edgar/data/5272/000000527218000037/0000005272-18-000037-index.htm",
    "finalLink": "https://www.sec.gov/Archives/edgar/data/5272/000000527218000037/maindocument001.htm"
  },
  {
    "date": "2018-03-31",
    "symbol": "AIG",
    "reportedCurrency": "USD",
    "cik": "0000005272",
    "fillingDate": "2018-05-03",
    "acceptedDate": "2018-05-03 16:08:51",
    "calendarYear": "2018",
    "period": "Q1",
    "revenue": 11736000000,
    "costOfRevenue": 2295000000,
    "grossProfit": 9441000000,
    "grossProfitRatio": 0.8044478528,
    "researchAndDevelopmentExpenses": 0,
    "generalAndAdministrativeExpenses": 2271000000,
    "sellingAndMarketingExpenses": 0,
    "sellingGeneralAndAdministrativeExpenses": 2271000000,
    "otherExpenses": 0,
    "operatingExpenses": 8491000000,
    "costAndExpenses": 10762000000,
    "interestIncome": 0,
    "interestExpense": 277000000,
    "depreciationAndAmortization": 1382000000,
    "ebitda": 2609000000,
    "ebitdaratio": 0.2223074301,
    "operatingIncome": 950000000,
    "operatingIncomeRatio": 0.0809475119,
    "totalOtherIncomeExpensesNet": 277000000,
    "incomeBeforeTax": 1227000000,
    "incomeBeforeTaxRatio": 0.1045501022,
    "incomeTaxExpense": 277000000,
    "netIncome": 938000000,
    "netIncomeRatio": 0.079925017,
    "eps": 1.03,
    "epsdiluted": 1.01,
    "weightedAverageShsOut": 907951597,
    "weightedAverageShsOutDil": 925266577,
    "link": "https://www.sec.gov/Archives/edgar/data/5272/000000527218000031/0000005272-18-000031-index.htm",
    "finalLink": "https://www.sec.gov/Archives/edgar/data/5272/000000527218000031/maindocument001.htm"
  },
  {
    "date": "2017-12-31",
    "symbol": "AIG",
    "reportedCurrency": "USD",
    "cik": "0000005272",
    "fillingDate": "2018-02-16",
    "acceptedDate": "2018-02-16 16:45:19",
    "calendarYear": "2017",
    "period": "Q4",
    "revenue": 12629000000,
    "costOfRevenue": 0,
    "grossProfit": 12629000000,
    "grossProfitRatio": 1,
    "researchAndDevelopmentExpenses": 0,
    "generalAndAdministrativeExpenses": 2333000000,
    "sellingAndMarketingExpenses": 0,
    "sellingGeneralAndAdministrativeExpenses": 2333000000,
    "otherExpenses": 9421000000,
    "operatingExpenses": 11754000000,
    "costAndExpenses": 11754000000,
    "interestIncome": 0,
    "interestExpense": 288000000,
    "depreciationAndAmortization": 1068000000,
    "ebitda": 1943000000,
    "ebitdaratio": 0.1538522448,
    "operatingIncome": 875000000,
    "operatingIncomeRatio": 0.069284979,
    "totalOtherIncomeExpensesNet": 0,
    "incomeBeforeTax": 875000000,
    "incomeBeforeTaxRatio": 0.069284979,
    "incomeTaxExpense": 7544000000,
    "netIncome": -6660000000,
    "netIncomeRatio": -0.5273576689,
    "eps": -7.16,
    "epsdiluted": -7.16,
    "weightedAverageShsOut": 930561286,
    "weightedAverageShsOutDil": 930561286,
    "link": "https://www.sec.gov/Archives/edgar/data/5272/000000527218000022/0000005272-18-000022-index.htm",
    "finalLink": "https://www.sec.gov/Archives/edgar/data/5272/000000527218000022/maindocument001.htm"
  },
  {
    "date": "2017-09-30",
    "symbol": "AIG",
    "reportedCurrency": "USD",
    "cik": "0000005272",
    "fillingDate": "2017-11-03",
    "acceptedDate": "2017-11-03 16:05:34",
    "calendarYear": "2017",
    "period": "Q3",
    "revenue": 12062000000,
    "costOfRevenue": 2460000000,
    "grossProfit": 9602000000,
    "grossProfitRatio": 0.7960537224,
    "researchAndDevelopmentExpenses": 0,
    "generalAndAdministrativeExpenses": 2149000000,
    "sellingAndMarketingExpenses": 0,
    "sellingGeneralAndAdministrativeExpenses": 2149000000,
    "otherExpenses": 0,
    "operatingExpenses": 11314000000,
    "costAndExpenses": 13463000000,
    "interestIncome": 0,
    "interestExpense": 290000000,
    "depreciationAndAmortization": 804000000,
    "ebitda": -1999000000,
    "ebitdaratio": -0.1657270768,
    "operatingIncome": -1712000000,
    "operatingIncomeRatio": -0.1419333444,
    "totalOtherIncomeExpensesNet": -1091000000,
    "incomeBeforeTax": -2803000000,
    "incomeBeforeTaxRatio": -0.2323826894,
    "incomeTaxExpense": -1091000000,
    "netIncome": -1739000000,
    "netIncomeRatio": -0.1441717791,
    "eps": -1.91,
    "epsdiluted": -1.91,
    "weightedAverageShsOut": 908667044,
    "weightedAverageShsOutDil": 908667044,
    "link": "https://www.sec.gov/Archives/edgar/data/5272/000000527217000044/0000005272-17-000044-index.htm",
    "finalLink": "https://www.sec.gov/Archives/edgar/data/5272/000000527217000044/maindocument001.htm"
  },
  {
    "date": "2017-06-30",
    "symbol": "AIG",
    "reportedCurrency": "USD",
    "cik": "0000005272",
    "fillingDate": "2017-08-03",
    "acceptedDate": "2017-08-03 16:09:50",
    "calendarYear": "2017",
    "period": "Q2",
    "revenue": 12572000000,
    "costOfRevenue": 2252000000,
    "grossProfit": 10320000000,
    "grossProfitRatio": 0.8208717786,
    "researchAndDevelopmentExpenses": 0,
    "generalAndAdministrativeExpenses": 2182000000,
    "sellingAndMarketingExpenses": 0,
    "sellingGeneralAndAdministrativeExpenses": 2182000000,
    "otherExpenses": 0,
    "operatingExpenses": 9210000000,
    "costAndExpenses": 11392000000,
    "interestIncome": 0,
    "interestExpense": 292000000,
    "depreciationAndAmortization": 990000000,
    "ebitda": 2657000000,
    "ebitdaratio": 0.2113426662,
    "operatingIncome": 1988000000,
    "operatingIncomeRatio": 0.1581291759,
    "totalOtherIncomeExpensesNet": -321000000,
    "incomeBeforeTax": 1667000000,
    "incomeBeforeTaxRatio": 0.1325962456,
    "incomeTaxExpense": 557000000,
    "netIncome": 1130000000,
    "netIncomeRatio": 0.0898822781,
    "eps": 1.22,
    "epsdiluted": 1.19,
    "weightedAverageShsOut": 925751084,
    "weightedAverageShsOutDil": 948248771,
    "link": "https://www.sec.gov/Archives/edgar/data/5272/000000527217000031/0000005272-17-000031-index.htm",
    "finalLink": "https://www.sec.gov/Archives/edgar/data/5272/000000527217000031/maindocument001.htm"
  },
  {
    "date": "2017-03-31",
    "symbol": "AIG",
    "reportedCurrency": "USD",
    "cik": "0000005272",
    "fillingDate": "2017-05-04",
    "acceptedDate": "2017-05-04 16:23:49",
    "calendarYear": "2017",
    "period": "Q1",
    "revenue": 12667000000,
    "costOfRevenue": 2578000000,
    "grossProfit": 10089000000,
    "grossProfitRatio": 0.79647904,
    "researchAndDevelopmentExpenses": 0,
    "generalAndAdministrativeExpenses": 2443000000,
    "sellingAndMarketingExpenses": 0,
    "sellingGeneralAndAdministrativeExpenses": 2443000000,
    "otherExpenses": 0,
    "operatingExpenses": 8878000000,
    "costAndExpenses": 11421000000,
    "interestIncome": 0,
    "interestExpense": 298000000,
    "depreciationAndAmortization": 1012000000,
    "ebitda": 2739000000,
    "ebitdaratio": 0.2162311518,
    "operatingIncome": 2313000000,
    "operatingIncomeRatio": 0.1826004579,
    "totalOtherIncomeExpensesNet": -586000000,
    "incomeBeforeTax": 1727000000,
    "incomeBeforeTaxRatio": 0.1363385174,
    "incomeTaxExpense": 516000000,
    "netIncome": 1185000000,
    "netIncomeRatio": 0.0935501697,
    "eps": 1.21,
    "epsdiluted": 1.18,
    "weightedAverageShsOut": 980777243,
    "weightedAverageShsOutDil": 1005315030,
    "link": "https://www.sec.gov/Archives/edgar/data/5272/000000527217000024/0000005272-17-000024-index.htm",
    "finalLink": "https://www.sec.gov/Archives/edgar/data/5272/000000527217000024/maindocument001.htm"
  },
  {
    "date": "2016-12-31",
    "symbol": "AIG",
    "reportedCurrency": "USD",
    "cik": "0000005272",
    "fillingDate": "2017-02-23",
    "acceptedDate": "2017-02-23 16:09:53",
    "calendarYear": "2016",
    "period": "Q4",
    "revenue": 13076000000,
    "costOfRevenue": 0,
    "grossProfit": 13076000000,
    "grossProfitRatio": 1,
    "researchAndDevelopmentExpenses": 0,
    "generalAndAdministrativeExpenses": 2864000000,
    "sellingAndMarketingExpenses": 0,
    "sellingGeneralAndAdministrativeExpenses": 2864000000,
    "otherExpenses": 13667000000,
    "operatingExpenses": 16531000000,
    "costAndExpenses": 16329000000,
    "interestIncome": 0,
    "interestExpense": 305000000,
    "depreciationAndAmortization": 1276000000,
    "ebitda": -1874000000,
    "ebitdaratio": -0.1433159988,
    "operatingIncome": -3455000000,
    "operatingIncomeRatio": -0.2642245335,
    "totalOtherIncomeExpensesNet": 0,
    "incomeBeforeTax": -3455000000,
    "incomeBeforeTaxRatio": -0.2642245335,
    "incomeTaxExpense": -985000000,
    "netIncome": -3041000000,
    "netIncomeRatio": -0.2325634751,
    "eps": -2.79,
    "epsdiluted": -2.79,
    "weightedAverageShsOut": 1091085131,
    "weightedAverageShsOutDil": 1091085131,
    "link": "https://www.sec.gov/Archives/edgar/data/5272/000000527217000017/0000005272-17-000017-index.htm",
    "finalLink": "https://www.sec.gov/Archives/edgar/data/5272/000000527217000017/maindocument001.htm"
  },
  {
    "date": "2016-09-30",
    "symbol": "AIG",
    "reportedCurrency": "USD",
    "cik": "0000005272",
    "fillingDate": "2016-11-03",
    "acceptedDate": "2016-11-03 16:37:34",
    "calendarYear": "2016",
    "period": "Q3",
    "revenue": 12926000000,
    "costOfRevenue": 2608000000,
    "grossProfit": 10318000000,
    "grossProfitRatio": 0.7982361133,
    "researchAndDevelopmentExpenses": 0,
    "generalAndAdministrativeExpenses": 2536000000,
    "sellingAndMarketingExpenses": 0,
    "sellingGeneralAndAdministrativeExpenses": 2536000000,
    "otherExpenses": 9653000000,
    "operatingExpenses": 9885000000,
    "costAndExpenses": 12421000000,
    "interestIncome": 0,
    "interestExpense": 329000000,
    "depreciationAndAmortization": 544000000,
    "ebitda": 1281000000,
    "ebitdaratio": 0.0991025839,
    "operatingIncome": 737000000,
    "operatingIncomeRatio": 0.0570168652,
    "totalOtherIncomeExpensesNet": 0,
    "incomeBeforeTax": 737000000,
    "incomeBeforeTaxRatio": 0.0570168652,
    "incomeTaxExpense": 304000000,
    "netIncome": 462000000,
    "netIncomeRatio": 0.0357419155,
    "eps": 0.43,
    "epsdiluted": 0.42,
    "weightedAverageShsOut": 1071295892,
    "weightedAverageShsOutDil": 1102400770,
    "link": "https://www.sec.gov/Archives/edgar/data/5272/000000527216000052/0000005272-16-000052-index.htm",
    "finalLink": "https://www.sec.gov/Archives/edgar/data/5272/000000527216000052/maindocument001.htm"
  },
  {
    "date": "2016-06-30",
    "symbol": "AIG",
    "reportedCurrency": "USD",
    "cik": "0000005272",
    "fillingDate": "2016-08-02",
    "acceptedDate": "2016-08-02 16:24:05",
    "calendarYear": "2016",
    "period": "Q2",
    "revenue": 14846000000,
    "costOfRevenue": 2708000000,
    "grossProfit": 12138000000,
    "grossProfitRatio": 0.8175939647,
    "researchAndDevelopmentExpenses": 0,
    "generalAndAdministrativeExpenses": 2586000000,
    "sellingAndMarketingExpenses": 0,
    "sellingGeneralAndAdministrativeExpenses": 2586000000,
    "otherExpenses": 9402000000,
    "operatingExpenses": 10204000000,
    "costAndExpenses": 12790000000,
    "interestIncome": 0,
    "interestExpense": 320000000,
    "depreciationAndAmortization": 1073000000,
    "ebitda": 3931000000,
    "ebitdaratio": 0.2647851273,
    "operatingIncome": 2858000000,
    "operatingIncomeRatio": 0.1925097669,
    "totalOtherIncomeExpensesNet": 0,
    "incomeBeforeTax": 2858000000,
    "incomeBeforeTaxRatio": 0.1925097669,
    "incomeTaxExpense": 924000000,
    "netIncome": 1913000000,
    "netIncomeRatio": 0.1288562576,
    "eps": 1.72,
    "epsdiluted": 1.68,
    "weightedAverageShsOut": 1113587927,
    "weightedAverageShsOutDil": 1140045973,
    "link": "https://www.sec.gov/Archives/edgar/data/5272/000000527216000046/0000005272-16-000046-index.htm",
    "finalLink": "https://www.sec.gov/Archives/edgar/data/5272/000000527216000046/maindocument001.htm"
  },
  {
    "date": "2016-03-31",
    "symbol": "AIG",
    "reportedCurrency": "USD",
    "cik": "0000005272",
    "fillingDate": "2016-05-02",
    "acceptedDate": "2016-05-02 16:20:06",
    "calendarYear": "2016",
    "period": "Q1",
    "revenue": 11906000000,
    "costOfRevenue": 0,
    "grossProfit": 11906000000,
    "grossProfitRatio": 1,
    "researchAndDevelopmentExpenses": 0,
    "generalAndAdministrativeExpenses": 3003000000,
    "sellingAndMarketingExpenses": 0,
    "sellingGeneralAndAdministrativeExpenses": 3003000000,
    "otherExpenses": 9117000000,
    "operatingExpenses": 12120000000,
    "costAndExpenses": 12120000000,
    "interestIncome": 0,
    "interestExpense": 306000000,
    "depreciationAndAmortization": 1197000000,
    "ebitda": 983000000,
    "ebitdaratio": 0.0825634134,
    "operatingIncome": -214000000,
    "operatingIncomeRatio": -0.0179741307,
    "totalOtherIncomeExpensesNet": 0,
    "incomeBeforeTax": -214000000,
    "incomeBeforeTaxRatio": -0.0179741307,
    "incomeTaxExpense": -58000000,
    "netIncome": -183000000,
    "netIncomeRatio": -0.0153704015,
    "eps": -0.12,
    "epsdiluted": -0.16,
    "weightedAverageShsOut": 1525012708,
    "weightedAverageShsOutDil": 1156548459,
    "link": "https://www.sec.gov/Archives/edgar/data/5272/000000527216000041/0000005272-16-000041-index.htm",
    "finalLink": "https://www.sec.gov/Archives/edgar/data/5272/000000527216000041/maindocument001.htm"
  },
  {
    "date": "2015-12-31",
    "symbol": "AIG",
    "reportedCurrency": "USD",
    "cik": "0000005272",
    "fillingDate": "2016-02-19",
    "acceptedDate": "2016-02-19 17:15:13",
    "calendarYear": "2015",
    "period": "Q4",
    "revenue": 14272000000,
    "costOfRevenue": 0,
    "grossProfit": 14272000000,
    "grossProfitRatio": 1,
    "researchAndDevelopmentExpenses": 0,
    "generalAndAdministrativeExpenses": 3472000000,
    "sellingAndMarketingExpenses": 0,
    "sellingGeneralAndAdministrativeExpenses": 3472000000,
    "otherExpenses": 13732000000,
    "operatingExpenses": 17204000000,
    "costAndExpenses": 17665000000,
    "interestIncome": 0,
    "interestExpense": 304000000,
    "depreciationAndAmortization": 1127000000,
    "ebitda": -1805000000,
    "ebitdaratio": -0.1264714126,
    "operatingIncome": -2932000000,
    "operatingIncomeRatio": -0.2054372197,
    "totalOtherIncomeExpensesNet": 0,
    "incomeBeforeTax": -2932000000,
    "incomeBeforeTaxRatio": -0.2054372197,
    "incomeTaxExpense": -1083000000,
    "netIncome": -1841000000,
    "netIncomeRatio": -0.1289938341,
    "eps": -1.42,
    "epsdiluted": -1.38,
    "weightedAverageShsOut": 1299825350,
    "weightedAverageShsOutDil": 1334464883,
    "link": "https://www.sec.gov/Archives/edgar/data/5272/000000527216000035/0000005272-16-000035-index.htm",
    "finalLink": "https://www.sec.gov/Archives/edgar/data/5272/000000527216000035/maindocument001.htm"
  },
  {
    "date": "2015-09-30",
    "symbol": "AIG",
    "reportedCurrency": "USD",
    "cik": "0000005272",
    "fillingDate": "2015-11-02",
    "acceptedDate": "2015-11-02 16:23:23",
    "calendarYear": "2015",
    "period": "Q3",
    "revenue": 12848000000,
    "costOfRevenue": 0,
    "grossProfit": 12848000000,
    "grossProfitRatio": 1,
    "researchAndDevelopmentExpenses": 0,
    "generalAndAdministrativeExpenses": 3175000000,
    "sellingAndMarketingExpenses": 0,
    "sellingGeneralAndAdministrativeExpenses": 3175000000,
    "otherExpenses": 9788000000,
    "operatingExpenses": 12963000000,
    "costAndExpenses": 13002000000,
    "interestIncome": 0,
    "interestExpense": 321000000,
    "depreciationAndAmortization": 1092000000,
    "ebitda": 977000000,
    "ebitdaratio": 0.0760429639,
    "operatingIncome": -115000000,
    "operatingIncomeRatio": -0.0089508095,
    "totalOtherIncomeExpensesNet": 0,
    "incomeBeforeTax": -115000000,
    "incomeBeforeTaxRatio": -0.0089508095,
    "incomeTaxExpense": 65000000,
    "netIncome": -231000000,
    "netIncomeRatio": -0.0179794521,
    "eps": -0.18,
    "epsdiluted": -0.18,
    "weightedAverageShsOut": 1279072748,
    "weightedAverageShsOutDil": 1279072748,
    "link": "https://www.sec.gov/Archives/edgar/data/5272/000000527215000018/0000005272-15-000018-index.htm",
    "finalLink": "https://www.sec.gov/Archives/edgar/data/5272/000000527215000018/maindocument001.htm"
  },
  {
    "date": "2015-06-30",
    "symbol": "AIG",
    "reportedCurrency": "USD",
    "cik": "0000005272",
    "fillingDate": "2015-08-03",
    "acceptedDate": "2015-08-03 16:10:42",
    "calendarYear": "2015",
    "period": "Q2",
    "revenue": 15784000000,
    "costOfRevenue": 3175000000,
    "grossProfit": 12609000000,
    "grossProfitRatio": 0.7988469336,
    "researchAndDevelopmentExpenses": 0,
    "generalAndAdministrativeExpenses": 3090000000,
    "sellingAndMarketingExpenses": 0,
    "sellingGeneralAndAdministrativeExpenses": 3090000000,
    "otherExpenses": 10142000000,
    "operatingExpenses": 10834000000,
    "costAndExpenses": 13924000000,
    "interestIncome": 0,
    "interestExpense": 316000000,
    "depreciationAndAmortization": 1184000000,
    "ebitda": 3736000000,
    "ebitdaratio": 0.2366953877,
    "operatingIncome": 2552000000,
    "operatingIncomeRatio": 0.1616827167,
    "totalOtherIncomeExpensesNet": 0,
    "incomeBeforeTax": 2552000000,
    "incomeBeforeTaxRatio": 0.1616827167,
    "incomeTaxExpense": 777000000,
    "netIncome": 1800000000,
    "netIncomeRatio": 0.1140395337,
    "eps": 1.35,
    "epsdiluted": 1.32,
    "weightedAverageShsOut": 1329157366,
    "weightedAverageShsOutDil": 1365390431,
    "link": "https://www.sec.gov/Archives/edgar/data/5272/000000527215000009/0000005272-15-000009-index.htm",
    "finalLink": "https://www.sec.gov/Archives/edgar/data/5272/000000527215000009/maindocument001.htm"
  },
  {
    "date": "2015-03-31",
    "symbol": "AIG",
    "reportedCurrency": "USD",
    "cik": "0000005272",
    "fillingDate": "2015-05-04",
    "acceptedDate": "2015-05-04 16:02:39",
    "calendarYear": "2015",
    "period": "Q1",
    "revenue": 16021000000,
    "costOfRevenue": 0,
    "grossProfit": 16021000000,
    "grossProfitRatio": 1,
    "researchAndDevelopmentExpenses": 0,
    "generalAndAdministrativeExpenses": 2949000000,
    "sellingAndMarketingExpenses": 0,
    "sellingGeneralAndAdministrativeExpenses": 2949000000,
    "otherExpenses": 9296000000,
    "operatingExpenses": 12245000000,
    "costAndExpenses": 12245000000,
    "interestIncome": 0,
    "interestExpense": 340000000,
    "depreciationAndAmortization": 1226000000,
    "ebitda": 5002000000,
    "ebitdaratio": 0.3122152175,
    "operatingIncome": 3776000000,
    "operatingIncomeRatio": 0.235690656,
    "totalOtherIncomeExpensesNet": 0,
    "incomeBeforeTax": 3776000000,
    "incomeBeforeTaxRatio": 0.235690656,
    "incomeTaxExpense": 1300000000,
    "netIncome": 2468000000,
    "netIncomeRatio": 0.1540478122,
    "eps": 1.81,
    "epsdiluted": 1.78,
    "weightedAverageShsOut": 1365951690,
    "weightedAverageShsOutDil": 1386263549,
    "link": "https://www.sec.gov/Archives/edgar/data/5272/000000527215000006/0000005272-15-000006-index.htm",
    "finalLink": "https://www.sec.gov/Archives/edgar/data/5272/000000527215000006/maindocument001.htm"
  },
  {
    "date": "2014-12-31",
    "symbol": "AIG",
    "reportedCurrency": "USD",
    "cik": "0000005272",
    "fillingDate": "2015-02-20",
    "acceptedDate": "2015-02-20 17:07:30",
    "calendarYear": "2014",
    "period": "Q4",
    "revenue": 15607000000,
    "costOfRevenue": 0,
    "grossProfit": 15607000000,
    "grossProfitRatio": 1,
    "researchAndDevelopmentExpenses": 0,
    "generalAndAdministrativeExpenses": 13138000000,
    "sellingAndMarketingExpenses": 0,
    "sellingGeneralAndAdministrativeExpenses": 13138000000,
    "otherExpenses": 1740000000,
    "operatingExpenses": 14878000000,
    "costAndExpenses": 14878000000,
    "interestIncome": 0,
    "interestExpense": 346000000,
    "depreciationAndAmortization": 1076000000,
    "ebitda": 1805000000,
    "ebitdaratio": 0.1156532325,
    "operatingIncome": 729000000,
    "operatingIncomeRatio": 0.0467098097,
    "totalOtherIncomeExpensesNet": 0,
    "incomeBeforeTax": 729000000,
    "incomeBeforeTaxRatio": 0.0467098097,
    "incomeTaxExpense": 19000000,
    "netIncome": 655000000,
    "netIncomeRatio": 0.0419683475,
    "eps": 0.47,
    "epsdiluted": 0.46,
    "weightedAverageShsOut": 1427959799,
    "weightedAverageShsOutDil": 1447553652,
    "link": "https://www.sec.gov/Archives/edgar/data/5272/000000527215000002/0000005272-15-000002-index.htm",
    "finalLink": "https://www.sec.gov/Archives/edgar/data/5272/000000527215000002/maindocument001.htm"
  },
  {
    "date": "2014-09-30",
    "symbol": "AIG",
    "reportedCurrency": "USD",
    "cik": "0000005272",
    "fillingDate": "2014-11-03",
    "acceptedDate": "2014-11-03 16:06:18",
    "calendarYear": "2014",
    "period": "Q3",
    "revenue": 16760000000,
    "costOfRevenue": 0,
    "grossProfit": 16760000000,
    "grossProfitRatio": 1,
    "researchAndDevelopmentExpenses": 0,
    "generalAndAdministrativeExpenses": 3151000000,
    "sellingAndMarketingExpenses": 0,
    "sellingGeneralAndAdministrativeExpenses": 3151000000,
    "otherExpenses": 10590000000,
    "operatingExpenses": 13741000000,
    "costAndExpenses": 13741000000,
    "interestIncome": 0,
    "interestExpense": 430000000,
    "depreciationAndAmortization": 1029000000,
    "ebitda": 4048000000,
    "ebitdaratio": 0.2415274463,
    "operatingIncome": 3019000000,
    "operatingIncomeRatio": 0.1801312649,
    "totalOtherIncomeExpensesNet": 0,
    "incomeBeforeTax": 3019000000,
    "incomeBeforeTaxRatio": 0.1801312649,
    "incomeTaxExpense": 820000000,
    "netIncome": 2192000000,
    "netIncomeRatio": 0.1307875895,
    "eps": 1.54,
    "epsdiluted": 1.52,
    "weightedAverageShsOut": 1419239774,
    "weightedAverageShsOutDil": 1442067842,
    "link": "https://www.sec.gov/Archives/edgar/data/5272/000000527214000013/0000005272-14-000013-index.htm",
    "finalLink": "https://www.sec.gov/Archives/edgar/data/5272/000000527214000013/maindocument001.htm"
  },
  {
    "date": "2014-06-30",
    "symbol": "AIG",
    "reportedCurrency": "USD",
    "cik": "0000005272",
    "fillingDate": "2014-08-04",
    "acceptedDate": "2014-08-04 16:04:38",
    "calendarYear": "2014",
    "period": "Q2",
    "revenue": 16166000000,
    "costOfRevenue": 550000000,
    "grossProfit": 15616000000,
    "grossProfitRatio": 0.9659779785,
    "researchAndDevelopmentExpenses": 0,
    "generalAndAdministrativeExpenses": 4203000000,
    "sellingAndMarketingExpenses": 0,
    "sellingGeneralAndAdministrativeExpenses": 4203000000,
    "otherExpenses": 7483000000,
    "operatingExpenses": 12610000000,
    "costAndExpenses": 11686000000,
    "interestIncome": 0,
    "interestExpense": 463000000,
    "depreciationAndAmortization": 1222000000,
    "ebitda": 5702000000,
    "ebitdaratio": 0.3527155759,
    "operatingIncome": 4480000000,
    "operatingIncomeRatio": 0.2771248299,
    "totalOtherIncomeExpensesNet": 0,
    "incomeBeforeTax": 4480000000,
    "incomeBeforeTaxRatio": 0.2771248299,
    "incomeTaxExpense": 1474000000,
    "netIncome": 3073000000,
    "netIncomeRatio": 0.190090313,
    "eps": 2.13,
    "epsdiluted": 2.1,
    "weightedAverageShsOut": 1442397111,
    "weightedAverageShsOutDil": 1464676330,
    "link": "https://www.sec.gov/Archives/edgar/data/5272/000000527214000010/0000005272-14-000010-index.htm",
    "finalLink": "https://www.sec.gov/Archives/edgar/data/5272/000000527214000010/maindocument001.htm"
  },
  {
    "date": "2014-03-31",
    "symbol": "AIG",
    "reportedCurrency": "USD",
    "cik": "0000005272",
    "fillingDate": "2014-05-05",
    "acceptedDate": "2014-05-05 16:02:51",
    "calendarYear": "2014",
    "period": "Q1",
    "revenue": 16200000000,
    "costOfRevenue": 0,
    "grossProfit": 16200000000,
    "grossProfitRatio": 1,
    "researchAndDevelopmentExpenses": 0,
    "generalAndAdministrativeExpenses": 4120000000,
    "sellingAndMarketingExpenses": 0,
    "sellingGeneralAndAdministrativeExpenses": 4120000000,
    "otherExpenses": 9807000000,
    "operatingExpenses": 13927000000,
    "costAndExpenses": 13927000000,
    "interestIncome": 0,
    "interestExpense": 479000000,
    "depreciationAndAmortization": 1121000000,
    "ebitda": 3394000000,
    "ebitdaratio": 0.2095061728,
    "operatingIncome": 2273000000,
    "operatingIncomeRatio": 0.140308642,
    "totalOtherIncomeExpensesNet": 0,
    "incomeBeforeTax": 2273000000,
    "incomeBeforeTaxRatio": 0.140308642,
    "incomeTaxExpense": 614000000,
    "netIncome": 1609000000,
    "netIncomeRatio": 0.0993209877,
    "eps": 1.1,
    "epsdiluted": 1.09,
    "weightedAverageShsOut": 1459249393,
    "weightedAverageShsOutDil": 1472510813,
    "link": "https://www.sec.gov/Archives/edgar/data/5272/000000527214000007/0000005272-14-000007-index.htm",
    "finalLink": "https://www.sec.gov/Archives/edgar/data/5272/000000527214000007/maindocument001.htm"
  },
  {
    "date": "2013-12-31",
    "symbol": "AIG",
    "reportedCurrency": "USD",
    "cik": "0000005272",
    "fillingDate": "2014-02-20",
    "acceptedDate": "2014-02-20 16:11:04",
    "calendarYear": "2013",
    "period": "Q4",
    "revenue": 21608000000,
    "costOfRevenue": 0,
    "grossProfit": 21608000000,
    "grossProfitRatio": 1,
    "researchAndDevelopmentExpenses": 0,
    "generalAndAdministrativeExpenses": 0,
    "sellingAndMarketingExpenses": 0,
    "sellingGeneralAndAdministrativeExpenses": -5834000000,
    "otherExpenses": 19398000000,
    "operatingExpenses": 13564000000,
    "costAndExpenses": 13564000000,
    "interestIncome": 0,
    "interestExpense": 514000000,
    "depreciationAndAmortization": 1203000000,
    "ebitda": 3413000000,
    "ebitdaratio": 0.157950759,
    "operatingIncome": 2210000000,
    "operatingIncomeRatio": 0.1022769345,
    "totalOtherIncomeExpensesNet": 0,
    "incomeBeforeTax": 2210000000,
    "incomeBeforeTaxRatio": 0.1022769345,
    "incomeTaxExpense": 237000000,
    "netIncome": 1978000000,
    "netIncomeRatio": 0.0915401703,
    "eps": 1.35,
    "epsdiluted": 1.34,
    "weightedAverageShsOut": 1481206797,
    "weightedAverageShsOutDil": 1481206797,
    "link": "https://www.sec.gov/Archives/edgar/data/5272/000104746914001096/0001047469-14-001096-index.htm",
    "finalLink": "https://www.sec.gov/Archives/edgar/data/5272/000104746914001096/a2218248z10-k.htm"
  },
  {
    "date": "2013-09-30",
    "symbol": "AIG",
    "reportedCurrency": "USD",
    "cik": "0000005272",
    "fillingDate": "2013-10-31",
    "acceptedDate": "2013-10-31 16:05:25",
    "calendarYear": "2013",
    "period": "Q3",
    "revenue": 16038000000,
    "costOfRevenue": 0,
    "grossProfit": 16038000000,
    "grossProfitRatio": 1,
    "researchAndDevelopmentExpenses": 0,
    "generalAndAdministrativeExpenses": 1119000000,
    "sellingAndMarketingExpenses": 0,
    "sellingGeneralAndAdministrativeExpenses": 1119000000,
    "otherExpenses": 13741000000,
    "operatingExpenses": 14860000000,
    "costAndExpenses": 14860000000,
    "interestIncome": 0,
    "interestExpense": 516000000,
    "depreciationAndAmortization": 1058000000,
    "ebitda": 2236000000,
    "ebitdaratio": 0.1394188802,
    "operatingIncome": 1178000000,
    "operatingIncomeRatio": 0.0734505549,
    "totalOtherIncomeExpensesNet": 0,
    "incomeBeforeTax": 1178000000,
    "incomeBeforeTaxRatio": 0.0734505549,
    "incomeTaxExpense": -970000000,
    "netIncome": 2170000000,
    "netIncomeRatio": 0.1353036538,
    "eps": 1.47,
    "epsdiluted": 1.46,
    "weightedAverageShsOut": 1475053126,
    "weightedAverageShsOutDil": 1485322858,
    "link": "https://www.sec.gov/Archives/edgar/data/5272/000104746913010141/0001047469-13-010141-index.htm",
    "finalLink": "https://www.sec.gov/Archives/edgar/data/5272/000104746913010141/a2217159z10-q.htm"
  },
  {
    "date": "2013-06-30",
    "symbol": "AIG",
    "reportedCurrency": "USD",
    "cik": "0000005272",
    "fillingDate": "2013-08-05",
    "acceptedDate": "2013-08-05 16:15:50",
    "calendarYear": "2013",
    "period": "Q2",
    "revenue": 18463000000,
    "costOfRevenue": 0,
    "grossProfit": 18463000000,
    "grossProfitRatio": 1,
    "researchAndDevelopmentExpenses": 0,
    "generalAndAdministrativeExpenses": 1093000000,
    "sellingAndMarketingExpenses": 0,
    "sellingGeneralAndAdministrativeExpenses": 1093000000,
    "otherExpenses": 14205000000,
    "operatingExpenses": 14726000000,
    "costAndExpenses": 14726000000,
    "interestIncome": 0,
    "interestExpense": 535000000,
    "depreciationAndAmortization": 1297000000,
    "ebitda": 4462000000,
    "ebitdaratio": 0.2416725343,
    "operatingIncome": 3165000000,
    "operatingIncomeRatio": 0.1714239289,
    "totalOtherIncomeExpensesNet": 0,
    "incomeBeforeTax": 3165000000,
    "incomeBeforeTaxRatio": 0.1714239289,
    "incomeTaxExpense": 425000000,
    "netIncome": 2731000000,
    "netIncomeRatio": 0.1479174565,
    "eps": 1.85,
    "epsdiluted": 1.84,
    "weightedAverageShsOut": 1476512720,
    "weightedAverageShsOutDil": 1482246618,
    "link": "https://www.sec.gov/Archives/edgar/data/5272/000104746913008075/0001047469-13-008075-index.htm",
    "finalLink": "https://www.sec.gov/Archives/edgar/data/5272/000104746913008075/a2216136z10-q.htm"
  },
  {
    "date": "2013-03-31",
    "symbol": "AIG",
    "reportedCurrency": "USD",
    "cik": "0000005272",
    "fillingDate": "2013-05-02",
    "acceptedDate": "2013-05-02 16:12:01",
    "calendarYear": "2013",
    "period": "Q1",
    "revenue": 17008000000,
    "costOfRevenue": 0,
    "grossProfit": 17008000000,
    "grossProfitRatio": 1,
    "researchAndDevelopmentExpenses": 0,
    "generalAndAdministrativeExpenses": 1031000000,
    "sellingAndMarketingExpenses": 0,
    "sellingGeneralAndAdministrativeExpenses": 1031000000,
    "otherExpenses": 13102000000,
    "operatingExpenses": 14133000000,
    "costAndExpenses": 14133000000,
    "interestIncome": 0,
    "interestExpense": 577000000,
    "depreciationAndAmortization": 1203000000,
    "ebitda": 4078000000,
    "ebitdaratio": 0.2397695202,
    "operatingIncome": 2875000000,
    "operatingIncomeRatio": 0.1690380997,
    "totalOtherIncomeExpensesNet": 0,
    "incomeBeforeTax": 2875000000,
    "incomeBeforeTaxRatio": 0.1690380997,
    "incomeTaxExpense": 717000000,
    "netIncome": 2206000000,
    "netIncomeRatio": 0.1297036689,
    "eps": 1.49,
    "epsdiluted": 1.49,
    "weightedAverageShsOut": 1476678931,
    "weightedAverageShsOutDil": 1476678931,
    "link": "https://www.sec.gov/Archives/edgar/data/5272/000104746913005458/0001047469-13-005458-index.htm",
    "finalLink": "https://www.sec.gov/Archives/edgar/data/5272/000104746913005458/a2214786z10-q.htm"
  },
  {
    "date": "2012-12-31",
    "symbol": "AIG",
    "reportedCurrency": "USD",
    "cik": "0000005272",
    "fillingDate": "2013-02-21",
    "acceptedDate": "2013-02-21 16:08:46",
    "calendarYear": "2012",
    "period": "Q4",
    "revenue": 12338000000,
    "costOfRevenue": -102000000,
    "grossProfit": 12440000000,
    "grossProfitRatio": 1.0082671422,
    "researchAndDevelopmentExpenses": 0,
    "generalAndAdministrativeExpenses": 0,
    "sellingAndMarketingExpenses": 0,
    "sellingGeneralAndAdministrativeExpenses": 1672000000,
    "otherExpenses": 11946000000,
    "operatingExpenses": 13618000000,
    "costAndExpenses": 11946000000,
    "interestIncome": 585000000,
    "interestExpense": 9000000,
    "depreciationAndAmortization": -234000000,
    "ebitda": 158000000,
    "ebitdaratio": 0.0128059653,
    "operatingIncome": 392000000,
    "operatingIncomeRatio": 0.031771762,
    "totalOtherIncomeExpensesNet": 0,
    "incomeBeforeTax": 392000000,
    "incomeBeforeTaxRatio": 0.031771762,
    "incomeTaxExpense": 280000000,
    "netIncome": -3958000000,
    "netIncomeRatio": -0.3207975361,
    "eps": -2.68,
    "epsdiluted": -2.68,
    "weightedAverageShsOut": 1476865671,
    "weightedAverageShsOutDil": 1476865671,
    "link": "https://www.sec.gov/Archives/edgar/data/5272/000104746913001390/0001047469-13-001390-index.htm",
    "finalLink": "https://www.sec.gov/Archives/edgar/data/5272/000104746913001390/a2212976z10-k.htm"
  },
  {
    "date": "2012-09-30",
    "symbol": "AIG",
    "reportedCurrency": "USD",
    "cik": "0000005272",
    "fillingDate": "2012-11-01",
    "acceptedDate": "2012-11-01 16:04:45",
    "calendarYear": "2012",
    "period": "Q3",
    "revenue": 16671000000,
    "costOfRevenue": -257000000,
    "grossProfit": 16928000000,
    "grossProfitRatio": 1.0154159918,
    "researchAndDevelopmentExpenses": 0,
    "generalAndAdministrativeExpenses": 720000000,
    "sellingAndMarketingExpenses": 0,
    "sellingGeneralAndAdministrativeExpenses": 720000000,
    "otherExpenses": 13393000000,
    "operatingExpenses": 14113000000,
    "costAndExpenses": 14113000000,
    "interestIncome": 0,
    "interestExpense": 602000000,
    "depreciationAndAmortization": 1461000000,
    "ebitda": 4019000000,
    "ebitdaratio": 0.2410773199,
    "operatingIncome": 2558000000,
    "operatingIncomeRatio": 0.1534401056,
    "totalOtherIncomeExpensesNet": 0,
    "incomeBeforeTax": 2558000000,
    "incomeBeforeTaxRatio": 0.1534401056,
    "incomeTaxExpense": 734000000,
    "netIncome": 1856000000,
    "netIncomeRatio": 0.1113310539,
    "eps": 1.13,
    "epsdiluted": 1.13,
    "weightedAverageShsOut": 1642472814,
    "weightedAverageShsOutDil": 1642502251,
    "link": "https://www.sec.gov/Archives/edgar/data/5272/000104746912009952/0001047469-12-009952-index.htm",
    "finalLink": "https://www.sec.gov/Archives/edgar/data/5272/000104746912009952/a2211130z10-q.htm"
  },
  {
    "date": "2012-06-30",
    "symbol": "AIG",
    "reportedCurrency": "USD",
    "cik": "0000005272",
    "fillingDate": "2012-08-02",
    "acceptedDate": "2012-08-02 16:02:34",
    "calendarYear": "2012",
    "period": "Q2",
    "revenue": 16197000000,
    "costOfRevenue": 0,
    "grossProfit": 16197000000,
    "grossProfitRatio": 1,
    "researchAndDevelopmentExpenses": 0,
    "generalAndAdministrativeExpenses": 0,
    "sellingAndMarketingExpenses": 0,
    "sellingGeneralAndAdministrativeExpenses": 0,
    "otherExpenses": 14528000000,
    "operatingExpenses": 14528000000,
    "costAndExpenses": 14528000000,
    "interestIncome": 7000000,
    "interestExpense": 567000000,
    "depreciationAndAmortization": 1343000000,
    "ebitda": 3012000000,
    "ebitdaratio": 0.185960363,
    "operatingIncome": 1669000000,
    "operatingIncomeRatio": 0.1030437735,
    "totalOtherIncomeExpensesNet": 0,
    "incomeBeforeTax": 1669000000,
    "incomeBeforeTaxRatio": 0.1030437735,
    "incomeTaxExpense": -491000000,
    "netIncome": 2332000000,
    "netIncomeRatio": 0.1439772797,
    "eps": 1.33,
    "epsdiluted": 1.33,
    "weightedAverageShsOut": 1756689067,
    "weightedAverageShsOutDil": 1756714475,
    "link": "https://www.sec.gov/Archives/edgar/data/5272/000104746912007690/0001047469-12-007690-index.htm",
    "finalLink": "https://www.sec.gov/Archives/edgar/data/5272/000104746912007690/a2210431z10-q.htm"
  },
  {
    "date": "2012-03-31",
    "symbol": "AIG",
    "reportedCurrency": "USD",
    "cik": "0000005272",
    "fillingDate": "2012-05-03",
    "acceptedDate": "2012-05-03 16:02:57",
    "calendarYear": "2012",
    "period": "Q1",
    "revenue": 17495000000,
    "costOfRevenue": 0,
    "grossProfit": 17495000000,
    "grossProfitRatio": 1,
    "researchAndDevelopmentExpenses": 0,
    "generalAndAdministrativeExpenses": 0,
    "sellingAndMarketingExpenses": 0,
    "sellingGeneralAndAdministrativeExpenses": 0,
    "otherExpenses": 13029000000,
    "operatingExpenses": 13029000000,
    "costAndExpenses": 13029000000,
    "interestIncome": 0,
    "interestExpense": 565000000,
    "depreciationAndAmortization": 1215000000,
    "ebitda": 5681000000,
    "ebitdaratio": 0.324721349,
    "operatingIncome": 4466000000,
    "operatingIncomeRatio": 0.2552729351,
    "totalOtherIncomeExpensesNet": 0,
    "incomeBeforeTax": 4466000000,
    "incomeBeforeTaxRatio": 0.2552729351,
    "incomeTaxExpense": 1081000000,
    "netIncome": 3208000000,
    "netIncomeRatio": 0.1833666762,
    "eps": 1.71,
    "epsdiluted": 1.71,
    "weightedAverageShsOut": 1875972970,
    "weightedAverageShsOutDil": 1876002775,
    "link": "https://www.sec.gov/Archives/edgar/data/5272/000104746912005310/0001047469-12-005310-index.htm",
    "finalLink": "https://www.sec.gov/Archives/edgar/data/5272/000104746912005310/a2209238z10-q.htm"
  },
  {
    "date": "2011-12-31",
    "symbol": "AIG",
    "reportedCurrency": "USD",
    "cik": "0000005272",
    "fillingDate": "2012-03-30",
    "acceptedDate": "2012-03-30 16:56:24",
    "calendarYear": "2011",
    "period": "Q4",
    "revenue": 17409000000,
    "costOfRevenue": 50000000,
    "grossProfit": 17359000000,
    "grossProfitRatio": 0.9971279223,
    "researchAndDevelopmentExpenses": 0,
    "generalAndAdministrativeExpenses": 584000000,
    "sellingAndMarketingExpenses": 0,
    "sellingGeneralAndAdministrativeExpenses": 584000000,
    "otherExpenses": 13958000000,
    "operatingExpenses": 14542000000,
    "costAndExpenses": 14542000000,
    "interestIncome": 0,
    "interestExpense": 897000000,
    "depreciationAndAmortization": 2431000000,
    "ebitda": 5298000000,
    "ebitdaratio": 0.304325349,
    "operatingIncome": 2867000000,
    "operatingIncomeRatio": 0.1646849331,
    "totalOtherIncomeExpensesNet": 0,
    "incomeBeforeTax": 2867000000,
    "incomeBeforeTaxRatio": 0.1646849331,
    "incomeTaxExpense": -16914000000,
    "netIncome": 19798000000,
    "netIncomeRatio": 1.1372278706,
    "eps": 10.77,
    "epsdiluted": 10.77,
    "weightedAverageShsOut": 1837679364,
    "weightedAverageShsOutDil": 1837730636,
    "link": "https://www.sec.gov/Archives/edgar/data/5272/000119312512143882/0001193125-12-143882-index.htm",
    "finalLink": "https://www.sec.gov/Archives/edgar/data/5272/000119312512143882/d326016d10ka.htm"
  },
  {
    "date": "2011-09-30",
    "symbol": "AIG",
    "reportedCurrency": "USD",
    "cik": "0000005272",
    "fillingDate": "2011-11-03",
    "acceptedDate": "2011-11-03 16:24:52",
    "calendarYear": "2011",
    "period": "Q3",
    "revenue": 12719000000,
    "costOfRevenue": 0,
    "grossProfit": 12719000000,
    "grossProfitRatio": 1,
    "researchAndDevelopmentExpenses": 0,
    "generalAndAdministrativeExpenses": 2057000000,
    "sellingAndMarketingExpenses": 0,
    "sellingGeneralAndAdministrativeExpenses": 2057000000,
    "otherExpenses": 14932000000,
    "operatingExpenses": 16989000000,
    "costAndExpenses": 16989000000,
    "interestIncome": 0,
    "interestExpense": 970000000,
    "depreciationAndAmortization": 2033000000,
    "ebitda": -2237000000,
    "ebitdaratio": -0.1758786068,
    "operatingIncome": -4270000000,
    "operatingIncomeRatio": -0.3357182168,
    "totalOtherIncomeExpensesNet": 0,
    "incomeBeforeTax": -4270000000,
    "incomeBeforeTaxRatio": -0.3357182168,
    "incomeTaxExpense": -665000000,
    "netIncome": -3990000000,
    "netIncomeRatio": -0.3137039075,
    "eps": -2.1,
    "epsdiluted": -2.1,
    "weightedAverageShsOut": 1899500628,
    "weightedAverageShsOutDil": 1899500628,
    "link": "https://www.sec.gov/Archives/edgar/data/5272/000104746911009000/0001047469-11-009000-index.htm",
    "finalLink": "https://www.sec.gov/Archives/edgar/data/5272/000104746911009000/a2206083z10-q.htm"
  },
  {
    "date": "2011-06-30",
    "symbol": "AIG",
    "reportedCurrency": "USD",
    "cik": "0000005272",
    "fillingDate": "2011-08-04",
    "acceptedDate": "2011-08-04 16:14:08",
    "calendarYear": "2011",
    "period": "Q2",
    "revenue": 16680000000,
    "costOfRevenue": 0,
    "grossProfit": 16680000000,
    "grossProfitRatio": 1,
    "researchAndDevelopmentExpenses": 0,
    "generalAndAdministrativeExpenses": 0,
    "sellingAndMarketingExpenses": 0,
    "sellingGeneralAndAdministrativeExpenses": 0,
    "otherExpenses": 14886000000,
    "operatingExpenses": 14886000000,
    "costAndExpenses": 14886000000,
    "interestIncome": 0,
    "interestExpense": 1001000000,
    "depreciationAndAmortization": 1733000000,
    "ebitda": 3527000000,
    "ebitdaratio": 0.2114508393,
    "operatingIncome": 1794000000,
    "operatingIncomeRatio": 0.1075539568,
    "totalOtherIncomeExpensesNet": 0,
    "incomeBeforeTax": 1794000000,
    "incomeBeforeTaxRatio": 0.1075539568,
    "incomeTaxExpense": -296000000,
    "netIncome": 1836000000,
    "netIncomeRatio": 0.1100719424,
    "eps": 1,
    "epsdiluted": 1,
    "weightedAverageShsOut": 1836713069,
    "weightedAverageShsOutDil": 1836771513,
    "link": "https://www.sec.gov/Archives/edgar/data/5272/000104746911006953/0001047469-11-006953-index.htm",
    "finalLink": "https://www.sec.gov/Archives/edgar/data/5272/000104746911006953/a2205044z10-q.htm"
  },
  {
    "date": "2011-03-31",
    "symbol": "AIG",
    "reportedCurrency": "USD",
    "cik": "0000005272",
    "fillingDate": "2011-05-05",
    "acceptedDate": "2011-05-05 17:07:39",
    "calendarYear": "2011",
    "period": "Q1",
    "revenue": 17439000000,
    "costOfRevenue": 0,
    "grossProfit": 17439000000,
    "grossProfitRatio": 1,
    "researchAndDevelopmentExpenses": 0,
    "generalAndAdministrativeExpenses": 0,
    "sellingAndMarketingExpenses": 0,
    "sellingGeneralAndAdministrativeExpenses": 0,
    "otherExpenses": 18749000000,
    "operatingExpenses": 18749000000,
    "costAndExpenses": 18749000000,
    "interestIncome": 0,
    "interestExpense": 1061000000,
    "depreciationAndAmortization": 1852000000,
    "ebitda": 542000000,
    "ebitdaratio": 0.0310797637,
    "operatingIncome": -1310000000,
    "operatingIncomeRatio": -0.0751189862,
    "totalOtherIncomeExpensesNet": 0,
    "incomeBeforeTax": -1310000000,
    "incomeBeforeTaxRatio": -0.0751189862,
    "incomeTaxExpense": -226000000,
    "netIncome": 1297000000,
    "netIncomeRatio": 0.0743735306,
    "eps": 0.83,
    "epsdiluted": 0.83,
    "weightedAverageShsOut": 1557748353,
    "weightedAverageShsOutDil": 1557748353,
    "link": "https://www.sec.gov/Archives/edgar/data/5272/000104746911004647/0001047469-11-004647-index.htm",
    "finalLink": "https://www.sec.gov/Archives/edgar/data/5272/000104746911004647/a2203832z10-q.htm"
  },
  {
    "date": "2010-12-31",
    "symbol": "AIG",
    "reportedCurrency": "USD",
    "cik": "0000005272",
    "fillingDate": "2011-03-31",
    "acceptedDate": "2011-03-31 17:24:05",
    "calendarYear": "2010",
    "period": "Q4",
    "revenue": 21687000000,
    "costOfRevenue": 0,
    "grossProfit": 21687000000,
    "grossProfitRatio": 1,
    "researchAndDevelopmentExpenses": 0,
    "generalAndAdministrativeExpenses": 0,
    "sellingAndMarketingExpenses": 0,
    "sellingGeneralAndAdministrativeExpenses": 0,
    "otherExpenses": 7549000000,
    "operatingExpenses": 7549000000,
    "costAndExpenses": 7549000000,
    "interestIncome": 0,
    "interestExpense": 2525000000,
    "depreciationAndAmortization": 2216000000,
    "ebitda": 16354000000,
    "ebitdaratio": 0.7540923134,
    "operatingIncome": 14138000000,
    "operatingIncomeRatio": 0.6519112833,
    "totalOtherIncomeExpensesNet": 0,
    "incomeBeforeTax": 14138000000,
    "incomeBeforeTaxRatio": 0.6519112833,
    "incomeTaxExpense": 4815000000,
    "netIncome": 11054000000,
    "netIncomeRatio": 0.5097062756,
    "eps": 80.93,
    "epsdiluted": 80.89,
    "weightedAverageShsOut": 136585844,
    "weightedAverageShsOutDil": 136649280,
    "link": "https://www.sec.gov/Archives/edgar/data/5272/000095012311031620/0000950123-11-031620-index.htm",
    "finalLink": "https://www.sec.gov/Archives/edgar/data/5272/000095012311031620/y90581e10vkza.htm"
  },
  {
    "date": "2010-09-30",
    "symbol": "AIG",
    "reportedCurrency": "USD",
    "cik": "0000005272",
    "fillingDate": "2010-11-05",
    "acceptedDate": "2010-11-05 07:10:16",
    "calendarYear": "2010",
    "period": "Q3",
    "revenue": 19455000000,
    "costOfRevenue": 0,
    "grossProfit": 19455000000,
    "grossProfitRatio": 1,
    "researchAndDevelopmentExpenses": 0,
    "generalAndAdministrativeExpenses": 1031000000,
    "sellingAndMarketingExpenses": 0,
    "sellingGeneralAndAdministrativeExpenses": 1031000000,
    "otherExpenses": 18118000000,
    "operatingExpenses": 19149000000,
    "costAndExpenses": 19149000000,
    "interestIncome": 0,
    "interestExpense": 2310000000,
    "depreciationAndAmortization": 2696000000,
    "ebitda": 3002000000,
    "ebitdaratio": 0.154304806,
    "operatingIncome": 306000000,
    "operatingIncomeRatio": 0.0157286045,
    "totalOtherIncomeExpensesNet": 0,
    "incomeBeforeTax": 306000000,
    "incomeBeforeTaxRatio": 0.0157286045,
    "incomeTaxExpense": 486000000,
    "netIncome": -2517000000,
    "netIncomeRatio": -0.1293754819,
    "eps": -18.52,
    "epsdiluted": -18.52,
    "weightedAverageShsOut": 135879125,
    "weightedAverageShsOutDil": 135879125,
    "link": "https://www.sec.gov/Archives/edgar/data/5272/000104746910009269/0001047469-10-009269-index.htm",
    "finalLink": "https://www.sec.gov/Archives/edgar/data/5272/000104746910009269/a2200724z10-q.htm"
  },
  {
    "date": "2010-06-30",
    "symbol": "AIG",
    "reportedCurrency": "USD",
    "cik": "0000005272",
    "fillingDate": "2010-08-06",
    "acceptedDate": "2010-08-06 07:10:46",
    "calendarYear": "2010",
    "period": "Q2",
    "revenue": 18314000000,
    "costOfRevenue": 0,
    "grossProfit": 18314000000,
    "grossProfitRatio": 1,
    "researchAndDevelopmentExpenses": 0,
    "generalAndAdministrativeExpenses": 0,
    "sellingAndMarketingExpenses": 0,
    "sellingGeneralAndAdministrativeExpenses": 0,
    "otherExpenses": 16813000000,
    "operatingExpenses": 16813000000,
    "costAndExpenses": 16813000000,
    "interestIncome": 0,
    "interestExpense": 1734000000,
    "depreciationAndAmortization": 2282000000,
    "ebitda": 3783000000,
    "ebitdaratio": 0.2065632849,
    "operatingIncome": 1501000000,
    "operatingIncomeRatio": 0.0819591569,
    "totalOtherIncomeExpensesNet": 0,
    "incomeBeforeTax": 1501000000,
    "incomeBeforeTaxRatio": 0.0819591569,
    "incomeTaxExpense": 1005000000,
    "netIncome": -2656000000,
    "netIncomeRatio": -0.1450256634,
    "eps": -19.58,
    "epsdiluted": -19.54,
    "weightedAverageShsOut": 135658680,
    "weightedAverageShsOutDil": 135900000,
    "link": "https://www.sec.gov/Archives/edgar/data/5272/000104746910007097/0001047469-10-007097-index.htm",
    "finalLink": "https://www.sec.gov/Archives/edgar/data/5272/000104746910007097/a2199624z10-q.htm"
  },
  {
    "date": "2010-03-31",
    "symbol": "AIG",
    "reportedCurrency": "USD",
    "cik": "0000005272",
    "fillingDate": "2010-05-07",
    "acceptedDate": "2010-05-07 07:14:08",
    "calendarYear": "2010",
    "period": "Q1",
    "revenue": 18555000000,
    "costOfRevenue": 0,
    "grossProfit": 18555000000,
    "grossProfitRatio": 1,
    "researchAndDevelopmentExpenses": 0,
    "generalAndAdministrativeExpenses": 0,
    "sellingAndMarketingExpenses": 0,
    "sellingGeneralAndAdministrativeExpenses": 0,
    "otherExpenses": 16914000000,
    "operatingExpenses": 16914000000,
    "costAndExpenses": 16914000000,
    "interestIncome": 0,
    "interestExpense": 1751000000,
    "depreciationAndAmortization": 2813000000,
    "ebitda": 4454000000,
    "ebitdaratio": 0.2400431151,
    "operatingIncome": 1641000000,
    "operatingIncomeRatio": 0.0884397736,
    "totalOtherIncomeExpensesNet": 0,
    "incomeBeforeTax": 1641000000,
    "incomeBeforeTaxRatio": 0.0884397736,
    "incomeTaxExpense": -447000000,
    "netIncome": 1783000000,
    "netIncomeRatio": 0.0960926974,
    "eps": 13.14,
    "epsdiluted": 13.14,
    "weightedAverageShsOut": 135658680,
    "weightedAverageShsOutDil": 135724939,
    "link": "https://www.sec.gov/Archives/edgar/data/5272/000104746910004918/0001047469-10-004918-index.htm",
    "finalLink": "https://www.sec.gov/Archives/edgar/data/5272/000104746910004918/a2198531z10-q.htm"
  },
  {
    "date": "2009-12-31",
    "symbol": "AIG",
    "reportedCurrency": "USD",
    "cik": "0000005272",
    "fillingDate": "2010-03-31",
    "acceptedDate": "2010-03-31 16:22:14",
    "calendarYear": "2009",
    "period": "Q4",
    "revenue": 19972000000,
    "costOfRevenue": 0,
    "grossProfit": 19972000000,
    "grossProfitRatio": 1,
    "researchAndDevelopmentExpenses": 0,
    "generalAndAdministrativeExpenses": 0,
    "sellingAndMarketingExpenses": 0,
    "sellingGeneralAndAdministrativeExpenses": 0,
    "otherExpenses": 28364000000,
    "operatingExpenses": 28364000000,
    "costAndExpenses": 28364000000,
    "interestIncome": 0,
    "interestExpense": 7414000000,
    "depreciationAndAmortization": 12449000000,
    "ebitda": 4057000000,
    "ebitdaratio": 0.2031343881,
    "operatingIncome": -8392000000,
    "operatingIncomeRatio": -0.4201882636,
    "totalOtherIncomeExpensesNet": 0,
    "incomeBeforeTax": -8392000000,
    "incomeBeforeTaxRatio": -0.4201882636,
    "incomeTaxExpense": 75000000,
    "netIncome": -8873000000,
    "netIncomeRatio": -0.4442719808,
    "eps": -65.57,
    "epsdiluted": -65.57,
    "weightedAverageShsOut": 135324896,
    "weightedAverageShsOutDil": 135324896,
    "link": "https://www.sec.gov/Archives/edgar/data/5272/000095012310030851/0000950123-10-030851-index.htm",
    "finalLink": "https://www.sec.gov/Archives/edgar/data/5272/000095012310030851/y83597e10vkza.htm"
  },
  {
    "date": "2009-09-30",
    "symbol": "AIG",
    "reportedCurrency": "USD",
    "cik": "0000005272",
    "fillingDate": "2009-11-06",
    "acceptedDate": "2009-11-06 07:02:04",
    "calendarYear": "2009",
    "period": "Q3",
    "revenue": 19604000000,
    "costOfRevenue": 0,
    "grossProfit": 19604000000,
    "grossProfitRatio": 1,
    "researchAndDevelopmentExpenses": 0,
    "generalAndAdministrativeExpenses": 0,
    "sellingAndMarketingExpenses": 0,
    "sellingGeneralAndAdministrativeExpenses": 0,
    "otherExpenses": 20121000000,
    "operatingExpenses": 20121000000,
    "costAndExpenses": 20121000000,
    "interestIncome": 0,
    "interestExpense": 2093000000,
    "depreciationAndAmortization": 2357000000,
    "ebitda": 1840000000,
    "ebitdaratio": 0.0938583962,
    "operatingIncome": -517000000,
    "operatingIncomeRatio": -0.0263721689,
    "totalOtherIncomeExpensesNet": 0,
    "incomeBeforeTax": -517000000,
    "incomeBeforeTaxRatio": -0.0263721689,
    "incomeTaxExpense": -408000000,
    "netIncome": 455000000,
    "netIncomeRatio": 0.0232095491,
    "eps": 3.36,
    "epsdiluted": 3.36,
    "weightedAverageShsOut": 135293841,
    "weightedAverageShsOutDil": 135456372,
    "link": "https://www.sec.gov/Archives/edgar/data/5272/000104746909009659/0001047469-09-009659-index.htm",
    "finalLink": "https://www.sec.gov/Archives/edgar/data/5272/000104746909009659/a2195237z10-q.htm"
  },
  {
    "date": "2009-06-30",
    "symbol": "AIG",
    "reportedCurrency": "USD",
    "cik": "0000005272",
    "fillingDate": "2009-08-07",
    "acceptedDate": "2009-08-07 07:04:12",
    "calendarYear": "2009",
    "period": "Q2",
    "revenue": 23922000000,
    "costOfRevenue": 0,
    "grossProfit": 23922000000,
    "grossProfitRatio": 1,
    "researchAndDevelopmentExpenses": 0,
    "generalAndAdministrativeExpenses": 0,
    "sellingAndMarketingExpenses": 0,
    "sellingGeneralAndAdministrativeExpenses": 0,
    "otherExpenses": 23751000000,
    "operatingExpenses": 23751000000,
    "costAndExpenses": 23751000000,
    "interestIncome": 0,
    "interestExpense": 2553000000,
    "depreciationAndAmortization": 3722000000,
    "ebitda": 3893000000,
    "ebitdaratio": 0.1627372293,
    "operatingIncome": 171000000,
    "operatingIncomeRatio": 0.0071482318,
    "totalOtherIncomeExpensesNet": 0,
    "incomeBeforeTax": 171000000,
    "incomeBeforeTaxRatio": 0.0071482318,
    "incomeTaxExpense": -415000000,
    "netIncome": 1822000000,
    "netIncomeRatio": 0.0761642003,
    "eps": 13.47,
    "epsdiluted": 13.46,
    "weightedAverageShsOut": 135281740,
    "weightedAverageShsOutDil": 135336440,
    "link": "https://www.sec.gov/Archives/edgar/data/5272/000095012309031618/0000950123-09-031618-index.htm",
    "finalLink": "https://www.sec.gov/Archives/edgar/data/5272/000095012309031618/y78668e10vq.htm"
  },
  {
    "date": "2009-03-31",
    "symbol": "AIG",
    "reportedCurrency": "USD",
    "cik": "0000005272",
    "fillingDate": "2009-05-07",
    "acceptedDate": "2009-05-07 16:45:05",
    "calendarYear": "2009",
    "period": "Q1",
    "revenue": 13315000000,
    "costOfRevenue": 0,
    "grossProfit": 13315000000,
    "grossProfitRatio": 1,
    "researchAndDevelopmentExpenses": 0,
    "generalAndAdministrativeExpenses": 0,
    "sellingAndMarketingExpenses": 0,
    "sellingGeneralAndAdministrativeExpenses": 0,
    "otherExpenses": 19831000000,
    "operatingExpenses": 19831000000,
    "costAndExpenses": 19831000000,
    "interestIncome": 0,
    "interestExpense": 2587000000,
    "depreciationAndAmortization": 3050000000,
    "ebitda": -3466000000,
    "ebitdaratio": -0.2603079234,
    "operatingIncome": -6516000000,
    "operatingIncomeRatio": -0.4893728877,
    "totalOtherIncomeExpensesNet": 0,
    "incomeBeforeTax": -6516000000,
    "incomeBeforeTaxRatio": -0.4893728877,
    "incomeTaxExpense": -1303000000,
    "netIncome": -4353000000,
    "netIncomeRatio": -0.3269245212,
    "eps": -32.18,
    "epsdiluted": -32.18,
    "weightedAverageShsOut": 135252869,
    "weightedAverageShsOutDil": 135252869,
    "link": "https://www.sec.gov/Archives/edgar/data/5272/000095012309008272/0000950123-09-008272-index.htm",
    "finalLink": "https://www.sec.gov/Archives/edgar/data/5272/000095012309008272/y76976e10vq.htm"
  },
  {
    "date": "2008-12-31",
    "symbol": "AIG",
    "reportedCurrency": "USD",
    "cik": "0000005272",
    "fillingDate": "2009-03-02",
    "acceptedDate": "2009-03-02 06:17:40",
    "calendarYear": "2008",
    "period": "Q4",
    "revenue": -23758000000,
    "costOfRevenue": 0,
    "grossProfit": -23758000000,
    "grossProfitRatio": 1,
    "researchAndDevelopmentExpenses": 0,
    "generalAndAdministrativeExpenses": 0,
    "sellingAndMarketingExpenses": 0,
    "sellingGeneralAndAdministrativeExpenses": 0,
    "otherExpenses": 36798000000,
    "operatingExpenses": 36798000000,
    "costAndExpenses": 36798000000,
    "interestIncome": 0,
    "interestExpense": 12105000000,
    "depreciationAndAmortization": 796000000,
    "ebitda": -59760000000,
    "ebitdaratio": 2.5153632461,
    "operatingIncome": -60556000000,
    "operatingIncomeRatio": 2.5488677498,
    "totalOtherIncomeExpensesNet": 0,
    "incomeBeforeTax": -60556000000,
    "incomeBeforeTaxRatio": 2.5488677498,
    "incomeTaxExpense": 2000000000,
    "netIncome": -61659000000,
    "netIncomeRatio": 2.5952942167,
    "eps": -461.92,
    "epsdiluted": -461.92,
    "weightedAverageShsOut": 133483557,
    "weightedAverageShsOutDil": 133483557,
    "link": "https://www.sec.gov/Archives/edgar/data/5272/000095012309003734/0000950123-09-003734-index.htm",
    "finalLink": "https://www.sec.gov/Archives/edgar/data/5272/000095012309003734/y74794e10vk.htm"
  },
  {
    "date": "2008-09-30",
    "symbol": "AIG",
    "reportedCurrency": "USD",
    "cik": "0000005272",
    "fillingDate": "2008-11-10",
    "acceptedDate": "2008-11-10 06:10:07",
    "calendarYear": "2008",
    "period": "Q3",
    "revenue": 898000000,
    "costOfRevenue": 0,
    "grossProfit": 898000000,
    "grossProfitRatio": 1,
    "researchAndDevelopmentExpenses": 0,
    "generalAndAdministrativeExpenses": 0,
    "sellingAndMarketingExpenses": 0,
    "sellingGeneralAndAdministrativeExpenses": 0,
    "otherExpenses": 29083000000,
    "operatingExpenses": 29083000000,
    "costAndExpenses": 29083000000,
    "interestIncome": 0,
    "interestExpense": 2297000000,
    "depreciationAndAmortization": 928000000,
    "ebitda": -27257000000,
    "ebitdaratio": -30.3530066815,
    "operatingIncome": -28185000000,
    "operatingIncomeRatio": -31.3864142539,
    "totalOtherIncomeExpensesNet": 0,
    "incomeBeforeTax": -28185000000,
    "incomeBeforeTaxRatio": -31.3864142539,
    "incomeTaxExpense": -3480000000,
    "netIncome": -24468000000,
    "netIncomeRatio": -27.2472160356,
    "eps": -181.02,
    "epsdiluted": -181.02,
    "weightedAverageShsOut": 135169101,
    "weightedAverageShsOutDil": 135169101,
    "link": "https://www.sec.gov/Archives/edgar/data/5272/000095012308014821/0000950123-08-014821-index.htm",
    "finalLink": "https://www.sec.gov/Archives/edgar/data/5272/000095012308014821/y72212e10vq.htm"
  },
  {
    "date": "2008-06-30",
    "symbol": "AIG",
    "reportedCurrency": "USD",
    "cik": "0000005272",
    "fillingDate": "2008-08-06",
    "acceptedDate": "2008-08-06 17:21:37",
    "calendarYear": "2008",
    "period": "Q2",
    "revenue": 19933000000,
    "costOfRevenue": 0,
    "grossProfit": 19933000000,
    "grossProfitRatio": 1,
    "researchAndDevelopmentExpenses": 0,
    "generalAndAdministrativeExpenses": 0,
    "sellingAndMarketingExpenses": 0,
    "sellingGeneralAndAdministrativeExpenses": 0,
    "otherExpenses": 28689000000,
    "operatingExpenses": 28689000000,
    "costAndExpenses": 28689000000,
    "interestIncome": 0,
    "interestExpense": 1333000000,
    "depreciationAndAmortization": 914000000,
    "ebitda": -7842000000,
    "ebitdaratio": -0.3934179501,
    "operatingIncome": -8756000000,
    "operatingIncomeRatio": -0.4392715597,
    "totalOtherIncomeExpensesNet": 0,
    "incomeBeforeTax": -8756000000,
    "incomeBeforeTaxRatio": -0.4392715597,
    "incomeTaxExpense": -3357000000,
    "netIncome": -5357000000,
    "netIncomeRatio": -0.2687503136,
    "eps": -41.13,
    "epsdiluted": -41.13,
    "weightedAverageShsOut": 130248736,
    "weightedAverageShsOutDil": 130248736,
    "link": "https://www.sec.gov/Archives/edgar/data/5272/000095012308008949/0000950123-08-008949-index.htm",
    "finalLink": "https://www.sec.gov/Archives/edgar/data/5272/000095012308008949/y59464e10vq.htm"
  },
  {
    "date": "2008-03-31",
    "symbol": "AIG",
    "reportedCurrency": "USD",
    "cik": "0000005272",
    "fillingDate": "2008-05-08",
    "acceptedDate": "2008-05-08 16:10:03",
    "calendarYear": "2008",
    "period": "Q1",
    "revenue": 14031000000,
    "costOfRevenue": 0,
    "grossProfit": 14031000000,
    "grossProfitRatio": 1,
    "researchAndDevelopmentExpenses": 0,
    "generalAndAdministrativeExpenses": 0,
    "sellingAndMarketingExpenses": 0,
    "sellingGeneralAndAdministrativeExpenses": 0,
    "otherExpenses": 25295000000,
    "operatingExpenses": 25295000000,
    "costAndExpenses": 25295000000,
    "interestIncome": 0,
    "interestExpense": 1272000000,
    "depreciationAndAmortization": 885000000,
    "ebitda": -10379000000,
    "ebitdaratio": -0.7397191932,
    "operatingIncome": -11264000000,
    "operatingIncomeRatio": -0.8027938137,
    "totalOtherIncomeExpensesNet": 0,
    "incomeBeforeTax": -11264000000,
    "incomeBeforeTaxRatio": -0.8027938137,
    "incomeTaxExpense": -3537000000,
    "netIncome": -7805000000,
    "netIncomeRatio": -0.5562682631,
    "eps": -61.75,
    "epsdiluted": -61.75,
    "weightedAverageShsOut": 126400000,
    "weightedAverageShsOutDil": 126400000,
    "link": "https://www.sec.gov/Archives/edgar/data/5272/000095012308005336/0000950123-08-005336-index.htm",
    "finalLink": "https://www.sec.gov/Archives/edgar/data/5272/000095012308005336/y51401ae10vq.htm"
  },
  {
    "date": "2007-12-31",
    "symbol": "AIG",
    "reportedCurrency": "USD",
    "cik": "0000005272",
    "fillingDate": "2008-02-28",
    "acceptedDate": "2008-02-28 17:29:58",
    "calendarYear": "2007",
    "period": "Q4",
    "revenue": 18433000000,
    "costOfRevenue": 0,
    "grossProfit": 18433000000,
    "grossProfitRatio": 1,
    "researchAndDevelopmentExpenses": 0,
    "generalAndAdministrativeExpenses": 0,
    "sellingAndMarketingExpenses": 0,
    "sellingGeneralAndAdministrativeExpenses": 0,
    "otherExpenses": 26869000000,
    "operatingExpenses": 26869000000,
    "costAndExpenses": 26869000000,
    "interestIncome": 0,
    "interestExpense": 0,
    "depreciationAndAmortization": -9015000000,
    "ebitda": -17451000000,
    "ebitdaratio": -0.9467259806,
    "operatingIncome": -8436000000,
    "operatingIncomeRatio": -0.4576574622,
    "totalOtherIncomeExpensesNet": 0,
    "incomeBeforeTax": -8436000000,
    "incomeBeforeTaxRatio": -0.4576574622,
    "incomeTaxExpense": -4868000000,
    "netIncome": -5292000000,
    "netIncomeRatio": -0.2870937992,
    "eps": -41.4,
    "epsdiluted": -41.3,
    "weightedAverageShsOut": 127825000,
    "weightedAverageShsOutDil": 128150000,
    "link": "https://www.sec.gov/Archives/edgar/data/5272/000095012308002280/0000950123-08-002280-index.htm",
    "finalLink": "https://www.sec.gov/Archives/edgar/data/5272/000095012308002280/y44393e10vk.htm"
  },
  {
    "date": "2007-09-30",
    "symbol": "AIG",
    "reportedCurrency": "USD",
    "cik": "0000005272",
    "fillingDate": "2007-11-07",
    "acceptedDate": "2007-11-07 16:56:29",
    "calendarYear": "2007",
    "period": "Q3",
    "revenue": 29836000000,
    "costOfRevenue": 0,
    "grossProfit": 29836000000,
    "grossProfitRatio": 1,
    "researchAndDevelopmentExpenses": 0,
    "generalAndAdministrativeExpenses": 0,
    "sellingAndMarketingExpenses": 0,
    "sellingGeneralAndAdministrativeExpenses": 0,
    "otherExpenses": 24957000000,
    "operatingExpenses": 24957000000,
    "costAndExpenses": 24957000000,
    "interestIncome": 0,
    "interestExpense": 1232000000,
    "depreciationAndAmortization": 1376000000,
    "ebitda": 6255000000,
    "ebitdaratio": 0.2096460652,
    "operatingIncome": 4879000000,
    "operatingIncomeRatio": 0.1635272825,
    "totalOtherIncomeExpensesNet": 0,
    "incomeBeforeTax": 4879000000,
    "incomeBeforeTaxRatio": 0.1635272825,
    "incomeTaxExpense": 1463000000,
    "netIncome": 3085000000,
    "netIncomeRatio": 0.1033985789,
    "eps": 24,
    "epsdiluted": 23.8,
    "weightedAverageShsOut": 128800000,
    "weightedAverageShsOutDil": 129450000,
    "link": "https://www.sec.gov/Archives/edgar/data/5272/000095012307015058/0000950123-07-015058-index.htm",
    "finalLink": "https://www.sec.gov/Archives/edgar/data/5272/000095012307015058/y38903e10vq.htm"
  },
  {
    "date": "2007-06-30",
    "symbol": "AIG",
    "reportedCurrency": "USD",
    "cik": "0000005272",
    "fillingDate": "2007-08-08",
    "acceptedDate": "2007-08-08 16:52:13",
    "calendarYear": "2007",
    "period": "Q2",
    "revenue": 31150000000,
    "costOfRevenue": 0,
    "grossProfit": 31150000000,
    "grossProfitRatio": 1,
    "researchAndDevelopmentExpenses": 0,
    "generalAndAdministrativeExpenses": 0,
    "sellingAndMarketingExpenses": 0,
    "sellingGeneralAndAdministrativeExpenses": 0,
    "otherExpenses": 24822000000,
    "operatingExpenses": 24822000000,
    "costAndExpenses": 24822000000,
    "interestIncome": 0,
    "interestExpense": 0,
    "depreciationAndAmortization": -2084000000,
    "ebitda": 4244000000,
    "ebitdaratio": 0.1362439807,
    "operatingIncome": 6328000000,
    "operatingIncomeRatio": 0.2031460674,
    "totalOtherIncomeExpensesNet": 0,
    "incomeBeforeTax": 6328000000,
    "incomeBeforeTaxRatio": 0.2031460674,
    "incomeTaxExpense": 1679000000,
    "netIncome": 4277000000,
    "netIncomeRatio": 0.1373033708,
    "eps": 32.8,
    "epsdiluted": 32.8,
    "weightedAverageShsOut": 130100000,
    "weightedAverageShsOutDil": 130650000,
    "link": "https://www.sec.gov/Archives/edgar/data/5272/000095012307011082/0000950123-07-011082-index.htm",
    "finalLink": "https://www.sec.gov/Archives/edgar/data/5272/000095012307011082/y35350e10vq.htm"
  },
  {
    "date": "2007-03-31",
    "symbol": "AIG",
    "reportedCurrency": "USD",
    "cik": "0000005272",
    "fillingDate": "2007-05-10",
    "acceptedDate": "2007-05-10 16:05:04",
    "calendarYear": "2007",
    "period": "Q1",
    "revenue": 30645000000,
    "costOfRevenue": 0,
    "grossProfit": 30645000000,
    "grossProfitRatio": 1,
    "researchAndDevelopmentExpenses": 0,
    "generalAndAdministrativeExpenses": 0,
    "sellingAndMarketingExpenses": 0,
    "sellingGeneralAndAdministrativeExpenses": 0,
    "otherExpenses": 24473000000,
    "operatingExpenses": 24473000000,
    "costAndExpenses": 24473000000,
    "interestIncome": 0,
    "interestExpense": 0,
    "depreciationAndAmortization": 3692000000,
    "ebitda": 9864000000,
    "ebitdaratio": 0.3218795888,
    "operatingIncome": 6172000000,
    "operatingIncomeRatio": 0.2014031653,
    "totalOtherIncomeExpensesNet": 0,
    "incomeBeforeTax": 6172000000,
    "incomeBeforeTaxRatio": 0.2014031653,
    "incomeTaxExpense": 1726000000,
    "netIncome": 4130000000,
    "netIncomeRatio": 0.1347691304,
    "eps": 31.6,
    "epsdiluted": 31.6,
    "weightedAverageShsOut": 130600000,
    "weightedAverageShsOutDil": 131050000,
    "link": "https://www.sec.gov/Archives/edgar/data/5272/000095012307007211/0000950123-07-007211-index.htm",
    "finalLink": "https://www.sec.gov/Archives/edgar/data/5272/000095012307007211/y32085e10vq.htm"
  },
  {
    "date": "2006-12-31",
    "symbol": "AIG",
    "reportedCurrency": "USD",
    "cik": "0000005272",
    "fillingDate": "2007-03-01",
    "acceptedDate": "2007-03-01 16:02:17",
    "calendarYear": "2006",
    "period": "Q4",
    "revenue": 29993000000,
    "costOfRevenue": 0,
    "grossProfit": 29993000000,
    "grossProfitRatio": 1,
    "researchAndDevelopmentExpenses": 0,
    "generalAndAdministrativeExpenses": 0,
    "sellingAndMarketingExpenses": 0,
    "sellingGeneralAndAdministrativeExpenses": 0,
    "otherExpenses": 24641000000,
    "operatingExpenses": 24641000000,
    "costAndExpenses": 24641000000,
    "interestIncome": 0,
    "interestExpense": 0,
    "depreciationAndAmortization": 14551000000,
    "ebitda": 19903000000,
    "ebitdaratio": 0.6635881706,
    "operatingIncome": 5352000000,
    "operatingIncomeRatio": 0.1784416364,
    "totalOtherIncomeExpensesNet": 0,
    "incomeBeforeTax": 5352000000,
    "incomeBeforeTaxRatio": 0.1784416364,
    "incomeTaxExpense": 1471000000,
    "netIncome": 3439000000,
    "netIncomeRatio": 0.1146600874,
    "eps": 26.35,
    "epsdiluted": 26.23,
    "weightedAverageShsOut": 130500000,
    "weightedAverageShsOutDil": 131100000,
    "link": "https://www.sec.gov/Archives/edgar/data/5272/000095012307003026/0000950123-07-003026-index.htm",
    "finalLink": "https://www.sec.gov/Archives/edgar/data/5272/000095012307003026/y27490e10vk.htm"
  },
  {
    "date": "2006-09-30",
    "symbol": "AIG",
    "reportedCurrency": "USD",
    "cik": "0000005272",
    "fillingDate": "2006-11-09",
    "acceptedDate": "2006-11-09 16:02:08",
    "calendarYear": "2006",
    "period": "Q3",
    "revenue": 29247000000,
    "costOfRevenue": 0,
    "grossProfit": 29247000000,
    "grossProfitRatio": 1,
    "researchAndDevelopmentExpenses": 0,
    "generalAndAdministrativeExpenses": 0,
    "sellingAndMarketingExpenses": 0,
    "sellingGeneralAndAdministrativeExpenses": 0,
    "otherExpenses": 22946000000,
    "operatingExpenses": 22946000000,
    "costAndExpenses": 22946000000,
    "interestIncome": 0,
    "interestExpense": 0,
    "depreciationAndAmortization": 3845000000,
    "ebitda": 10146000000,
    "ebitdaratio": 0.3469073751,
    "operatingIncome": 6301000000,
    "operatingIncomeRatio": 0.2154408999,
    "totalOtherIncomeExpensesNet": 0,
    "incomeBeforeTax": 6301000000,
    "incomeBeforeTaxRatio": 0.2154408999,
    "incomeTaxExpense": 1943000000,
    "netIncome": 4224000000,
    "netIncomeRatio": 0.1444250692,
    "eps": 32.4,
    "epsdiluted": 32.2,
    "weightedAverageShsOut": 130350000,
    "weightedAverageShsOutDil": 131300000,
    "link": "https://www.sec.gov/Archives/edgar/data/5272/000095012306013855/0000950123-06-013855-index.htm",
    "finalLink": "https://www.sec.gov/Archives/edgar/data/5272/000095012306013855/y24966e10vq.htm"
  },
  {
    "date": "2006-06-30",
    "symbol": "AIG",
    "reportedCurrency": "USD",
    "cik": "0000005272",
    "fillingDate": "2006-08-09",
    "acceptedDate": "2006-08-09 16:24:37",
    "calendarYear": "2006",
    "period": "Q2",
    "revenue": 26854000000,
    "costOfRevenue": 0,
    "grossProfit": 26854000000,
    "grossProfitRatio": 1,
    "researchAndDevelopmentExpenses": 0,
    "generalAndAdministrativeExpenses": 0,
    "sellingAndMarketingExpenses": 0,
    "sellingGeneralAndAdministrativeExpenses": 0,
    "otherExpenses": 21613000000,
    "operatingExpenses": 21613000000,
    "costAndExpenses": 21613000000,
    "interestIncome": 0,
    "interestExpense": 0,
    "depreciationAndAmortization": 784000000,
    "ebitda": 6025000000,
    "ebitdaratio": 0.2243613614,
    "operatingIncome": 5241000000,
    "operatingIncomeRatio": 0.1951664556,
    "totalOtherIncomeExpensesNet": 0,
    "incomeBeforeTax": 5241000000,
    "incomeBeforeTaxRatio": 0.1951664556,
    "incomeTaxExpense": 2051000000,
    "netIncome": 3190000000,
    "netIncomeRatio": 0.1187904968,
    "eps": 24.6,
    "epsdiluted": 24.2,
    "weightedAverageShsOut": 130300000,
    "weightedAverageShsOutDil": 131250000,
    "link": "https://www.sec.gov/Archives/edgar/data/5272/000095012306010252/0000950123-06-010252-index.htm",
    "finalLink": "https://www.sec.gov/Archives/edgar/data/5272/000095012306010252/y22494e10vq.htm"
  },
  {
    "date": "2006-03-31",
    "symbol": "AIG",
    "reportedCurrency": "USD",
    "cik": "0000005272",
    "fillingDate": "2006-05-10",
    "acceptedDate": "2006-05-10 16:37:48",
    "calendarYear": "2006",
    "period": "Q1",
    "revenue": 27278000000,
    "costOfRevenue": 0,
    "grossProfit": 27278000000,
    "grossProfitRatio": 1,
    "researchAndDevelopmentExpenses": 0,
    "generalAndAdministrativeExpenses": 0,
    "sellingAndMarketingExpenses": 0,
    "sellingGeneralAndAdministrativeExpenses": 0,
    "otherExpenses": 22485000000,
    "operatingExpenses": 22485000000,
    "costAndExpenses": 22485000000,
    "interestIncome": 0,
    "interestExpense": 0,
    "depreciationAndAmortization": 554000000,
    "ebitda": 5347000000,
    "ebitdaratio": 0.1960187697,
    "operatingIncome": 4793000000,
    "operatingIncomeRatio": 0.1757093629,
    "totalOtherIncomeExpensesNet": 0,
    "incomeBeforeTax": 4793000000,
    "incomeBeforeTaxRatio": 0.1757093629,
    "incomeTaxExpense": 1435000000,
    "netIncome": 3195000000,
    "netIncomeRatio": 0.1171273554,
    "eps": 24.4,
    "epsdiluted": 24.4,
    "weightedAverageShsOut": 130250000,
    "weightedAverageShsOutDil": 131200000,
    "link": "https://www.sec.gov/Archives/edgar/data/5272/000095012306006104/0000950123-06-006104-index.htm",
    "finalLink": "https://www.sec.gov/Archives/edgar/data/5272/000095012306006104/y19465e10vq.htm"
  },
  {
    "date": "2005-12-31",
    "symbol": "AIG",
    "reportedCurrency": "USD",
    "cik": "0000005272",
    "fillingDate": "2006-03-16",
    "acceptedDate": "2006-03-16 16:29:54",
    "calendarYear": "2005",
    "period": "Q4",
    "revenue": 27363000000,
    "costOfRevenue": 0,
    "grossProfit": 27363000000,
    "grossProfitRatio": 1,
    "researchAndDevelopmentExpenses": 0,
    "generalAndAdministrativeExpenses": 0,
    "sellingAndMarketingExpenses": 0,
    "sellingGeneralAndAdministrativeExpenses": 0,
    "otherExpenses": 27061000000,
    "operatingExpenses": 27061000000,
    "costAndExpenses": 27061000000,
    "interestIncome": 0,
    "interestExpense": 0,
    "depreciationAndAmortization": 889000000,
    "ebitda": 1191000000,
    "ebitdaratio": 0.0435259292,
    "operatingIncome": 302000000,
    "operatingIncomeRatio": 0.0110368015,
    "totalOtherIncomeExpensesNet": 0,
    "incomeBeforeTax": 302000000,
    "incomeBeforeTaxRatio": 0.0110368015,
    "incomeTaxExpense": -301000000,
    "netIncome": 454000000,
    "netIncomeRatio": 0.016591748,
    "eps": 3.49,
    "epsdiluted": 3.46,
    "weightedAverageShsOut": 130050000,
    "weightedAverageShsOutDil": 131275000,
    "link": "https://www.sec.gov/Archives/edgar/data/5272/000095012306003276/0000950123-06-003276-index.htm",
    "finalLink": "https://www.sec.gov/Archives/edgar/data/5272/000095012306003276/y16349e10vk.htm"
  },
  {
    "date": "2005-09-30",
    "symbol": "AIG",
    "reportedCurrency": "USD",
    "cik": "0000005272",
    "fillingDate": "2005-11-14",
    "acceptedDate": "2005-11-14 16:52:11",
    "calendarYear": "2005",
    "period": "Q3",
    "revenue": 26408000000,
    "costOfRevenue": 0,
    "grossProfit": 26408000000,
    "grossProfitRatio": 1,
    "researchAndDevelopmentExpenses": 0,
    "generalAndAdministrativeExpenses": 0,
    "sellingAndMarketingExpenses": 0,
    "sellingGeneralAndAdministrativeExpenses": 0,
    "otherExpenses": 23861000000,
    "operatingExpenses": 23861000000,
    "costAndExpenses": 23861000000,
    "interestIncome": 0,
    "interestExpense": 0,
    "depreciationAndAmortization": 645000000,
    "ebitda": 3192000000,
    "ebitdaratio": 0.1208724629,
    "operatingIncome": 2547000000,
    "operatingIncomeRatio": 0.096448046,
    "totalOtherIncomeExpensesNet": 0,
    "incomeBeforeTax": 2547000000,
    "incomeBeforeTaxRatio": 0.096448046,
    "incomeTaxExpense": 748000000,
    "netIncome": 1745000000,
    "netIncomeRatio": 0.0660784611,
    "eps": 13.4,
    "epsdiluted": 13.2,
    "weightedAverageShsOut": 129850000,
    "weightedAverageShsOutDil": 131200000,
    "link": "https://www.sec.gov/Archives/edgar/data/5272/000095012305013632/0000950123-05-013632-index.htm",
    "finalLink": "https://www.sec.gov/Archives/edgar/data/5272/000095012305013632/y13131e10vq.htm"
  },
  {
    "date": "2005-06-30",
    "symbol": "AIG",
    "reportedCurrency": "USD",
    "cik": "0000005272",
    "fillingDate": "2005-08-09",
    "acceptedDate": "2005-08-09 17:24:19",
    "calendarYear": "2005",
    "period": "Q2",
    "revenue": 27903000000,
    "costOfRevenue": 0,
    "grossProfit": 27903000000,
    "grossProfitRatio": 1,
    "researchAndDevelopmentExpenses": 0,
    "generalAndAdministrativeExpenses": 0,
    "sellingAndMarketingExpenses": 0,
    "sellingGeneralAndAdministrativeExpenses": 0,
    "otherExpenses": 21202000000,
    "operatingExpenses": 21202000000,
    "costAndExpenses": 21202000000,
    "interestIncome": 0,
    "interestExpense": 0,
    "depreciationAndAmortization": 497000000,
    "ebitda": 7198000000,
    "ebitdaratio": 0.2579650934,
    "operatingIncome": 6701000000,
    "operatingIncomeRatio": 0.2401533885,
    "totalOtherIncomeExpensesNet": 0,
    "incomeBeforeTax": 6701000000,
    "incomeBeforeTaxRatio": 0.2401533885,
    "incomeTaxExpense": 2083000000,
    "netIncome": 4489000000,
    "netIncomeRatio": 0.1608787586,
    "eps": 34.6,
    "epsdiluted": 34.2,
    "weightedAverageShsOut": 129800000,
    "weightedAverageShsOutDil": 131150000,
    "link": "https://www.sec.gov/Archives/edgar/data/5272/000095012305009669/0000950123-05-009669-index.htm",
    "finalLink": "https://www.sec.gov/Archives/edgar/data/5272/000095012305009669/y10698e10vq.htm"
  },
  {
    "date": "2005-03-31",
    "symbol": "AIG",
    "reportedCurrency": "USD",
    "cik": "0000005272",
    "fillingDate": "2005-06-28",
    "acceptedDate": "2005-06-28 17:21:24",
    "calendarYear": "2005",
    "period": "Q1",
    "revenue": 27202000000,
    "costOfRevenue": 0,
    "grossProfit": 27202000000,
    "grossProfitRatio": 1,
    "researchAndDevelopmentExpenses": 0,
    "generalAndAdministrativeExpenses": 0,
    "sellingAndMarketingExpenses": 0,
    "sellingGeneralAndAdministrativeExpenses": 0,
    "otherExpenses": 21553000000,
    "operatingExpenses": 21553000000,
    "costAndExpenses": 21553000000,
    "interestIncome": 0,
    "interestExpense": 0,
    "depreciationAndAmortization": 526000000,
    "ebitda": 6175000000,
    "ebitdaratio": 0.2270053673,
    "operatingIncome": 5649000000,
    "operatingIncomeRatio": 0.2076685538,
    "totalOtherIncomeExpensesNet": 0,
    "incomeBeforeTax": 5649000000,
    "incomeBeforeTaxRatio": 0.2076685538,
    "incomeTaxExpense": 1706000000,
    "netIncome": 3799000000,
    "netIncomeRatio": 0.1396588486,
    "eps": 29.2,
    "epsdiluted": 29,
    "weightedAverageShsOut": 129850000,
    "weightedAverageShsOutDil": 131200000,
    "link": "https://www.sec.gov/Archives/edgar/data/5272/000095012305007921/0000950123-05-007921-index.htm",
    "finalLink": "https://www.sec.gov/Archives/edgar/data/5272/000095012305007921/y09332e10vq.htm"
  },
  {
    "date": "2004-12-31",
    "symbol": "AIG",
    "reportedCurrency": "USD",
    "cik": "0000005272",
    "fillingDate": "2006-03-16",
    "acceptedDate": "2006-03-16 16:10:40",
    "calendarYear": "2004",
    "period": "Q4",
    "revenue": 25130000000,
    "costOfRevenue": 0,
    "grossProfit": 25130000000,
    "grossProfitRatio": 1,
    "researchAndDevelopmentExpenses": 0,
    "generalAndAdministrativeExpenses": 0,
    "sellingAndMarketingExpenses": 0,
    "sellingGeneralAndAdministrativeExpenses": 0,
    "otherExpenses": 22818000000,
    "operatingExpenses": 22818000000,
    "costAndExpenses": 22818000000,
    "interestIncome": 0,
    "interestExpense": 0,
    "depreciationAndAmortization": 521000000,
    "ebitda": 2833000000,
    "ebitdaratio": 0.1127337843,
    "operatingIncome": 2312000000,
    "operatingIncomeRatio": 0.0920015917,
    "totalOtherIncomeExpensesNet": 0,
    "incomeBeforeTax": 2312000000,
    "incomeBeforeTaxRatio": 0.0920015917,
    "incomeTaxExpense": 583000000,
    "netIncome": 1664000000,
    "netIncomeRatio": 0.0662156785,
    "eps": 12.79,
    "epsdiluted": 12.65,
    "weightedAverageShsOut": 130075000,
    "weightedAverageShsOutDil": 131525000,
    "link": "https://www.sec.gov/Archives/edgar/data/5272/000095012306003272/0000950123-06-003272-index.htm",
    "finalLink": "https://www.sec.gov/Archives/edgar/data/5272/000095012306003272/y15154e10vkza.htm"
  },
  {
    "date": "2004-09-30",
    "symbol": "AIG",
    "reportedCurrency": "USD",
    "cik": "0000005272",
    "fillingDate": "2004-11-09",
    "acceptedDate": "2004-11-09 06:11:08",
    "calendarYear": "2004",
    "period": "Q3",
    "revenue": 25280000000,
    "costOfRevenue": 0,
    "grossProfit": 25280000000,
    "grossProfitRatio": 1,
    "researchAndDevelopmentExpenses": 0,
    "generalAndAdministrativeExpenses": 0,
    "sellingAndMarketingExpenses": 0,
    "sellingGeneralAndAdministrativeExpenses": 0,
    "otherExpenses": 21189000000,
    "operatingExpenses": 21189000000,
    "costAndExpenses": 21189000000,
    "interestIncome": 0,
    "interestExpense": 0,
    "depreciationAndAmortization": 514000000,
    "ebitda": 4605000000,
    "ebitdaratio": 0.1821598101,
    "operatingIncome": 4091000000,
    "operatingIncomeRatio": 0.1618275316,
    "totalOtherIncomeExpensesNet": 0,
    "incomeBeforeTax": 4091000000,
    "incomeBeforeTaxRatio": 0.1618275316,
    "incomeTaxExpense": 1264000000,
    "netIncome": 2685000000,
    "netIncomeRatio": 0.106210443,
    "eps": 20.8,
    "epsdiluted": 20.4,
    "weightedAverageShsOut": 130300000,
    "weightedAverageShsOutDil": 131900000,
    "link": "https://www.sec.gov/Archives/edgar/data/5272/000095012304013214/0000950123-04-013214-index.htm",
    "finalLink": "https://www.sec.gov/Archives/edgar/data/5272/000095012304013214/y01151e10vq.htm"
  },
  {
    "date": "2004-06-30",
    "symbol": "AIG",
    "reportedCurrency": "USD",
    "cik": "0000005272",
    "fillingDate": "2004-08-09",
    "acceptedDate": "2004-08-06 19:11:38",
    "calendarYear": "2004",
    "period": "Q2",
    "revenue": 23505000000,
    "costOfRevenue": 0,
    "grossProfit": 23505000000,
    "grossProfitRatio": 1,
    "researchAndDevelopmentExpenses": 0,
    "generalAndAdministrativeExpenses": 0,
    "sellingAndMarketingExpenses": 0,
    "sellingGeneralAndAdministrativeExpenses": 0,
    "otherExpenses": 19532000000,
    "operatingExpenses": 19532000000,
    "costAndExpenses": 19532000000,
    "interestIncome": 0,
    "interestExpense": 0,
    "depreciationAndAmortization": 511000000,
    "ebitda": 4484000000,
    "ebitdaratio": 0.1907679217,
    "operatingIncome": 3973000000,
    "operatingIncomeRatio": 0.1690278664,
    "totalOtherIncomeExpensesNet": 0,
    "incomeBeforeTax": 3973000000,
    "incomeBeforeTaxRatio": 0.1690278664,
    "incomeTaxExpense": 1218000000,
    "netIncome": 2650000000,
    "netIncomeRatio": 0.1127419698,
    "eps": 20.4,
    "epsdiluted": 20.2,
    "weightedAverageShsOut": 130400000,
    "weightedAverageShsOutDil": 132000000,
    "link": "https://www.sec.gov/Archives/edgar/data/5272/000095012304009398/0000950123-04-009398-index.htm",
    "finalLink": "https://www.sec.gov/Archives/edgar/data/5272/000095012304009398/y97715ae10vq.htm"
  },
  {
    "date": "2004-03-31",
    "symbol": "AIG",
    "reportedCurrency": "USD",
    "cik": "0000005272",
    "fillingDate": "2004-05-10",
    "acceptedDate": "2004-05-10 11:28:19",
    "calendarYear": "2004",
    "period": "Q1",
    "revenue": 23375000000,
    "costOfRevenue": 0,
    "grossProfit": 23375000000,
    "grossProfitRatio": 1,
    "researchAndDevelopmentExpenses": 0,
    "generalAndAdministrativeExpenses": 0,
    "sellingAndMarketingExpenses": 0,
    "sellingGeneralAndAdministrativeExpenses": 0,
    "otherExpenses": 19436000000,
    "operatingExpenses": 19436000000,
    "costAndExpenses": 19436000000,
    "interestIncome": 0,
    "interestExpense": 0,
    "depreciationAndAmortization": 486000000,
    "ebitda": 4425000000,
    "ebitdaratio": 0.1893048128,
    "operatingIncome": 3939000000,
    "operatingIncomeRatio": 0.168513369,
    "totalOtherIncomeExpensesNet": 0,
    "incomeBeforeTax": 3939000000,
    "incomeBeforeTaxRatio": 0.168513369,
    "incomeTaxExpense": 1169000000,
    "netIncome": 2700000000,
    "netIncomeRatio": 0.1155080214,
    "eps": 19.6,
    "epsdiluted": 19.4,
    "weightedAverageShsOut": 130500000,
    "weightedAverageShsOutDil": 132100000,
    "link": "https://www.sec.gov/Archives/edgar/data/5272/000095012304006027/0000950123-04-006027-index.htm",
    "finalLink": "https://www.sec.gov/Archives/edgar/data/5272/000095012304006027/y95444e10vq.htm"
  },
  {
    "date": "2003-12-31",
    "symbol": "AIG",
    "reportedCurrency": "USD",
    "cik": "0000005272",
    "fillingDate": "2004-03-15",
    "acceptedDate": "2004-03-15 11:31:23",
    "calendarYear": "2003",
    "period": "Q4",
    "revenue": 22179000000,
    "costOfRevenue": 0,
    "grossProfit": 22179000000,
    "grossProfitRatio": 1,
    "researchAndDevelopmentExpenses": 0,
    "generalAndAdministrativeExpenses": 0,
    "sellingAndMarketingExpenses": 0,
    "sellingGeneralAndAdministrativeExpenses": 0,
    "otherExpenses": 18129000000,
    "operatingExpenses": 18129000000,
    "costAndExpenses": 18129000000,
    "interestIncome": 0,
    "interestExpense": 0,
    "depreciationAndAmortization": 479000000,
    "ebitda": 4529000000,
    "ebitdaratio": 0.2042021732,
    "operatingIncome": 4050000000,
    "operatingIncomeRatio": 0.182605167,
    "totalOtherIncomeExpensesNet": 0,
    "incomeBeforeTax": 4050000000,
    "incomeBeforeTaxRatio": 0.182605167,
    "incomeTaxExpense": 1259000000,
    "netIncome": 2698000000,
    "netIncomeRatio": 0.1216466026,
    "eps": 20.67,
    "epsdiluted": 20.5,
    "weightedAverageShsOut": 130500000,
    "weightedAverageShsOutDil": 131625000,
    "link": "https://www.sec.gov/Archives/edgar/data/5272/000095012304003302/0000950123-04-003302-index.htm",
    "finalLink": "https://www.sec.gov/Archives/edgar/data/5272/000095012304003302/y92059e10vk.htm"
  },
  {
    "date": "2003-09-30",
    "symbol": "AIG",
    "reportedCurrency": "USD",
    "cik": "0000005272",
    "fillingDate": "2003-11-14",
    "acceptedDate": "2003-11-13 18:56:27",
    "calendarYear": "2003",
    "period": "Q3",
    "revenue": 20306000000,
    "costOfRevenue": 0,
    "grossProfit": 20306000000,
    "grossProfitRatio": 1,
    "researchAndDevelopmentExpenses": 0,
    "generalAndAdministrativeExpenses": 0,
    "sellingAndMarketingExpenses": 0,
    "sellingGeneralAndAdministrativeExpenses": 0,
    "otherExpenses": 16802000000,
    "operatingExpenses": 16802000000,
    "costAndExpenses": 16802000000,
    "interestIncome": 0,
    "interestExpense": 0,
    "depreciationAndAmortization": 478000000,
    "ebitda": 3982000000,
    "ebitdaratio": 0.196099675,
    "operatingIncome": 3504000000,
    "operatingIncomeRatio": 0.1725598345,
    "totalOtherIncomeExpensesNet": 0,
    "incomeBeforeTax": 3504000000,
    "incomeBeforeTaxRatio": 0.1725598345,
    "incomeTaxExpense": 1069000000,
    "netIncome": 2337000000,
    "netIncomeRatio": 0.1150891362,
    "eps": 18,
    "epsdiluted": 17.8,
    "weightedAverageShsOut": 130500000,
    "weightedAverageShsOutDil": 131400000,
    "link": "https://www.sec.gov/Archives/edgar/data/5272/000095012303012664/0000950123-03-012664-index.htm",
    "finalLink": "https://www.sec.gov/Archives/edgar/data/5272/000095012303012664/y91145e10vq.htm"
  },
  {
    "date": "2003-06-30",
    "symbol": "AIG",
    "reportedCurrency": "USD",
    "cik": "0000005272",
    "fillingDate": "2003-08-14",
    "acceptedDate": "2003-08-14 06:24:52",
    "calendarYear": "2003",
    "period": "Q2",
    "revenue": 19891000000,
    "costOfRevenue": 0,
    "grossProfit": 19891000000,
    "grossProfitRatio": 1,
    "researchAndDevelopmentExpenses": 0,
    "generalAndAdministrativeExpenses": 0,
    "sellingAndMarketingExpenses": 0,
    "sellingGeneralAndAdministrativeExpenses": 0,
    "otherExpenses": 16461000000,
    "operatingExpenses": 16461000000,
    "costAndExpenses": 16461000000,
    "interestIncome": 0,
    "interestExpense": 0,
    "depreciationAndAmortization": 461000000,
    "ebitda": 3891000000,
    "ebitdaratio": 0.1956161078,
    "operatingIncome": 3430000000,
    "operatingIncomeRatio": 0.1724397969,
    "totalOtherIncomeExpensesNet": 0,
    "incomeBeforeTax": 3430000000,
    "incomeBeforeTaxRatio": 0.1724397969,
    "incomeTaxExpense": 1060000000,
    "netIncome": 2276000000,
    "netIncomeRatio": 0.1144236087,
    "eps": 17.4,
    "epsdiluted": 17.4,
    "weightedAverageShsOut": 130500000,
    "weightedAverageShsOutDil": 131350000,
    "link": "https://www.sec.gov/Archives/edgar/data/5272/000095012303009418/0000950123-03-009418-index.htm",
    "finalLink": "https://www.sec.gov/Archives/edgar/data/5272/000095012303009418/y86944ae10vq.htm"
  },
  {
    "date": "2003-03-31",
    "symbol": "AIG",
    "reportedCurrency": "USD",
    "cik": "0000005272",
    "fillingDate": "2003-07-18",
    "acceptedDate": "2003-07-18 17:25:37",
    "calendarYear": "2003",
    "period": "Q1",
    "revenue": 18927000000,
    "costOfRevenue": 0,
    "grossProfit": 18927000000,
    "grossProfitRatio": 1,
    "researchAndDevelopmentExpenses": 0,
    "generalAndAdministrativeExpenses": 0,
    "sellingAndMarketingExpenses": 0,
    "sellingGeneralAndAdministrativeExpenses": 0,
    "otherExpenses": 16003000000,
    "operatingExpenses": 16003000000,
    "costAndExpenses": 16003000000,
    "interestIncome": 0,
    "interestExpense": 0,
    "depreciationAndAmortization": 447000000,
    "ebitda": 3371000000,
    "ebitdaratio": 0.1781053521,
    "operatingIncome": 2924000000,
    "operatingIncomeRatio": 0.1544882971,
    "totalOtherIncomeExpensesNet": 0,
    "incomeBeforeTax": 2924000000,
    "incomeBeforeTaxRatio": 0.1544882971,
    "incomeTaxExpense": 876000000,
    "netIncome": 1954000000,
    "netIncomeRatio": 0.1032387594,
    "eps": 15,
    "epsdiluted": 14.8,
    "weightedAverageShsOut": 130500000,
    "weightedAverageShsOutDil": 131400000,
    "link": "https://www.sec.gov/Archives/edgar/data/5272/000095012303008319/0000950123-03-008319-index.htm",
    "finalLink": "https://www.sec.gov/Archives/edgar/data/5272/000095012303008319/e86944e10vqza.htm"
  },
  {
    "date": "2002-12-31",
    "symbol": "AIG",
    "reportedCurrency": "USD",
    "cik": "0000005272",
    "fillingDate": "2003-03-31",
    "acceptedDate": "2003-03-31 08:50:19",
    "calendarYear": "2002",
    "period": "Q4",
    "revenue": 17533000000,
    "costOfRevenue": 0,
    "grossProfit": 17533000000,
    "grossProfitRatio": 1,
    "researchAndDevelopmentExpenses": 0,
    "generalAndAdministrativeExpenses": 0,
    "sellingAndMarketingExpenses": 0,
    "sellingGeneralAndAdministrativeExpenses": 0,
    "otherExpenses": 17846000000,
    "operatingExpenses": 17846000000,
    "costAndExpenses": 17846000000,
    "interestIncome": 0,
    "interestExpense": 0,
    "depreciationAndAmortization": 441000000,
    "ebitda": 128000000,
    "ebitdaratio": 0.007300519,
    "operatingIncome": -313000000,
    "operatingIncomeRatio": -0.0178520504,
    "totalOtherIncomeExpensesNet": 0,
    "incomeBeforeTax": -313000000,
    "incomeBeforeTaxRatio": -0.0178520504,
    "incomeTaxExpense": -253000000,
    "netIncome": -104000000,
    "netIncomeRatio": -0.0059316717,
    "eps": -0.79,
    "epsdiluted": -0.78,
    "weightedAverageShsOut": 131909091,
    "weightedAverageShsOutDil": 133280645,
    "link": "https://www.sec.gov/Archives/edgar/data/5272/000095012303003570/0000950123-03-003570-index.htm",
    "finalLink": "https://www.sec.gov/Archives/edgar/data/5272/000095012303003570/y65998e10vk.txt"
  },
  {
    "date": "2002-09-30",
    "symbol": "AIG",
    "reportedCurrency": "USD",
    "cik": "0000005272",
    "fillingDate": "2002-11-14",
    "acceptedDate": "2002-11-13 21:37:24",
    "calendarYear": "2002",
    "period": "Q3",
    "revenue": 17150000000,
    "costOfRevenue": 0,
    "grossProfit": 17150000000,
    "grossProfitRatio": 1,
    "researchAndDevelopmentExpenses": 0,
    "generalAndAdministrativeExpenses": 0,
    "sellingAndMarketingExpenses": 0,
    "sellingGeneralAndAdministrativeExpenses": 0,
    "otherExpenses": 14421000000,
    "operatingExpenses": 14421000000,
    "costAndExpenses": 14421000000,
    "interestIncome": 0,
    "interestExpense": 0,
    "depreciationAndAmortization": 413000000,
    "ebitda": 3142000000,
    "ebitdaratio": 0.1832069971,
    "operatingIncome": 2729000000,
    "operatingIncomeRatio": 0.1591253644,
    "totalOtherIncomeExpensesNet": 0,
    "incomeBeforeTax": 2729000000,
    "incomeBeforeTaxRatio": 0.1591253644,
    "incomeTaxExpense": 817000000,
    "netIncome": 1842000000,
    "netIncomeRatio": 0.1074052478,
    "eps": 14,
    "epsdiluted": 14,
    "weightedAverageShsOut": 130500000,
    "weightedAverageShsOutDil": 131700000,
    "link": "https://www.sec.gov/Archives/edgar/data/5272/000095012302010792/0000950123-02-010792-index.htm",
    "finalLink": "https://www.sec.gov/Archives/edgar/data/5272/000095012302010792/y65072e10vq.htm"
  },
  {
    "date": "2002-06-30",
    "symbol": "AIG",
    "reportedCurrency": "USD",
    "cik": "0000005272",
    "fillingDate": "2002-08-08",
    "acceptedDate": "2002-08-08 13:41:56",
    "calendarYear": "2002",
    "period": "Q2",
    "revenue": 16662000000,
    "costOfRevenue": 0,
    "grossProfit": 16662000000,
    "grossProfitRatio": 1,
    "researchAndDevelopmentExpenses": 0,
    "generalAndAdministrativeExpenses": 0,
    "sellingAndMarketingExpenses": 0,
    "sellingGeneralAndAdministrativeExpenses": 0,
    "otherExpenses": 13895000000,
    "operatingExpenses": 13895000000,
    "costAndExpenses": 13895000000,
    "interestIncome": 0,
    "interestExpense": 0,
    "depreciationAndAmortization": 411000000,
    "ebitda": 3178000000,
    "ebitdaratio": 0.1907334054,
    "operatingIncome": 2767000000,
    "operatingIncomeRatio": 0.1660664986,
    "totalOtherIncomeExpensesNet": 0,
    "incomeBeforeTax": 2767000000,
    "incomeBeforeTaxRatio": 0.1660664986,
    "incomeTaxExpense": 872000000,
    "netIncome": 1801000000,
    "netIncomeRatio": 0.1080902653,
    "eps": 13.8,
    "epsdiluted": 13.6,
    "weightedAverageShsOut": 130650000,
    "weightedAverageShsOutDil": 132000000,
    "link": "https://www.sec.gov/Archives/edgar/data/5272/000095012302007551/0000950123-02-007551-index.htm",
    "finalLink": "https://www.sec.gov/Archives/edgar/data/5272/000095012302007551/y62622qe10vq.htm"
  },
  {
    "date": "2002-03-31",
    "symbol": "AIG",
    "reportedCurrency": "USD",
    "cik": "0000005272",
    "fillingDate": "2002-05-15",
    "acceptedDate": "2002-05-14 17:35:56",
    "calendarYear": "2002",
    "period": "Q1",
    "revenue": 16137000000,
    "costOfRevenue": 0,
    "grossProfit": 16137000000,
    "grossProfitRatio": 1,
    "researchAndDevelopmentExpenses": 0,
    "generalAndAdministrativeExpenses": 0,
    "sellingAndMarketingExpenses": 0,
    "sellingGeneralAndAdministrativeExpenses": 0,
    "otherExpenses": 13178000000,
    "operatingExpenses": 13178000000,
    "costAndExpenses": 13178000000,
    "interestIncome": 0,
    "interestExpense": 0,
    "depreciationAndAmortization": 388000000,
    "ebitda": 3347000000,
    "ebitdaratio": 0.2074115387,
    "operatingIncome": 2959000000,
    "operatingIncomeRatio": 0.1833674165,
    "totalOtherIncomeExpensesNet": 0,
    "incomeBeforeTax": 2959000000,
    "incomeBeforeTaxRatio": 0.1833674165,
    "incomeTaxExpense": 892000000,
    "netIncome": 1980000000,
    "netIncomeRatio": 0.1226993865,
    "eps": 15.2,
    "epsdiluted": 15,
    "weightedAverageShsOut": 130750000,
    "weightedAverageShsOutDil": 132050000,
    "link": "https://www.sec.gov/Archives/edgar/data/5272/000095012302005156/0000950123-02-005156-index.htm",
    "finalLink": "https://www.sec.gov/Archives/edgar/data/5272/000095012302005156/y60050e10-q.htm"
  },
  {
    "date": "2001-12-31",
    "symbol": "AIG",
    "reportedCurrency": "USD",
    "cik": "0000005272",
    "fillingDate": "2002-04-01",
    "acceptedDate": "2002-04-01 00:00:00",
    "calendarYear": "2001",
    "period": "Q4",
    "revenue": 14571000000,
    "costOfRevenue": 0,
    "grossProfit": 14571000000,
    "grossProfitRatio": 1,
    "researchAndDevelopmentExpenses": 0,
    "generalAndAdministrativeExpenses": 0,
    "sellingAndMarketingExpenses": 0,
    "sellingGeneralAndAdministrativeExpenses": 0,
    "otherExpenses": 11854000000,
    "operatingExpenses": 11854000000,
    "costAndExpenses": 11854000000,
    "interestIncome": 0,
    "interestExpense": 0,
    "depreciationAndAmortization": 361000000,
    "ebitda": 3078000000,
    "ebitdaratio": 0.2112415071,
    "operatingIncome": 2717000000,
    "operatingIncomeRatio": 0.1864662686,
    "totalOtherIncomeExpensesNet": 0,
    "incomeBeforeTax": 2717000000,
    "incomeBeforeTaxRatio": 0.1864662686,
    "incomeTaxExpense": 804000000,
    "netIncome": 1866000000,
    "netIncomeRatio": 0.1280625901,
    "eps": 14.24,
    "epsdiluted": 14.08,
    "weightedAverageShsOut": 131025000,
    "weightedAverageShsOutDil": 132525000,
    "link": "https://www.sec.gov/Archives/edgar/data/5272/000095012302003222/0000950123-02-003222-index.htm",
    "finalLink": "https://www.sec.gov/Archives/edgar/data/5272/000095012302003222/y53442e10-k.txt"
  },
  {
    "date": "2001-09-30",
    "symbol": "AIG",
    "reportedCurrency": "USD",
    "cik": "0000005272",
    "fillingDate": "2001-11-14",
    "acceptedDate": "2001-11-14 00:00:00",
    "calendarYear": "2001",
    "period": "Q3",
    "revenue": 15582000000,
    "costOfRevenue": 0,
    "grossProfit": 15582000000,
    "grossProfitRatio": 1,
    "researchAndDevelopmentExpenses": 0,
    "generalAndAdministrativeExpenses": 0,
    "sellingAndMarketingExpenses": 0,
    "sellingGeneralAndAdministrativeExpenses": 0,
    "otherExpenses": 14965000000,
    "operatingExpenses": 14965000000,
    "costAndExpenses": 14965000000,
    "interestIncome": 0,
    "interestExpense": 0,
    "depreciationAndAmortization": 445000000,
    "ebitda": 1062000000,
    "ebitdaratio": 0.0681555641,
    "operatingIncome": 617000000,
    "operatingIncomeRatio": 0.0395969709,
    "totalOtherIncomeExpensesNet": 0,
    "incomeBeforeTax": 617000000,
    "incomeBeforeTaxRatio": 0.0395969709,
    "incomeTaxExpense": 164000000,
    "netIncome": 408000000,
    "netIncomeRatio": 0.0261840585,
    "eps": 2.4,
    "epsdiluted": 2.4,
    "weightedAverageShsOut": 131000000,
    "weightedAverageShsOutDil": 132550000,
    "link": "https://www.sec.gov/Archives/edgar/data/5272/000095012301508357/0000950123-01-508357-index.htm",
    "finalLink": "https://www.sec.gov/Archives/edgar/data/5272/000095012301508357/y54461e10-q.htm"
  },
  {
    "date": "2001-06-30",
    "symbol": "AIG",
    "reportedCurrency": "USD",
    "cik": "0000005272",
    "fillingDate": "2001-08-14",
    "acceptedDate": "2001-08-14 00:00:00",
    "calendarYear": "2001",
    "period": "Q2",
    "revenue": 13405000000,
    "costOfRevenue": 0,
    "grossProfit": 13405000000,
    "grossProfitRatio": 1,
    "researchAndDevelopmentExpenses": 0,
    "generalAndAdministrativeExpenses": 0,
    "sellingAndMarketingExpenses": 0,
    "sellingGeneralAndAdministrativeExpenses": 0,
    "otherExpenses": 11400000000,
    "operatingExpenses": 11400000000,
    "costAndExpenses": 11400000000,
    "interestIncome": 0,
    "interestExpense": 0,
    "depreciationAndAmortization": 338000000,
    "ebitda": 2343000000,
    "ebitdaratio": 0.1747855278,
    "operatingIncome": 2005000000,
    "operatingIncomeRatio": 0.1495710556,
    "totalOtherIncomeExpensesNet": 0,
    "incomeBeforeTax": 2005000000,
    "incomeBeforeTaxRatio": 0.1495710556,
    "incomeTaxExpense": 545000000,
    "netIncome": 1364000000,
    "netIncomeRatio": 0.1017530772,
    "eps": 10,
    "epsdiluted": 10,
    "weightedAverageShsOut": 131050000,
    "weightedAverageShsOutDil": 132550000,
    "link": "https://www.sec.gov/Archives/edgar/data/5272/000095012301505557/0000950123-01-505557-index.htm",
    "finalLink": "https://www.sec.gov/Archives/edgar/data/5272/000095012301505557/y52044e10-q.txt"
  },
  {
    "date": "2001-03-31",
    "symbol": "AIG",
    "reportedCurrency": "USD",
    "cik": "0000005272",
    "fillingDate": "2001-05-15",
    "acceptedDate": "2001-05-15 00:00:00",
    "calendarYear": "2001",
    "period": "Q1",
    "revenue": 13110000000,
    "costOfRevenue": 0,
    "grossProfit": 13110000000,
    "grossProfitRatio": 1,
    "researchAndDevelopmentExpenses": 0,
    "generalAndAdministrativeExpenses": 0,
    "sellingAndMarketingExpenses": 0,
    "sellingGeneralAndAdministrativeExpenses": 0,
    "otherExpenses": 10310000000,
    "operatingExpenses": 10310000000,
    "costAndExpenses": 10310000000,
    "interestIncome": 0,
    "interestExpense": 0,
    "depreciationAndAmortization": 293000000,
    "ebitda": 3093000000,
    "ebitdaratio": 0.2359267735,
    "operatingIncome": 2800000000,
    "operatingIncomeRatio": 0.2135774218,
    "totalOtherIncomeExpensesNet": 0,
    "incomeBeforeTax": 2800000000,
    "incomeBeforeTaxRatio": 0.2135774218,
    "incomeTaxExpense": 826000000,
    "netIncome": 1861000000,
    "netIncomeRatio": 0.1419527079,
    "eps": 14.2,
    "epsdiluted": 14,
    "weightedAverageShsOut": 131150000,
    "weightedAverageShsOutDil": 132550000,
    "link": "https://www.sec.gov/Archives/edgar/data/5272/000095012301502552/0000950123-01-502552-index.htm",
    "finalLink": "https://www.sec.gov/Archives/edgar/data/5272/000095012301502552/y48740e10-q.txt"
  },
  {
    "date": "2000-12-31",
    "symbol": "AIG",
    "reportedCurrency": "USD",
    "cik": "0000005272",
    "fillingDate": "2001-04-02",
    "acceptedDate": "2001-04-02 00:00:00",
    "calendarYear": "2000",
    "period": "Q4",
    "revenue": 11557000000,
    "costOfRevenue": 0,
    "grossProfit": 11557000000,
    "grossProfitRatio": 1,
    "researchAndDevelopmentExpenses": 0,
    "generalAndAdministrativeExpenses": 0,
    "sellingAndMarketingExpenses": 0,
    "sellingGeneralAndAdministrativeExpenses": 0,
    "otherExpenses": 9359000000,
    "operatingExpenses": 9359000000,
    "costAndExpenses": 9359000000,
    "interestIncome": 0,
    "interestExpense": 0,
    "depreciationAndAmortization": 325000000,
    "ebitda": 2523000000,
    "ebitdaratio": 0.2183092498,
    "operatingIncome": 2198000000,
    "operatingIncomeRatio": 0.190187765,
    "totalOtherIncomeExpensesNet": 0,
    "incomeBeforeTax": 2198000000,
    "incomeBeforeTaxRatio": 0.190187765,
    "incomeTaxExpense": 634000000,
    "netIncome": 1497000000,
    "netIncomeRatio": 0.1295318854,
    "eps": 11.45,
    "epsdiluted": 11.32,
    "weightedAverageShsOut": 130750000,
    "weightedAverageShsOutDil": 132225000,
    "link": "https://www.sec.gov/Archives/edgar/data/5272/000095012301002952/0000950123-01-002952-index.htm",
    "finalLink": "https://www.sec.gov/Archives/edgar/data/5272/000095012301002952/y41459e10-k.txt"
  },
  {
    "date": "2000-09-30",
    "symbol": "AIG",
    "reportedCurrency": "USD",
    "cik": "0000005272",
    "fillingDate": "2000-11-14",
    "acceptedDate": "2000-11-14 00:00:00",
    "calendarYear": "2000",
    "period": "Q3",
    "revenue": 12225000000,
    "costOfRevenue": 0,
    "grossProfit": 12225000000,
    "grossProfitRatio": 1,
    "researchAndDevelopmentExpenses": 0,
    "generalAndAdministrativeExpenses": 0,
    "sellingAndMarketingExpenses": 0,
    "sellingGeneralAndAdministrativeExpenses": 0,
    "otherExpenses": 9627000000,
    "operatingExpenses": 9627000000,
    "costAndExpenses": 9627000000,
    "interestIncome": 0,
    "interestExpense": 0,
    "depreciationAndAmortization": 294000000,
    "ebitda": 2892000000,
    "ebitdaratio": 0.2365644172,
    "operatingIncome": 2598000000,
    "operatingIncomeRatio": 0.2125153374,
    "totalOtherIncomeExpensesNet": 0,
    "incomeBeforeTax": 2598000000,
    "incomeBeforeTaxRatio": 0.2125153374,
    "incomeTaxExpense": 785000000,
    "netIncome": 1705000000,
    "netIncomeRatio": 0.1394683027,
    "eps": 13.2,
    "epsdiluted": 13,
    "weightedAverageShsOut": 130300000,
    "weightedAverageShsOutDil": 131650000,
    "link": "https://www.sec.gov/Archives/edgar/data/5272/000095012300010481/0000950123-00-010481-index.htm",
    "finalLink": "https://www.sec.gov/Archives/edgar/data/5272/000095012300010481/y42094e10-q.txt"
  },
  {
    "date": "2000-06-30",
    "symbol": "AIG",
    "reportedCurrency": "USD",
    "cik": "0000005272",
    "fillingDate": "2000-08-14",
    "acceptedDate": "2000-08-14 00:00:00",
    "calendarYear": "2000",
    "period": "Q2",
    "revenue": 10565000000,
    "costOfRevenue": 0,
    "grossProfit": 10565000000,
    "grossProfitRatio": 1,
    "researchAndDevelopmentExpenses": 0,
    "generalAndAdministrativeExpenses": 0,
    "sellingAndMarketingExpenses": 0,
    "sellingGeneralAndAdministrativeExpenses": 0,
    "otherExpenses": 8469000000,
    "operatingExpenses": 8469000000,
    "costAndExpenses": 8469000000,
    "interestIncome": 0,
    "interestExpense": 0,
    "depreciationAndAmortization": 282000000,
    "ebitda": 2378000000,
    "ebitdaratio": 0.2250828206,
    "operatingIncome": 2096000000,
    "operatingIncomeRatio": 0.1983909134,
    "totalOtherIncomeExpensesNet": 0,
    "incomeBeforeTax": 2096000000,
    "incomeBeforeTaxRatio": 0.1983909134,
    "incomeTaxExpense": 623000000,
    "netIncome": 1407000000,
    "netIncomeRatio": 0.1331755797,
    "eps": 12.2,
    "epsdiluted": 12,
    "weightedAverageShsOut": 115650000,
    "weightedAverageShsOutDil": 116950000,
    "link": "https://www.sec.gov/Archives/edgar/data/5272/000095012300007572/0000950123-00-007572-index.htm",
    "finalLink": "https://www.sec.gov/Archives/edgar/data/5272/000095012300007572/e10-q.txt"
  },
  {
    "date": "2000-03-31",
    "symbol": "AIG",
    "reportedCurrency": "USD",
    "cik": "0000005272",
    "fillingDate": "2000-05-15",
    "acceptedDate": "2000-05-15 00:00:00",
    "calendarYear": "2000",
    "period": "Q1",
    "revenue": 10083000000,
    "costOfRevenue": 0,
    "grossProfit": 10083000000,
    "grossProfitRatio": 1,
    "researchAndDevelopmentExpenses": 0,
    "generalAndAdministrativeExpenses": 0,
    "sellingAndMarketingExpenses": 0,
    "sellingGeneralAndAdministrativeExpenses": 0,
    "otherExpenses": 8092000000,
    "operatingExpenses": 8092000000,
    "costAndExpenses": 8092000000,
    "interestIncome": 0,
    "interestExpense": 0,
    "depreciationAndAmortization": 275000000,
    "ebitda": 2266000000,
    "ebitdaratio": 0.224734702,
    "operatingIncome": 1991000000,
    "operatingIncomeRatio": 0.1974610731,
    "totalOtherIncomeExpensesNet": 0,
    "incomeBeforeTax": 1991000000,
    "incomeBeforeTaxRatio": 0.1974610731,
    "incomeTaxExpense": 590000000,
    "netIncome": 1346000000,
    "netIncomeRatio": 0.1334920163,
    "eps": 11.6,
    "epsdiluted": 11.4,
    "weightedAverageShsOut": 116000000,
    "weightedAverageShsOutDil": 117300000,
    "link": "https://www.sec.gov/Archives/edgar/data/5272/000095012300004977/0000950123-00-004977-index.html",
    "finalLink": "https://www.sec.gov/Archives/edgar/data/5272/000095012300004977/0000950123-00-004977.txt"
  },
  {
    "date": "1999-12-31",
    "symbol": "AIG",
    "reportedCurrency": "USD",
    "cik": "0000005272",
    "fillingDate": "2000-03-30",
    "acceptedDate": "2000-03-30 00:00:00",
    "calendarYear": "1999",
    "period": "Q4",
    "revenue": 10336000000,
    "costOfRevenue": 0,
    "grossProfit": 10336000000,
    "grossProfitRatio": 1,
    "researchAndDevelopmentExpenses": 0,
    "generalAndAdministrativeExpenses": 0,
    "sellingAndMarketingExpenses": 0,
    "sellingGeneralAndAdministrativeExpenses": 0,
    "otherExpenses": 2824000000,
    "operatingExpenses": 2824000000,
    "costAndExpenses": 2824000000,
    "interestIncome": 0,
    "interestExpense": 0,
    "depreciationAndAmortization": 143000000,
    "ebitda": 7655000000,
    "ebitdaratio": 0.7406153251,
    "operatingIncome": 7512000000,
    "operatingIncomeRatio": 0.7267801858,
    "totalOtherIncomeExpensesNet": 0,
    "incomeBeforeTax": 7512000000,
    "incomeBeforeTaxRatio": 0.7267801858,
    "incomeTaxExpense": 579000000,
    "netIncome": 1312000000,
    "netIncomeRatio": 0.1269349845,
    "eps": 10.64,
    "epsdiluted": 10.5,
    "weightedAverageShsOut": 123275000,
    "weightedAverageShsOutDil": 124900000,
    "link": "https://www.sec.gov/Archives/edgar/data/5272/000095012300002999/0000950123-00-002999-index.html",
    "finalLink": "https://www.sec.gov/Archives/edgar/data/5272/000095012300002999/0000950123-00-002999.txt"
  },
  {
    "date": "1999-09-30",
    "symbol": "AIG",
    "reportedCurrency": "USD",
    "cik": "0000005272",
    "fillingDate": "1999-11-15",
    "acceptedDate": "1999-11-15 00:00:00",
    "calendarYear": "1999",
    "period": "Q3",
    "revenue": 8927000000,
    "costOfRevenue": 0,
    "grossProfit": 8927000000,
    "grossProfitRatio": 1,
    "researchAndDevelopmentExpenses": 0,
    "generalAndAdministrativeExpenses": 0,
    "sellingAndMarketingExpenses": 0,
    "sellingGeneralAndAdministrativeExpenses": 0,
    "otherExpenses": 7060000000,
    "operatingExpenses": 7060000000,
    "costAndExpenses": 7060000000,
    "interestIncome": 0,
    "interestExpense": 0,
    "depreciationAndAmortization": 412000000,
    "ebitda": 2279000000,
    "ebitdaratio": 0.2552929316,
    "operatingIncome": 1867000000,
    "operatingIncomeRatio": 0.2091408088,
    "totalOtherIncomeExpensesNet": 0,
    "incomeBeforeTax": 1867000000,
    "incomeBeforeTaxRatio": 0.2091408088,
    "incomeTaxExpense": 549000000,
    "netIncome": 1267000000,
    "netIncomeRatio": 0.1419289795,
    "eps": 11,
    "epsdiluted": 10.8,
    "weightedAverageShsOut": 116100000,
    "weightedAverageShsOutDil": 117550000,
    "link": "https://www.sec.gov/Archives/edgar/data/5272/000095012399010218/0000950123-99-010218-index.html",
    "finalLink": "https://www.sec.gov/Archives/edgar/data/5272/000095012399010218/0000950123-99-010218.txt"
  },
  {
    "date": "1999-06-30",
    "symbol": "AIG",
    "reportedCurrency": "USD",
    "cik": "0000005272",
    "fillingDate": "1999-08-13",
    "acceptedDate": "1999-08-13 00:00:00",
    "calendarYear": "1999",
    "period": "Q2",
    "revenue": 9469000000,
    "costOfRevenue": 0,
    "grossProfit": 9469000000,
    "grossProfitRatio": 1,
    "researchAndDevelopmentExpenses": 0,
    "generalAndAdministrativeExpenses": 0,
    "sellingAndMarketingExpenses": 0,
    "sellingGeneralAndAdministrativeExpenses": 0,
    "otherExpenses": 7553000000,
    "operatingExpenses": 7553000000,
    "costAndExpenses": 7553000000,
    "interestIncome": 0,
    "interestExpense": 0,
    "depreciationAndAmortization": 267000000,
    "ebitda": 2183000000,
    "ebitdaratio": 0.2305417679,
    "operatingIncome": 1916000000,
    "operatingIncomeRatio": 0.2023444926,
    "totalOtherIncomeExpensesNet": 0,
    "incomeBeforeTax": 1916000000,
    "incomeBeforeTaxRatio": 0.2023444926,
    "incomeTaxExpense": 569000000,
    "netIncome": 1277000000,
    "netIncomeRatio": 0.1348611258,
    "eps": 11,
    "epsdiluted": 10.8,
    "weightedAverageShsOut": 116150000,
    "weightedAverageShsOutDil": 117650000,
    "link": "https://www.sec.gov/Archives/edgar/data/5272/000095012399007662/0000950123-99-007662-index.html",
    "finalLink": "https://www.sec.gov/Archives/edgar/data/5272/000095012399007662/0000950123-99-007662.txt"
  },
  {
    "date": "1999-03-31",
    "symbol": "AIG",
    "reportedCurrency": "USD",
    "cik": "0000005272",
    "fillingDate": "1999-05-17",
    "acceptedDate": "1999-05-17 00:00:00",
    "calendarYear": "1999",
    "period": "Q1",
    "revenue": 9129000000,
    "costOfRevenue": 0,
    "grossProfit": 9129000000,
    "grossProfitRatio": 1,
    "researchAndDevelopmentExpenses": 0,
    "generalAndAdministrativeExpenses": 0,
    "sellingAndMarketingExpenses": 0,
    "sellingGeneralAndAdministrativeExpenses": 0,
    "otherExpenses": 7328000000,
    "operatingExpenses": 7328000000,
    "costAndExpenses": 7328000000,
    "interestIncome": 0,
    "interestExpense": 0,
    "depreciationAndAmortization": 249000000,
    "ebitda": 2050000000,
    "ebitdaratio": 0.2245590974,
    "operatingIncome": 1801000000,
    "operatingIncomeRatio": 0.1972833826,
    "totalOtherIncomeExpensesNet": 0,
    "incomeBeforeTax": 1801000000,
    "incomeBeforeTaxRatio": 0.1972833826,
    "incomeTaxExpense": 522000000,
    "netIncome": 1199000000,
    "netIncomeRatio": 0.1313396867,
    "eps": 10.27,
    "epsdiluted": 10.27,
    "weightedAverageShsOut": 116100000,
    "weightedAverageShsOutDil": 117600000,
    "link": "https://www.sec.gov/Archives/edgar/data/5272/000095012399004830/0000950123-99-004830-index.html",
    "finalLink": "https://www.sec.gov/Archives/edgar/data/5272/0000950123-99-004830.txt"
  },
  {
    "date": "1998-12-31",
    "symbol": "AIG",
    "reportedCurrency": "USD",
    "cik": "0000005272",
    "fillingDate": "1999-03-31",
    "acceptedDate": "1999-03-31 00:00:00",
    "calendarYear": "1998",
    "period": "Q4",
    "revenue": 8498900000,
    "costOfRevenue": 0,
    "grossProfit": 8498900000,
    "grossProfitRatio": 1,
    "researchAndDevelopmentExpenses": 0,
    "generalAndAdministrativeExpenses": 0,
    "sellingAndMarketingExpenses": 0,
    "sellingGeneralAndAdministrativeExpenses": 0,
    "otherExpenses": 2969900000,
    "operatingExpenses": 2969900000,
    "costAndExpenses": 2969900000,
    "interestIncome": 0,
    "interestExpense": 0,
    "depreciationAndAmortization": 254200000,
    "ebitda": 5783200000,
    "ebitdaratio": 0.6804645307,
    "operatingIncome": 5529000000,
    "operatingIncomeRatio": 0.6505547777,
    "totalOtherIncomeExpensesNet": 0,
    "incomeBeforeTax": 5529000000,
    "incomeBeforeTaxRatio": 0.6505547777,
    "incomeTaxExpense": 416600000,
    "netIncome": 1006400000,
    "netIncomeRatio": 0.1184153243,
    "eps": 8.81,
    "epsdiluted": 8.62,
    "weightedAverageShsOut": 114184043,
    "weightedAverageShsOutDil": 116753261,
    "link": "https://www.sec.gov/Archives/edgar/data/5272/000095012399002819/0000950123-99-002819-index.html",
    "finalLink": "https://www.sec.gov/Archives/edgar/data/5272/0000950123-99-002819.txt"
  },
  {
    "date": "1998-09-30",
    "symbol": "AIG",
    "reportedCurrency": "USD",
    "cik": "0000005272",
    "fillingDate": "1998-11-16",
    "acceptedDate": "1998-11-16 00:00:00",
    "calendarYear": "1998",
    "period": "Q3",
    "revenue": 8308000000,
    "costOfRevenue": 0,
    "grossProfit": 8308000000,
    "grossProfitRatio": 1,
    "researchAndDevelopmentExpenses": 0,
    "generalAndAdministrativeExpenses": 0,
    "sellingAndMarketingExpenses": 0,
    "sellingGeneralAndAdministrativeExpenses": 0,
    "otherExpenses": 8308000000,
    "operatingExpenses": 8308000000,
    "costAndExpenses": 8308000000,
    "interestIncome": 0,
    "interestExpense": 0,
    "depreciationAndAmortization": 240000000,
    "ebitda": 240000000,
    "ebitdaratio": 0.028887819,
    "operatingIncome": 0,
    "operatingIncomeRatio": 0,
    "totalOtherIncomeExpensesNet": 0,
    "incomeBeforeTax": 1546000000,
    "incomeBeforeTaxRatio": 0.1860857005,
    "incomeTaxExpense": 470000000,
    "netIncome": 1076000000,
    "netIncomeRatio": 0.1295137217,
    "eps": 9.4,
    "epsdiluted": 9.2,
    "weightedAverageShsOut": 114468085,
    "weightedAverageShsOutDil": 116956522,
    "link": "https://www.sec.gov/Archives/edgar/data/5272/000095012398009963/0000950123-98-009963-index.html",
    "finalLink": "https://www.sec.gov/Archives/edgar/data/5272/0000950123-98-009963.txt"
  },
  {
    "date": "1998-06-30",
    "symbol": "AIG",
    "reportedCurrency": "USD",
    "cik": "0000005272",
    "fillingDate": "1998-08-14",
    "acceptedDate": "1998-08-14 00:00:00",
    "calendarYear": "1998",
    "period": "Q2",
    "revenue": 8057000000,
    "costOfRevenue": 0,
    "grossProfit": 8057000000,
    "grossProfitRatio": 1,
    "researchAndDevelopmentExpenses": 0,
    "generalAndAdministrativeExpenses": 0,
    "sellingAndMarketingExpenses": 0,
    "sellingGeneralAndAdministrativeExpenses": 0,
    "otherExpenses": 8057000000,
    "operatingExpenses": 8057000000,
    "costAndExpenses": 8057000000,
    "interestIncome": 0,
    "interestExpense": 0,
    "depreciationAndAmortization": 225000000,
    "ebitda": 225000000,
    "ebitdaratio": 0.0279260271,
    "operatingIncome": 0,
    "operatingIncomeRatio": 0,
    "totalOtherIncomeExpensesNet": 0,
    "incomeBeforeTax": 1515000000,
    "incomeBeforeTaxRatio": 0.1880352489,
    "incomeTaxExpense": 439000000,
    "netIncome": 1076000000,
    "netIncomeRatio": 0.1335484672,
    "eps": 9.47,
    "epsdiluted": 9.2,
    "weightedAverageShsOut": 113793103,
    "weightedAverageShsOutDil": 116716641,
    "link": "https://www.sec.gov/Archives/edgar/data/5272/000095012398007534/0000950123-98-007534-index.html",
    "finalLink": "https://www.sec.gov/Archives/edgar/data/5272/0000950123-98-007534.txt"
  },
  {
    "date": "1998-03-31",
    "symbol": "AIG",
    "reportedCurrency": "USD",
    "cik": "0000005272",
    "fillingDate": "1998-05-14",
    "acceptedDate": "1998-05-14 00:00:00",
    "calendarYear": "1998",
    "period": "Q1",
    "revenue": 7628000000,
    "costOfRevenue": 0,
    "grossProfit": 7628000000,
    "grossProfitRatio": 1,
    "researchAndDevelopmentExpenses": 0,
    "generalAndAdministrativeExpenses": 0,
    "sellingAndMarketingExpenses": 0,
    "sellingGeneralAndAdministrativeExpenses": 0,
    "otherExpenses": 7628000000,
    "operatingExpenses": 7628000000,
    "costAndExpenses": 7628000000,
    "interestIncome": 0,
    "interestExpense": 0,
    "depreciationAndAmortization": 213000000,
    "ebitda": 213000000,
    "ebitdaratio": 0.02792344,
    "operatingIncome": 0,
    "operatingIncomeRatio": 0,
    "totalOtherIncomeExpensesNet": 0,
    "incomeBeforeTax": 1428000000,
    "incomeBeforeTaxRatio": 0.1872050341,
    "incomeTaxExpense": 418000000,
    "netIncome": 1010000000,
    "netIncomeRatio": 0.1324069219,
    "eps": 8.86,
    "epsdiluted": 8.64,
    "weightedAverageShsOut": 113755622,
    "weightedAverageShsOutDil": 116566716,
    "link": "https://www.sec.gov/Archives/edgar/data/5272/000095012398005016/0000950123-98-005016-index.html",
    "finalLink": "https://www.sec.gov/Archives/edgar/data/5272/0000950123-98-005016.txt"
  },
  {
    "date": "1997-12-31",
    "symbol": "AIG",
    "reportedCurrency": "USD",
    "cik": "0000005272",
    "fillingDate": "1998-03-30",
    "acceptedDate": "1998-03-30 00:00:00",
    "calendarYear": "1997",
    "period": "Q4",
    "revenue": -6342162000,
    "costOfRevenue": 0,
    "grossProfit": -6342162000,
    "grossProfitRatio": 1,
    "researchAndDevelopmentExpenses": 0,
    "generalAndAdministrativeExpenses": 0,
    "sellingAndMarketingExpenses": 0,
    "sellingGeneralAndAdministrativeExpenses": 0,
    "otherExpenses": -11041060000,
    "operatingExpenses": -11041060000,
    "costAndExpenses": -11041060000,
    "interestIncome": 0,
    "interestExpense": 0,
    "depreciationAndAmortization": 222700000,
    "ebitda": 4921598000,
    "ebitdaratio": -0.7760126594,
    "operatingIncome": 4698898000,
    "operatingIncomeRatio": -0.7408984507,
    "totalOtherIncomeExpensesNet": 0,
    "incomeBeforeTax": 4698898000,
    "incomeBeforeTaxRatio": -0.7408984507,
    "incomeTaxExpense": 363063000,
    "netIncome": 884635000,
    "netIncomeRatio": -0.1394847688,
    "eps": 7.8,
    "epsdiluted": 7.62,
    "weightedAverageShsOut": 113427811,
    "weightedAverageShsOutDil": 116108358,
    "link": "https://www.sec.gov/Archives/edgar/data/5272/000095012398003099/0000950123-98-003099-index.html",
    "finalLink": "https://www.sec.gov/Archives/edgar/data/5272/0000950123-98-003099.txt"
  },
  {
    "date": "1997-09-30",
    "symbol": "AIG",
    "reportedCurrency": "USD",
    "cik": "0000005272",
    "fillingDate": "1997-11-13",
    "acceptedDate": "1997-11-13 00:00:00",
    "calendarYear": "1997",
    "period": "Q3",
    "revenue": 6984300000,
    "costOfRevenue": 0,
    "grossProfit": 6984300000,
    "grossProfitRatio": 1,
    "researchAndDevelopmentExpenses": 0,
    "generalAndAdministrativeExpenses": 0,
    "sellingAndMarketingExpenses": 0,
    "sellingGeneralAndAdministrativeExpenses": 0,
    "otherExpenses": 6984300000,
    "operatingExpenses": 6984300000,
    "costAndExpenses": 6984300000,
    "interestIncome": 0,
    "interestExpense": 0,
    "depreciationAndAmortization": 228700000,
    "ebitda": 228700000,
    "ebitdaratio": 0.0327448706,
    "operatingIncome": 0,
    "operatingIncomeRatio": 0,
    "totalOtherIncomeExpensesNet": 0,
    "incomeBeforeTax": 1184600000,
    "incomeBeforeTaxRatio": 0.1696089801,
    "incomeTaxExpense": 344300000,
    "netIncome": 840300000,
    "netIncomeRatio": 0.1203127013,
    "eps": 8.4,
    "epsdiluted": 8.4,
    "weightedAverageShsOut": 100035714,
    "weightedAverageShsOutDil": 100035714,
    "link": "https://www.sec.gov/Archives/edgar/data/5272/000095012397009528/0000950123-97-009528-index.html",
    "finalLink": "https://www.sec.gov/Archives/edgar/data/5272/0000950123-97-009528.txt"
  },
  {
    "date": "1997-06-30",
    "symbol": "AIG",
    "reportedCurrency": "USD",
    "cik": "0000005272",
    "fillingDate": "1997-08-14",
    "acceptedDate": "1997-08-14 00:00:00",
    "calendarYear": "1997",
    "period": "Q2",
    "revenue": 7143900000,
    "costOfRevenue": 0,
    "grossProfit": 7143900000,
    "grossProfitRatio": 1,
    "researchAndDevelopmentExpenses": 0,
    "generalAndAdministrativeExpenses": 0,
    "sellingAndMarketingExpenses": 0,
    "sellingGeneralAndAdministrativeExpenses": 0,
    "otherExpenses": 7143900000,
    "operatingExpenses": 7143900000,
    "costAndExpenses": 7143900000,
    "interestIncome": 0,
    "interestExpense": 0,
    "depreciationAndAmortization": 217500000,
    "ebitda": 217500000,
    "ebitdaratio": 0.0304455549,
    "operatingIncome": 0,
    "operatingIncomeRatio": 0,
    "totalOtherIncomeExpensesNet": 0,
    "incomeBeforeTax": 1170400000,
    "incomeBeforeTaxRatio": 0.1638320805,
    "incomeTaxExpense": 343900000,
    "netIncome": 826500000,
    "netIncomeRatio": 0.1156931088,
    "eps": 8.4,
    "epsdiluted": 8.4,
    "weightedAverageShsOut": 98392857,
    "weightedAverageShsOutDil": 98392857,
    "link": "https://www.sec.gov/Archives/edgar/data/5272/000095012397006873/0000950123-97-006873-index.html",
    "finalLink": "https://www.sec.gov/Archives/edgar/data/5272/0000950123-97-006873.txt"
  },
  {
    "date": "1997-03-31",
    "symbol": "AIG",
    "reportedCurrency": "USD",
    "cik": "0000005272",
    "fillingDate": "1997-05-14",
    "acceptedDate": "1997-05-14 00:00:00",
    "calendarYear": "1997",
    "period": "Q1",
    "revenue": 6616600000,
    "costOfRevenue": 0,
    "grossProfit": 6616600000,
    "grossProfitRatio": 1,
    "researchAndDevelopmentExpenses": 0,
    "generalAndAdministrativeExpenses": 0,
    "sellingAndMarketingExpenses": 0,
    "sellingGeneralAndAdministrativeExpenses": 0,
    "otherExpenses": 6616600000,
    "operatingExpenses": 6616600000,
    "costAndExpenses": 6616600000,
    "interestIncome": 0,
    "interestExpense": 0,
    "depreciationAndAmortization": 204000000,
    "ebitda": 204000000,
    "ebitdaratio": 0.0308315449,
    "operatingIncome": 0,
    "operatingIncomeRatio": 0,
    "totalOtherIncomeExpensesNet": 0,
    "incomeBeforeTax": 1096200000,
    "incomeBeforeTaxRatio": 0.1656742133,
    "incomeTaxExpense": 315300000,
    "netIncome": 780900000,
    "netIncomeRatio": 0.1180213403,
    "eps": 7.8,
    "epsdiluted": 7.8,
    "weightedAverageShsOut": 100115385,
    "weightedAverageShsOutDil": 100115385,
    "link": "https://www.sec.gov/Archives/edgar/data/5272/000095012397004300/0000950123-97-004300-index.html",
    "finalLink": "https://www.sec.gov/Archives/edgar/data/5272/0000950123-97-004300.txt"
  },
  {
    "date": "1996-12-31",
    "symbol": "AIG",
    "reportedCurrency": "USD",
    "cik": "0000005272",
    "fillingDate": "1997-03-28",
    "acceptedDate": "1997-03-28 00:00:00",
    "calendarYear": "1996",
    "period": "Q4",
    "revenue": -5451429000,
    "costOfRevenue": 0,
    "grossProfit": -5451429000,
    "grossProfitRatio": 1,
    "researchAndDevelopmentExpenses": 0,
    "generalAndAdministrativeExpenses": 0,
    "sellingAndMarketingExpenses": 0,
    "sellingGeneralAndAdministrativeExpenses": 0,
    "otherExpenses": -9464651000,
    "operatingExpenses": -9464651000,
    "costAndExpenses": -9464651000,
    "interestIncome": 0,
    "interestExpense": 0,
    "depreciationAndAmortization": 201700000,
    "ebitda": 4214922000,
    "ebitdaratio": -0.7731774549,
    "operatingIncome": 4013222000,
    "operatingIncomeRatio": -0.736177982,
    "totalOtherIncomeExpensesNet": 0,
    "incomeBeforeTax": 4013222000,
    "incomeBeforeTaxRatio": -0.736177982,
    "incomeTaxExpense": 299165000,
    "netIncome": 770257000,
    "netIncomeRatio": -0.141294512,
    "eps": 7.72,
    "epsdiluted": 7.71,
    "weightedAverageShsOut": 99745193,
    "weightedAverageShsOutDil": 99932693,
    "link": "https://www.sec.gov/Archives/edgar/data/5272/000095012397002720/0000950123-97-002720-index.html",
    "finalLink": "https://www.sec.gov/Archives/edgar/data/5272/0000950123-97-002720.txt"
  },
  {
    "date": "1996-09-30",
    "symbol": "AIG",
    "reportedCurrency": "USD",
    "cik": "0000005272",
    "fillingDate": "1996-11-13",
    "acceptedDate": "1996-11-13 00:00:00",
    "calendarYear": "1996",
    "period": "Q3",
    "revenue": 6553100000,
    "costOfRevenue": 0,
    "grossProfit": 6553100000,
    "grossProfitRatio": 1,
    "researchAndDevelopmentExpenses": 0,
    "generalAndAdministrativeExpenses": 0,
    "sellingAndMarketingExpenses": 0,
    "sellingGeneralAndAdministrativeExpenses": 0,
    "otherExpenses": 6553100000,
    "operatingExpenses": 6553100000,
    "costAndExpenses": 6553100000,
    "interestIncome": 0,
    "interestExpense": 0,
    "depreciationAndAmortization": 210300000,
    "ebitda": 210300000,
    "ebitdaratio": 0.0320916818,
    "operatingIncome": 0,
    "operatingIncomeRatio": 0,
    "totalOtherIncomeExpensesNet": 0,
    "incomeBeforeTax": 1018000000,
    "incomeBeforeTaxRatio": 0.1553463246,
    "incomeTaxExpense": 286600000,
    "netIncome": 731400000,
    "netIncomeRatio": 0.1116112985,
    "eps": 7.4,
    "epsdiluted": 7.4,
    "weightedAverageShsOut": 98837838,
    "weightedAverageShsOutDil": 98837838,
    "link": "https://www.sec.gov/Archives/edgar/data/5272/000095012396006511/0000950123-96-006511-index.html",
    "finalLink": "https://www.sec.gov/Archives/edgar/data/5272/0000950123-96-006511.txt"
  },
  {
    "date": "1996-06-30",
    "symbol": "AIG",
    "reportedCurrency": "USD",
    "cik": "0000005272",
    "fillingDate": "1996-08-13",
    "acceptedDate": "1996-08-13 00:00:00",
    "calendarYear": "1996",
    "period": "Q2",
    "revenue": 6423700000,
    "costOfRevenue": 0,
    "grossProfit": 6423700000,
    "grossProfitRatio": 1,
    "researchAndDevelopmentExpenses": 0,
    "generalAndAdministrativeExpenses": 0,
    "sellingAndMarketingExpenses": 0,
    "sellingGeneralAndAdministrativeExpenses": 0,
    "otherExpenses": 6423700000,
    "operatingExpenses": 6423700000,
    "costAndExpenses": 6423700000,
    "interestIncome": 0,
    "interestExpense": 0,
    "depreciationAndAmortization": 205300000,
    "ebitda": 205300000,
    "ebitdaratio": 0.031959774,
    "operatingIncome": 0,
    "operatingIncomeRatio": 0,
    "totalOtherIncomeExpensesNet": 0,
    "incomeBeforeTax": 1008100000,
    "incomeBeforeTaxRatio": 0.156934477,
    "incomeTaxExpense": 283700000,
    "netIncome": 724400000,
    "netIncomeRatio": 0.112769899,
    "eps": 7.4,
    "epsdiluted": 7.2,
    "weightedAverageShsOut": 97891892,
    "weightedAverageShsOutDil": 100611111,
    "link": "https://www.sec.gov/Archives/edgar/data/5272/000095012396004393/0000950123-96-004393-index.html",
    "finalLink": "https://www.sec.gov/Archives/edgar/data/5272/0000950123-96-004393.txt"
  },
  {
    "date": "1996-03-31",
    "symbol": "AIG",
    "reportedCurrency": "USD",
    "cik": "0000005272",
    "fillingDate": "1996-05-15",
    "acceptedDate": "1996-05-15 00:00:00",
    "calendarYear": "1996",
    "period": "Q1",
    "revenue": 6083700000,
    "costOfRevenue": 0,
    "grossProfit": 6083700000,
    "grossProfitRatio": 1,
    "researchAndDevelopmentExpenses": 0,
    "generalAndAdministrativeExpenses": 0,
    "sellingAndMarketingExpenses": 0,
    "sellingGeneralAndAdministrativeExpenses": 0,
    "otherExpenses": 6083700000,
    "operatingExpenses": 6083700000,
    "costAndExpenses": 6083700000,
    "interestIncome": 0,
    "interestExpense": 0,
    "depreciationAndAmortization": 188300000,
    "ebitda": 188300000,
    "ebitdaratio": 0.0309515591,
    "operatingIncome": 0,
    "operatingIncomeRatio": 0,
    "totalOtherIncomeExpensesNet": 0,
    "incomeBeforeTax": 917700000,
    "incomeBeforeTaxRatio": 0.1508457025,
    "incomeTaxExpense": 246500000,
    "netIncome": 671200000,
    "netIncomeRatio": 0.1103275967,
    "eps": 6.6,
    "epsdiluted": 6.6,
    "weightedAverageShsOut": 101696970,
    "weightedAverageShsOutDil": 101696970,
    "link": "https://www.sec.gov/Archives/edgar/data/5272/000095012396002427/0000950123-96-002427-index.html",
    "finalLink": "https://www.sec.gov/Archives/edgar/data/5272/0000950123-96-002427.txt"
  },
  {
    "date": "1995-12-31",
    "symbol": "AIG",
    "reportedCurrency": "USD",
    "cik": "0000005272",
    "fillingDate": "1996-04-01",
    "acceptedDate": "1996-04-01 00:00:00",
    "calendarYear": "1995",
    "period": "Q4",
    "revenue": -4531977000,
    "costOfRevenue": 0,
    "grossProfit": -4531977000,
    "grossProfitRatio": 1,
    "researchAndDevelopmentExpenses": 0,
    "generalAndAdministrativeExpenses": 0,
    "sellingAndMarketingExpenses": 0,
    "sellingGeneralAndAdministrativeExpenses": 0,
    "otherExpenses": -7997860000,
    "operatingExpenses": -7997860000,
    "costAndExpenses": -7997860000,
    "interestIncome": 0,
    "interestExpense": 0,
    "depreciationAndAmortization": 193600000,
    "ebitda": 3659483000,
    "ebitdaratio": -0.8074804881,
    "operatingIncome": 3465883000,
    "operatingIncomeRatio": -0.7647618247,
    "totalOtherIncomeExpensesNet": 0,
    "incomeBeforeTax": 3465883000,
    "incomeBeforeTaxRatio": -0.7647618247,
    "incomeTaxExpense": 248200000,
    "netIncome": 673783000,
    "netIncomeRatio": -0.1486730846,
    "eps": 6.68,
    "epsdiluted": 6.68,
    "weightedAverageShsOut": 100842993,
    "weightedAverageShsOutDil": 100842993,
    "link": "https://www.sec.gov/Archives/edgar/data/5272/000095012396001522/0000950123-96-001522-index.htm",
    "finalLink": "https://www.sec.gov/Archives/edgar/data/5272/0000950123-96-001522.txt"
  },
  {
    "date": "1995-09-30",
    "symbol": "AIG",
    "reportedCurrency": "USD",
    "cik": "0000005272",
    "fillingDate": "1995-11-14",
    "acceptedDate": "1995-11-14 00:00:00",
    "calendarYear": "1995",
    "period": "Q3",
    "revenue": 6031200000,
    "costOfRevenue": 0,
    "grossProfit": 6031200000,
    "grossProfitRatio": 1,
    "researchAndDevelopmentExpenses": 0,
    "generalAndAdministrativeExpenses": 0,
    "sellingAndMarketingExpenses": 0,
    "sellingGeneralAndAdministrativeExpenses": 0,
    "otherExpenses": 6031200000,
    "operatingExpenses": 6031200000,
    "costAndExpenses": 6031200000,
    "interestIncome": 0,
    "interestExpense": 0,
    "depreciationAndAmortization": 190200000,
    "ebitda": 190200000,
    "ebitdaratio": 0.0315360127,
    "operatingIncome": 0,
    "operatingIncomeRatio": 0,
    "totalOtherIncomeExpensesNet": 0,
    "incomeBeforeTax": 878900000,
    "incomeBeforeTaxRatio": 0.1457255604,
    "incomeTaxExpense": 248200000,
    "netIncome": 630700000,
    "netIncomeRatio": 0.1045728877,
    "eps": 6.2,
    "epsdiluted": 6.2,
    "weightedAverageShsOut": 101725806,
    "weightedAverageShsOutDil": 101725806,
    "link": "https://www.sec.gov/Archives/edgar/data/5272/000095012395003364/0000950123-95-003364-index.html",
    "finalLink": "https://www.sec.gov/Archives/edgar/data/5272/0000950123-95-003364.txt"
  }
]