[
  {
    "date": "2024-12-31",
    "symbol": "AIG",
    "reportedCurrency": "USD",
    "cik": "0000005272",
    "fillingDate": "2025-02-13",
    "acceptedDate": "2025-02-13 16:49:44",
    "calendarYear": "2024",
    "period": "FY",
    "revenue": 27274000000,
    "costOfRevenue": 0,
    "grossProfit": 27274000000,
    "grossProfitRatio": 1,
    "researchAndDevelopmentExpenses": 0,
    "generalAndAdministrativeExpenses": 5529000000,
    "sellingAndMarketingExpenses": 0,
    "sellingGeneralAndAdministrativeExpenses": 5529000000,
    "otherExpenses": 17875000000,
    "operatingExpenses": 23404000000,
    "costAndExpenses": 23404000000,
    "interestIncome": 229000000,
    "interestExpense": 462000000,
    "depreciationAndAmortization": 3597000000,
    "ebitda": 7467000000,
    "ebitdaratio": 0.2737772237,
    "operatingIncome": 3870000000,
    "operatingIncomeRatio": 0.1418933783,
    "totalOtherIncomeExpensesNet": 0,
    "incomeBeforeTax": 3870000000,
    "incomeBeforeTaxRatio": 0.1418933783,
    "incomeTaxExpense": 1170000000,
    "netIncome": -1404000000,
    "netIncomeRatio": -0.0514775977,
    "eps": 5.11,
    "epsdiluted": 5.06,
    "weightedAverageShsOut": 651448000,
    "weightedAverageShsOutDil": 657283000,
    "link": "https://www.sec.gov/Archives/edgar/data/5272/000000527225000012/0000005272-25-000012-index.htm",
    "finalLink": "https://www.sec.gov/Archives/edgar/data/5272/000000527225000012/aig-20241231.htm"
  },
  {
    "date": "2023-12-31",
    "symbol": "AIG",
    "reportedCurrency": "USD",
    "cik": "0000005272",
    "fillingDate": "2024-02-14",
    "acceptedDate": "2024-02-14 15:48:01",
    "calendarYear": "2023",
    "period": "FY",
    "revenue": 47251000000,
    "costOfRevenue": 0,
    "grossProfit": 47251000000,
    "grossProfitRatio": 1,
    "researchAndDevelopmentExpenses": 0,
    "generalAndAdministrativeExpenses": 8499000000,
    "sellingAndMarketingExpenses": 0,
    "sellingGeneralAndAdministrativeExpenses": 8499000000,
    "otherExpenses": 0,
    "operatingExpenses": 33934000000,
    "costAndExpenses": 42924000000,
    "interestIncome": 1666000000,
    "interestExpense": 1136000000,
    "depreciationAndAmortization": 4214000000,
    "ebitda": 8072000000,
    "ebitdaratio": 0.1708323633,
    "operatingIncome": 3878000000,
    "operatingIncomeRatio": 0.0820723371,
    "totalOtherIncomeExpensesNet": -20000000,
    "incomeBeforeTax": 3858000000,
    "incomeBeforeTaxRatio": 0.0816490656,
    "incomeTaxExpense": -20000000,
    "netIncome": 3643000000,
    "netIncomeRatio": 0.0770988974,
    "eps": 5.02,
    "epsdiluted": 4.98,
    "weightedAverageShsOut": 719506291,
    "weightedAverageShsOutDil": 725233068,
    "link": "https://www.sec.gov/Archives/edgar/data/5272/000000527224000023/0000005272-24-000023-index.htm",
    "finalLink": "https://www.sec.gov/Archives/edgar/data/5272/000000527224000023/aig-20231231.htm"
  },
  {
    "date": "2022-12-31",
    "symbol": "AIG",
    "reportedCurrency": "USD",
    "cik": "0000005272",
    "fillingDate": "2023-02-17",
    "acceptedDate": "2023-02-17 13:24:05",
    "calendarYear": "2022",
    "period": "FY",
    "revenue": 54768000000,
    "costOfRevenue": 7526000000,
    "grossProfit": 47242000000,
    "grossProfitRatio": 0.8625839907,
    "researchAndDevelopmentExpenses": 0,
    "generalAndAdministrativeExpenses": 9122000000,
    "sellingAndMarketingExpenses": 0,
    "sellingGeneralAndAdministrativeExpenses": 9122000000,
    "otherExpenses": 0,
    "operatingExpenses": 35966000000,
    "costAndExpenses": 45161000000,
    "interestIncome": 0,
    "interestExpense": 1125000000,
    "depreciationAndAmortization": 4409000000,
    "ebitda": 18708000000,
    "ebitdaratio": 0.3415863278,
    "operatingIncome": 16379000000,
    "operatingIncomeRatio": 0.2990614958,
    "totalOtherIncomeExpensesNet": -2080000000,
    "incomeBeforeTax": 14299000000,
    "incomeBeforeTaxRatio": 0.2610831142,
    "incomeTaxExpense": 3025000000,
    "netIncome": 10227000000,
    "netIncomeRatio": 0.1867331288,
    "eps": 13.1,
    "epsdiluted": 12.94,
    "weightedAverageShsOut": 778621118,
    "weightedAverageShsOutDil": 787941750,
    "link": "https://www.sec.gov/Archives/edgar/data/5272/000000527223000007/0000005272-23-000007-index.htm",
    "finalLink": "https://www.sec.gov/Archives/edgar/data/5272/000000527223000007/aig-20221231.htm"
  },
  {
    "date": "2021-12-31",
    "symbol": "AIG",
    "reportedCurrency": "USD",
    "cik": "0000005272",
    "fillingDate": "2022-02-17",
    "acceptedDate": "2022-02-17 15:27:18",
    "calendarYear": "2021",
    "period": "FY",
    "revenue": 51959000000,
    "costOfRevenue": 8692000000,
    "grossProfit": 43267000000,
    "grossProfitRatio": 0.8327142555,
    "researchAndDevelopmentExpenses": 0,
    "generalAndAdministrativeExpenses": 8728000000,
    "sellingAndMarketingExpenses": 0,
    "sellingGeneralAndAdministrativeExpenses": 8728000000,
    "otherExpenses": 0,
    "operatingExpenses": 33344000000,
    "costAndExpenses": 42134000000,
    "interestIncome": 0,
    "interestExpense": 1305000000,
    "depreciationAndAmortization": 4542000000,
    "ebitda": 17889000000,
    "ebitdaratio": 0.3442906907,
    "operatingIncome": 13347000000,
    "operatingIncomeRatio": 0.2568756135,
    "totalOtherIncomeExpensesNet": 0,
    "incomeBeforeTax": 13347000000,
    "incomeBeforeTaxRatio": 0.2568756135,
    "incomeTaxExpense": 2441000000,
    "netIncome": 10367000000,
    "netIncomeRatio": 0.1995227006,
    "eps": 12.1,
    "epsdiluted": 11.95,
    "weightedAverageShsOut": 854320449,
    "weightedAverageShsOutDil": 864884879,
    "link": "https://www.sec.gov/Archives/edgar/data/5272/000110465922024701/0001104659-22-024701-index.htm",
    "finalLink": "https://www.sec.gov/Archives/edgar/data/5272/000110465922024701/aig-20211231.htm"
  },
  {
    "date": "2020-12-31",
    "symbol": "AIG",
    "reportedCurrency": "USD",
    "cik": "0000005272",
    "fillingDate": "2021-02-19",
    "acceptedDate": "2021-02-19 16:05:19",
    "calendarYear": "2020",
    "period": "FY",
    "revenue": 43839000000,
    "costOfRevenue": 8499000000,
    "grossProfit": 35340000000,
    "grossProfitRatio": 0.8061315267,
    "researchAndDevelopmentExpenses": 0,
    "generalAndAdministrativeExpenses": 8396000000,
    "sellingAndMarketingExpenses": 0,
    "sellingGeneralAndAdministrativeExpenses": 8396000000,
    "otherExpenses": 0,
    "operatingExpenses": 41173000000,
    "costAndExpenses": 49569000000,
    "interestIncome": 1989000000,
    "interestExpense": 1457000000,
    "depreciationAndAmortization": 4120000000,
    "ebitda": -3173000000,
    "ebitdaratio": -0.0723784758,
    "operatingIncome": -5833000000,
    "operatingIncomeRatio": -0.1330550423,
    "totalOtherIncomeExpensesNet": -1460000000,
    "incomeBeforeTax": -7293000000,
    "incomeBeforeTaxRatio": -0.1663587217,
    "incomeTaxExpense": -1460000000,
    "netIncome": -5944000000,
    "netIncomeRatio": -0.1355870344,
    "eps": -6.84,
    "epsdiluted": -6.84,
    "weightedAverageShsOut": 869309458,
    "weightedAverageShsOutDil": 869309458,
    "link": "https://www.sec.gov/Archives/edgar/data/5272/000110465921025742/0001104659-21-025742-index.htm",
    "finalLink": "https://www.sec.gov/Archives/edgar/data/5272/000110465921025742/aig-20201231.htm"
  },
  {
    "date": "2019-12-31",
    "symbol": "AIG",
    "reportedCurrency": "USD",
    "cik": "0000005272",
    "fillingDate": "2020-02-21",
    "acceptedDate": "2020-02-21 16:26:31",
    "calendarYear": "2019",
    "period": "FY",
    "revenue": 49792000000,
    "costOfRevenue": 9128000000,
    "grossProfit": 40664000000,
    "grossProfitRatio": 0.8166773779,
    "researchAndDevelopmentExpenses": 0,
    "generalAndAdministrativeExpenses": 8537000000,
    "sellingAndMarketingExpenses": 0,
    "sellingGeneralAndAdministrativeExpenses": 8537000000,
    "otherExpenses": 0,
    "operatingExpenses": 36543000000,
    "costAndExpenses": 45625000000,
    "interestIncome": 2030000000,
    "interestExpense": 1417000000,
    "depreciationAndAmortization": 5006000000,
    "ebitda": 10293000000,
    "ebitdaratio": 0.206719955,
    "operatingIncome": 4121000000,
    "operatingIncomeRatio": 0.0827642995,
    "totalOtherIncomeExpensesNet": 1166000000,
    "incomeBeforeTax": 5287000000,
    "incomeBeforeTaxRatio": 0.1061817159,
    "incomeTaxExpense": 1166000000,
    "netIncome": 3348000000,
    "netIncomeRatio": 0.0672397172,
    "eps": 3.79,
    "epsdiluted": 3.74,
    "weightedAverageShsOut": 876750264,
    "weightedAverageShsOutDil": 889511946,
    "link": "https://www.sec.gov/Archives/edgar/data/5272/000110465920023889/0001104659-20-023889-index.htm",
    "finalLink": "https://www.sec.gov/Archives/edgar/data/5272/000110465920023889/aig-20191231.htm"
  },
  {
    "date": "2018-12-31",
    "symbol": "AIG",
    "reportedCurrency": "USD",
    "cik": "0000005272",
    "fillingDate": "2019-02-15",
    "acceptedDate": "2019-02-15 13:22:56",
    "calendarYear": "2018",
    "period": "FY",
    "revenue": 47481000000,
    "costOfRevenue": 9394000000,
    "grossProfit": 38087000000,
    "grossProfitRatio": 0.8021524399,
    "researchAndDevelopmentExpenses": 0,
    "generalAndAdministrativeExpenses": 9302000000,
    "sellingAndMarketingExpenses": 0,
    "sellingGeneralAndAdministrativeExpenses": 9302000000,
    "otherExpenses": 0,
    "operatingExpenses": 37984000000,
    "costAndExpenses": 47286000000,
    "interestIncome": 1883000000,
    "interestExpense": 1309000000,
    "depreciationAndAmortization": 5362000000,
    "ebitda": 5619000000,
    "ebitdaratio": 0.1183420737,
    "operatingIncome": 103000000,
    "operatingIncomeRatio": 0.0021692888,
    "totalOtherIncomeExpensesNet": 154000000,
    "incomeBeforeTax": 257000000,
    "incomeBeforeTaxRatio": 0.0054126914,
    "incomeTaxExpense": 154000000,
    "netIncome": -6000000,
    "netIncomeRatio": -0.0001263663,
    "eps": -0.0067,
    "epsdiluted": -0.0066,
    "weightedAverageShsOut": 898405537,
    "weightedAverageShsOutDil": 910141242,
    "link": "https://www.sec.gov/Archives/edgar/data/5272/000000527219000023/0000005272-19-000023-index.htm",
    "finalLink": "https://www.sec.gov/Archives/edgar/data/5272/000000527219000023/maindocument001.htm"
  },
  {
    "date": "2017-12-31",
    "symbol": "AIG",
    "reportedCurrency": "USD",
    "cik": "0000005272",
    "fillingDate": "2018-02-16",
    "acceptedDate": "2018-02-16 16:45:19",
    "calendarYear": "2017",
    "period": "FY",
    "revenue": 49930000000,
    "costOfRevenue": 9517000000,
    "grossProfit": 40413000000,
    "grossProfitRatio": 0.8093931504,
    "researchAndDevelopmentExpenses": 0,
    "generalAndAdministrativeExpenses": 9107000000,
    "sellingAndMarketingExpenses": 0,
    "sellingGeneralAndAdministrativeExpenses": 9107000000,
    "otherExpenses": 0,
    "operatingExpenses": 46473000000,
    "costAndExpenses": 55580000000,
    "interestIncome": 1661000000,
    "interestExpense": 1168000000,
    "depreciationAndAmortization": 3874000000,
    "ebitda": 5340000000,
    "ebitdaratio": 0.1069497296,
    "operatingIncome": 2845000000,
    "operatingIncomeRatio": 0.0569797717,
    "totalOtherIncomeExpensesNet": -1379000000,
    "incomeBeforeTax": 1466000000,
    "incomeBeforeTaxRatio": 0.0293611055,
    "incomeTaxExpense": 7526000000,
    "netIncome": -6084000000,
    "netIncomeRatio": -0.1218505908,
    "eps": -6.54,
    "epsdiluted": -6.54,
    "weightedAverageShsOut": 930561286,
    "weightedAverageShsOutDil": 930561286,
    "link": "https://www.sec.gov/Archives/edgar/data/5272/000000527218000022/0000005272-18-000022-index.htm",
    "finalLink": "https://www.sec.gov/Archives/edgar/data/5272/000000527218000022/maindocument001.htm"
  },
  {
    "date": "2016-12-31",
    "symbol": "AIG",
    "reportedCurrency": "USD",
    "cik": "0000005272",
    "fillingDate": "2017-02-23",
    "acceptedDate": "2017-02-23 16:09:53",
    "calendarYear": "2016",
    "period": "FY",
    "revenue": 52754000000,
    "costOfRevenue": 10831000000,
    "grossProfit": 41923000000,
    "grossProfitRatio": 0.7946885544,
    "researchAndDevelopmentExpenses": 0,
    "generalAndAdministrativeExpenses": 10989000000,
    "sellingAndMarketingExpenses": 0,
    "sellingGeneralAndAdministrativeExpenses": 10989000000,
    "otherExpenses": 0,
    "operatingExpenses": 42182000000,
    "costAndExpenses": 52626000000,
    "interestIncome": 0,
    "interestExpense": 1260000000,
    "depreciationAndAmortization": 4090000000,
    "ebitda": 4016000000,
    "ebitdaratio": 0.0761269288,
    "operatingIncome": -259000000,
    "operatingIncomeRatio": -0.0049095803,
    "totalOtherIncomeExpensesNet": 185000000,
    "incomeBeforeTax": -74000000,
    "incomeBeforeTaxRatio": -0.0014027372,
    "incomeTaxExpense": 185000000,
    "netIncome": -849000000,
    "netIncomeRatio": -0.0160935664,
    "eps": -0.78,
    "epsdiluted": -0.78,
    "weightedAverageShsOut": 1091085131,
    "weightedAverageShsOutDil": 1091085131,
    "link": "https://www.sec.gov/Archives/edgar/data/5272/000000527217000017/0000005272-17-000017-index.htm",
    "finalLink": "https://www.sec.gov/Archives/edgar/data/5272/000000527217000017/maindocument001.htm"
  },
  {
    "date": "2015-12-31",
    "symbol": "AIG",
    "reportedCurrency": "USD",
    "cik": "0000005272",
    "fillingDate": "2016-02-19",
    "acceptedDate": "2016-02-19 17:15:13",
    "calendarYear": "2015",
    "period": "FY",
    "revenue": 58925000000,
    "costOfRevenue": 14115000000,
    "grossProfit": 44810000000,
    "grossProfitRatio": 0.7604582096,
    "researchAndDevelopmentExpenses": 0,
    "generalAndAdministrativeExpenses": 12686000000,
    "sellingAndMarketingExpenses": 0,
    "sellingGeneralAndAdministrativeExpenses": 12686000000,
    "otherExpenses": 0,
    "operatingExpenses": 42588000000,
    "costAndExpenses": 56105000000,
    "interestIncome": 0,
    "interestExpense": 1281000000,
    "depreciationAndAmortization": 4629000000,
    "ebitda": 7910000000,
    "ebitdaratio": 0.1342384387,
    "operatingIncome": 2222000000,
    "operatingIncomeRatio": 0.0377089521,
    "totalOtherIncomeExpensesNet": 1059000000,
    "incomeBeforeTax": 3281000000,
    "incomeBeforeTaxRatio": 0.0556809504,
    "incomeTaxExpense": 1059000000,
    "netIncome": 2196000000,
    "netIncomeRatio": 0.0372677132,
    "eps": 1.69,
    "epsdiluted": 1.65,
    "weightedAverageShsOut": 1299825350,
    "weightedAverageShsOutDil": 1334464883,
    "link": "https://www.sec.gov/Archives/edgar/data/5272/000000527216000035/0000005272-16-000035-index.htm",
    "finalLink": "https://www.sec.gov/Archives/edgar/data/5272/000000527216000035/maindocument001.htm"
  },
  {
    "date": "2014-12-31",
    "symbol": "AIG",
    "reportedCurrency": "USD",
    "cik": "0000005272",
    "fillingDate": "2015-02-20",
    "acceptedDate": "2015-02-20 17:07:30",
    "calendarYear": "2014",
    "period": "FY",
    "revenue": 64608000000,
    "costOfRevenue": 13316000000,
    "grossProfit": 51292000000,
    "grossProfitRatio": 0.7938954928,
    "researchAndDevelopmentExpenses": 0,
    "generalAndAdministrativeExpenses": 14723000000,
    "sellingAndMarketingExpenses": 0,
    "sellingGeneralAndAdministrativeExpenses": 14723000000,
    "otherExpenses": 0,
    "operatingExpenses": 43718000000,
    "costAndExpenses": 56832000000,
    "interestIncome": 0,
    "interestExpense": 1718000000,
    "depreciationAndAmortization": 4448000000,
    "ebitda": 14949000000,
    "ebitdaratio": 0.2313800149,
    "operatingIncome": 11500000000,
    "operatingIncomeRatio": 0.1779965329,
    "totalOtherIncomeExpensesNet": -999000000,
    "incomeBeforeTax": 10501000000,
    "incomeBeforeTaxRatio": 0.1625340515,
    "incomeTaxExpense": 2927000000,
    "netIncome": 7529000000,
    "netIncomeRatio": 0.1165335562,
    "eps": 5.27,
    "epsdiluted": 5.2,
    "weightedAverageShsOut": 1427959799,
    "weightedAverageShsOutDil": 1447553652,
    "link": "https://www.sec.gov/Archives/edgar/data/5272/000000527215000002/0000005272-15-000002-index.htm",
    "finalLink": "https://www.sec.gov/Archives/edgar/data/5272/000000527215000002/maindocument001.htm"
  },
  {
    "date": "2013-12-31",
    "symbol": "AIG",
    "reportedCurrency": "USD",
    "cik": "0000005272",
    "fillingDate": "2014-02-20",
    "acceptedDate": "2014-02-20 16:11:04",
    "calendarYear": "2013",
    "period": "FY",
    "revenue": 69871000000,
    "costOfRevenue": 5790000000,
    "grossProfit": 64081000000,
    "grossProfitRatio": 0.9171330022,
    "researchAndDevelopmentExpenses": 0,
    "generalAndAdministrativeExpenses": 18113000000,
    "sellingAndMarketingExpenses": 0,
    "sellingGeneralAndAdministrativeExpenses": 18113000000,
    "otherExpenses": 0,
    "operatingExpenses": 55073000000,
    "costAndExpenses": 59670000000,
    "interestIncome": 0,
    "interestExpense": 2142000000,
    "depreciationAndAmortization": 4713000000,
    "ebitda": 14081000000,
    "ebitdaratio": 0.2015285312,
    "operatingIncome": 9008000000,
    "operatingIncomeRatio": 0.1289233015,
    "totalOtherIncomeExpensesNet": 360000000,
    "incomeBeforeTax": 9368000000,
    "incomeBeforeTaxRatio": 0.1340756537,
    "incomeTaxExpense": 360000000,
    "netIncome": 9085000000,
    "netIncomeRatio": 0.1300253324,
    "eps": 6.16,
    "epsdiluted": 6.13,
    "weightedAverageShsOut": 1474171690,
    "weightedAverageShsOutDil": 1481206797,
    "link": "https://www.sec.gov/Archives/edgar/data/5272/000104746914001096/0001047469-14-001096-index.htm",
    "finalLink": "https://www.sec.gov/Archives/edgar/data/5272/000104746914001096/a2218248z10-k.htm"
  },
  {
    "date": "2012-12-31",
    "symbol": "AIG",
    "reportedCurrency": "USD",
    "cik": "0000005272",
    "fillingDate": "2013-02-21",
    "acceptedDate": "2013-02-21 16:08:46",
    "calendarYear": "2012",
    "period": "FY",
    "revenue": 71419000000,
    "costOfRevenue": 5765000000,
    "grossProfit": 65654000000,
    "grossProfitRatio": 0.9192791834,
    "researchAndDevelopmentExpenses": 0,
    "generalAndAdministrativeExpenses": 17151000000,
    "sellingAndMarketingExpenses": 0,
    "sellingGeneralAndAdministrativeExpenses": 17151000000,
    "otherExpenses": 0,
    "operatingExpenses": 65811000000,
    "costAndExpenses": 65811000000,
    "interestIncome": 0,
    "interestExpense": 2319000000,
    "depreciationAndAmortization": 7349000000,
    "ebitda": 10240000000,
    "ebitdaratio": 0.1433792128,
    "operatingIncome": 2891000000,
    "operatingIncomeRatio": 0.0404794242,
    "totalOtherIncomeExpensesNet": 0,
    "incomeBeforeTax": 2891000000,
    "incomeBeforeTaxRatio": 0.0404794242,
    "incomeTaxExpense": -808000000,
    "netIncome": 3438000000,
    "netIncomeRatio": 0.0481384506,
    "eps": 2.04,
    "epsdiluted": 2.04,
    "weightedAverageShsOut": 1687197038,
    "weightedAverageShsOutDil": 1687226641,
    "link": "https://www.sec.gov/Archives/edgar/data/5272/000104746913001390/0001047469-13-001390-index.htm",
    "finalLink": "https://www.sec.gov/Archives/edgar/data/5272/000104746913001390/a2212976z10-k.htm"
  },
  {
    "date": "2011-12-31",
    "symbol": "AIG",
    "reportedCurrency": "USD",
    "cik": "0000005272",
    "fillingDate": "2012-03-30",
    "acceptedDate": "2012-03-30 16:56:24",
    "calendarYear": "2011",
    "period": "FY",
    "revenue": 65369000000,
    "costOfRevenue": 0,
    "grossProfit": 65369000000,
    "grossProfitRatio": 1,
    "researchAndDevelopmentExpenses": 0,
    "generalAndAdministrativeExpenses": 5401000000,
    "sellingAndMarketingExpenses": 0,
    "sellingGeneralAndAdministrativeExpenses": 5401000000,
    "otherExpenses": 60869000000,
    "operatingExpenses": 66270000000,
    "costAndExpenses": 66270000000,
    "interestIncome": 0,
    "interestExpense": 2444000000,
    "depreciationAndAmortization": 7372000000,
    "ebitda": 6471000000,
    "ebitdaratio": 0.0989918769,
    "operatingIncome": -901000000,
    "operatingIncomeRatio": -0.0137832918,
    "totalOtherIncomeExpensesNet": 0,
    "incomeBeforeTax": -901000000,
    "incomeBeforeTaxRatio": -0.0137832918,
    "incomeTaxExpense": -19764000000,
    "netIncome": 20622000000,
    "netIncomeRatio": 0.3154706359,
    "eps": 11.01,
    "epsdiluted": 11.01,
    "weightedAverageShsOut": 1799385757,
    "weightedAverageShsOutDil": 1799458497,
    "link": "https://www.sec.gov/Archives/edgar/data/5272/000119312512143882/0001193125-12-143882-index.htm",
    "finalLink": "https://www.sec.gov/Archives/edgar/data/5272/000119312512143882/d326016d10ka.htm"
  },
  {
    "date": "2010-12-31",
    "symbol": "AIG",
    "reportedCurrency": "USD",
    "cik": "0000005272",
    "fillingDate": "2011-03-31",
    "acceptedDate": "2011-03-31 17:24:05",
    "calendarYear": "2010",
    "period": "FY",
    "revenue": 77526000000,
    "costOfRevenue": 0,
    "grossProfit": 77526000000,
    "grossProfitRatio": 1,
    "researchAndDevelopmentExpenses": 0,
    "generalAndAdministrativeExpenses": 4050000000,
    "sellingAndMarketingExpenses": 0,
    "sellingGeneralAndAdministrativeExpenses": 4050000000,
    "otherExpenses": 55540000000,
    "operatingExpenses": 59590000000,
    "costAndExpenses": 65224000000,
    "interestIncome": 0,
    "interestExpense": 7981000000,
    "depreciationAndAmortization": 11320000000,
    "ebitda": 29256000000,
    "ebitdaratio": 0.3773701726,
    "operatingIncome": 17936000000,
    "operatingIncomeRatio": 0.2313546423,
    "totalOtherIncomeExpensesNet": 0,
    "incomeBeforeTax": 17936000000,
    "incomeBeforeTaxRatio": 0.2313546423,
    "incomeTaxExpense": 5859000000,
    "netIncome": 7786000000,
    "netIncomeRatio": 0.1004308232,
    "eps": 57,
    "epsdiluted": 56.98,
    "weightedAverageShsOut": 136585844,
    "weightedAverageShsOutDil": 136649280,
    "link": "https://www.sec.gov/Archives/edgar/data/5272/000095012311031620/0000950123-11-031620-index.htm",
    "finalLink": "https://www.sec.gov/Archives/edgar/data/5272/000095012311031620/y90581e10vkza.htm"
  },
  {
    "date": "2009-12-31",
    "symbol": "AIG",
    "reportedCurrency": "USD",
    "cik": "0000005272",
    "fillingDate": "2010-03-31",
    "acceptedDate": "2010-03-31 16:22:14",
    "calendarYear": "2009",
    "period": "FY",
    "revenue": 75352000000,
    "costOfRevenue": 0,
    "grossProfit": 75352000000,
    "grossProfitRatio": 1,
    "researchAndDevelopmentExpenses": 0,
    "generalAndAdministrativeExpenses": 0,
    "sellingAndMarketingExpenses": 0,
    "sellingGeneralAndAdministrativeExpenses": 0,
    "otherExpenses": 89659000000,
    "operatingExpenses": 89659000000,
    "costAndExpenses": 89659000000,
    "interestIncome": 0,
    "interestExpense": 14238000000,
    "depreciationAndAmortization": 12074000000,
    "ebitda": -2233000000,
    "ebitdaratio": -0.0296342499,
    "operatingIncome": -14307000000,
    "operatingIncomeRatio": -0.189868882,
    "totalOtherIncomeExpensesNet": 0,
    "incomeBeforeTax": -14307000000,
    "incomeBeforeTaxRatio": -0.189868882,
    "incomeTaxExpense": -1489000000,
    "netIncome": -10949000000,
    "netIncomeRatio": -0.1453047033,
    "eps": -80.91,
    "epsdiluted": -80.91,
    "weightedAverageShsOut": 135324896,
    "weightedAverageShsOutDil": 135324896,
    "link": "https://www.sec.gov/Archives/edgar/data/5272/000095012310030851/0000950123-10-030851-index.htm",
    "finalLink": "https://www.sec.gov/Archives/edgar/data/5272/000095012310030851/y83597e10vkza.htm"
  },
  {
    "date": "2008-12-31",
    "symbol": "AIG",
    "reportedCurrency": "USD",
    "cik": "0000005272",
    "fillingDate": "2009-03-02",
    "acceptedDate": "2009-03-02 06:17:40",
    "calendarYear": "2008",
    "period": "FY",
    "revenue": 6896000000,
    "costOfRevenue": 0,
    "grossProfit": 6896000000,
    "grossProfitRatio": 1,
    "researchAndDevelopmentExpenses": 0,
    "generalAndAdministrativeExpenses": 0,
    "sellingAndMarketingExpenses": 0,
    "sellingGeneralAndAdministrativeExpenses": 0,
    "otherExpenses": 113424000000,
    "operatingExpenses": 113424000000,
    "costAndExpenses": 113424000000,
    "interestIncome": 0,
    "interestExpense": 17007000000,
    "depreciationAndAmortization": 15445000000,
    "ebitda": -91754000000,
    "ebitdaratio": -13.3053944316,
    "operatingIncome": -106528000000,
    "operatingIncomeRatio": -15.4477958237,
    "totalOtherIncomeExpensesNet": 0,
    "incomeBeforeTax": -106528000000,
    "incomeBeforeTaxRatio": -15.4477958237,
    "incomeTaxExpense": -8894000000,
    "netIncome": -99289000000,
    "netIncomeRatio": -14.3980568445,
    "eps": -753.82,
    "epsdiluted": -753.82,
    "weightedAverageShsOut": 131714245,
    "weightedAverageShsOutDil": 131714245,
    "link": "https://www.sec.gov/Archives/edgar/data/5272/000095012309003734/0000950123-09-003734-index.htm",
    "finalLink": "https://www.sec.gov/Archives/edgar/data/5272/000095012309003734/y74794e10vk.htm"
  },
  {
    "date": "2007-12-31",
    "symbol": "AIG",
    "reportedCurrency": "USD",
    "cik": "0000005272",
    "fillingDate": "2008-02-28",
    "acceptedDate": "2008-02-28 17:29:58",
    "calendarYear": "2007",
    "period": "FY",
    "revenue": 110064000000,
    "costOfRevenue": 0,
    "grossProfit": 110064000000,
    "grossProfitRatio": 1,
    "researchAndDevelopmentExpenses": 0,
    "generalAndAdministrativeExpenses": 0,
    "sellingAndMarketingExpenses": 0,
    "sellingGeneralAndAdministrativeExpenses": 0,
    "otherExpenses": 101121000000,
    "operatingExpenses": 101121000000,
    "costAndExpenses": 101121000000,
    "interestIncome": 0,
    "interestExpense": 4751000000,
    "depreciationAndAmortization": 3913000000,
    "ebitda": 12856000000,
    "ebitdaratio": 0.1168047681,
    "operatingIncome": 8943000000,
    "operatingIncomeRatio": 0.0812527257,
    "totalOtherIncomeExpensesNet": 0,
    "incomeBeforeTax": 8943000000,
    "incomeBeforeTaxRatio": 0.0812527257,
    "incomeTaxExpense": 1455000000,
    "netIncome": 6200000000,
    "netIncomeRatio": 0.056330862,
    "eps": 48,
    "epsdiluted": 47.8,
    "weightedAverageShsOut": 129250000,
    "weightedAverageShsOutDil": 129900000,
    "link": "https://www.sec.gov/Archives/edgar/data/5272/000095012308002280/0000950123-08-002280-index.htm",
    "finalLink": "https://www.sec.gov/Archives/edgar/data/5272/000095012308002280/y44393e10vk.htm"
  },
  {
    "date": "2006-12-31",
    "symbol": "AIG",
    "reportedCurrency": "USD",
    "cik": "0000005272",
    "fillingDate": "2007-03-01",
    "acceptedDate": "2007-03-01 16:02:17",
    "calendarYear": "2006",
    "period": "FY",
    "revenue": 113387000000,
    "costOfRevenue": 0,
    "grossProfit": 113387000000,
    "grossProfitRatio": 1,
    "researchAndDevelopmentExpenses": 0,
    "generalAndAdministrativeExpenses": 0,
    "sellingAndMarketingExpenses": 0,
    "sellingGeneralAndAdministrativeExpenses": 0,
    "otherExpenses": 91700000000,
    "operatingExpenses": 91700000000,
    "costAndExpenses": 91700000000,
    "interestIncome": 0,
    "interestExpense": 0,
    "depreciationAndAmortization": 2374000000,
    "ebitda": 21687000000,
    "ebitdaratio": 0.1912653126,
    "operatingIncome": 21687000000,
    "operatingIncomeRatio": 0.1912653126,
    "totalOtherIncomeExpensesNet": 0,
    "incomeBeforeTax": 21687000000,
    "incomeBeforeTaxRatio": 0.1912653126,
    "incomeTaxExpense": 6537000000,
    "netIncome": 14048000000,
    "netIncomeRatio": 0.1238942736,
    "eps": 107.8,
    "epsdiluted": 107.2,
    "weightedAverageShsOut": 130400000,
    "weightedAverageShsOutDil": 131150000,
    "link": "https://www.sec.gov/Archives/edgar/data/5272/000095012307003026/0000950123-07-003026-index.htm",
    "finalLink": "https://www.sec.gov/Archives/edgar/data/5272/000095012307003026/y27490e10vk.htm"
  },
  {
    "date": "2005-12-31",
    "symbol": "AIG",
    "reportedCurrency": "USD",
    "cik": "0000005272",
    "fillingDate": "2006-03-16",
    "acceptedDate": "2006-03-16 16:29:54",
    "calendarYear": "2005",
    "period": "FY",
    "revenue": 108905000000,
    "costOfRevenue": 0,
    "grossProfit": 108905000000,
    "grossProfitRatio": 1,
    "researchAndDevelopmentExpenses": 0,
    "generalAndAdministrativeExpenses": 0,
    "sellingAndMarketingExpenses": 0,
    "sellingGeneralAndAdministrativeExpenses": 0,
    "otherExpenses": 93692000000,
    "operatingExpenses": 93692000000,
    "costAndExpenses": 93692000000,
    "interestIncome": 1177000000,
    "interestExpense": 0,
    "depreciationAndAmortization": 2200000000,
    "ebitda": 15213000000,
    "ebitdaratio": 0.139690556,
    "operatingIncome": 15213000000,
    "operatingIncomeRatio": 0.139690556,
    "totalOtherIncomeExpensesNet": 0,
    "incomeBeforeTax": 15213000000,
    "incomeBeforeTaxRatio": 0.139690556,
    "incomeTaxExpense": 4258000000,
    "netIncome": 10477000000,
    "netIncomeRatio": 0.0962031128,
    "eps": 80.6,
    "epsdiluted": 79.8,
    "weightedAverageShsOut": 129850000,
    "weightedAverageShsOutDil": 131350000,
    "link": "https://www.sec.gov/Archives/edgar/data/5272/000095012306003276/0000950123-06-003276-index.htm",
    "finalLink": "https://www.sec.gov/Archives/edgar/data/5272/000095012306003276/y16349e10vk.htm"
  },
  {
    "date": "2004-12-31",
    "symbol": "AIG",
    "reportedCurrency": "USD",
    "cik": "0000005272",
    "fillingDate": "2006-03-16",
    "acceptedDate": "2006-03-16 16:10:40",
    "calendarYear": "2004",
    "period": "FY",
    "revenue": 97666000000,
    "costOfRevenue": 0,
    "grossProfit": 97666000000,
    "grossProfitRatio": 1,
    "researchAndDevelopmentExpenses": 0,
    "generalAndAdministrativeExpenses": 0,
    "sellingAndMarketingExpenses": 0,
    "sellingGeneralAndAdministrativeExpenses": 0,
    "otherExpenses": 82821000000,
    "operatingExpenses": 82821000000,
    "costAndExpenses": 82821000000,
    "interestIncome": 1096000000,
    "interestExpense": 0,
    "depreciationAndAmortization": 2035000000,
    "ebitda": 16985000000,
    "ebitdaratio": 0.1739090369,
    "operatingIncome": 14950000000,
    "operatingIncomeRatio": 0.1530727172,
    "totalOtherIncomeExpensesNet": -105000000,
    "incomeBeforeTax": 14845000000,
    "incomeBeforeTaxRatio": 0.1519976246,
    "incomeTaxExpense": 4407000000,
    "netIncome": 9983000000,
    "netIncomeRatio": 0.1022157148,
    "eps": 75.4,
    "epsdiluted": 74.6,
    "weightedAverageShsOut": 130300000,
    "weightedAverageShsOutDil": 131850000,
    "link": "https://www.sec.gov/Archives/edgar/data/5272/000095012306003272/0000950123-06-003272-index.htm",
    "finalLink": "https://www.sec.gov/Archives/edgar/data/5272/000095012306003272/y15154e10vkza.htm"
  },
  {
    "date": "2003-12-31",
    "symbol": "AIG",
    "reportedCurrency": "USD",
    "cik": "0000005272",
    "fillingDate": "2004-03-15",
    "acceptedDate": "2004-03-15 11:31:23",
    "calendarYear": "2003",
    "period": "FY",
    "revenue": 79421000000,
    "costOfRevenue": 0,
    "grossProfit": 79421000000,
    "grossProfitRatio": 1,
    "researchAndDevelopmentExpenses": 0,
    "generalAndAdministrativeExpenses": 0,
    "sellingAndMarketingExpenses": 0,
    "sellingGeneralAndAdministrativeExpenses": 0,
    "otherExpenses": 67514000000,
    "operatingExpenses": 67514000000,
    "costAndExpenses": 67514000000,
    "interestIncome": 1047000000,
    "interestExpense": 0,
    "depreciationAndAmortization": 1861000000,
    "ebitda": 13768000000,
    "ebitdaratio": 0.1733546543,
    "operatingIncome": 11907000000,
    "operatingIncomeRatio": 0.1499225646,
    "totalOtherIncomeExpensesNet": 0,
    "incomeBeforeTax": 11907000000,
    "incomeBeforeTaxRatio": 0.1499225646,
    "incomeTaxExpense": 3556000000,
    "netIncome": 8099000000,
    "netIncomeRatio": 0.101975548,
    "eps": 62,
    "epsdiluted": 61.4,
    "weightedAverageShsOut": 130500000,
    "weightedAverageShsOutDil": 131850000,
    "link": "https://www.sec.gov/Archives/edgar/data/5272/000095012304003302/0000950123-04-003302-index.htm",
    "finalLink": "https://www.sec.gov/Archives/edgar/data/5272/000095012304003302/y92059e10vk.htm"
  },
  {
    "date": "2002-12-31",
    "symbol": "AIG",
    "reportedCurrency": "USD",
    "cik": "0000005272",
    "fillingDate": "2003-03-31",
    "acceptedDate": "2003-03-31 08:50:19",
    "calendarYear": "2002",
    "period": "FY",
    "revenue": 66171000000,
    "costOfRevenue": 0,
    "grossProfit": 66171000000,
    "grossProfitRatio": 1,
    "researchAndDevelopmentExpenses": 0,
    "generalAndAdministrativeExpenses": 0,
    "sellingAndMarketingExpenses": 0,
    "sellingGeneralAndAdministrativeExpenses": 0,
    "otherExpenses": 58363000000,
    "operatingExpenses": 58363000000,
    "costAndExpenses": 58363000000,
    "interestIncome": 0,
    "interestExpense": 0,
    "depreciationAndAmortization": 2088000000,
    "ebitda": 9896000000,
    "ebitdaratio": 0.1495519185,
    "operatingIncome": 7808000000,
    "operatingIncomeRatio": 0.11799731,
    "totalOtherIncomeExpensesNet": 0,
    "incomeBeforeTax": 7808000000,
    "incomeBeforeTaxRatio": 0.11799731,
    "incomeTaxExpense": 1956000000,
    "netIncome": 5866000000,
    "netIncomeRatio": 0.0886491061,
    "eps": 44,
    "epsdiluted": 43.4,
    "weightedAverageShsOut": 133318182,
    "weightedAverageShsOutDil": 135161290,
    "link": "https://www.sec.gov/Archives/edgar/data/5272/000095012303003570/0000950123-03-003570-index.htm",
    "finalLink": "https://www.sec.gov/Archives/edgar/data/5272/000095012303003570/y65998e10vk.txt"
  },
  {
    "date": "2001-12-31",
    "symbol": "AIG",
    "reportedCurrency": "USD",
    "cik": "0000005272",
    "fillingDate": "2002-04-01",
    "acceptedDate": "2002-04-01 00:00:00",
    "calendarYear": "2001",
    "period": "FY",
    "revenue": 61766000000,
    "costOfRevenue": 0,
    "grossProfit": 61766000000,
    "grossProfitRatio": 1,
    "researchAndDevelopmentExpenses": 0,
    "generalAndAdministrativeExpenses": 0,
    "sellingAndMarketingExpenses": 0,
    "sellingGeneralAndAdministrativeExpenses": 0,
    "otherExpenses": 53627000000,
    "operatingExpenses": 53627000000,
    "costAndExpenses": 53627000000,
    "interestIncome": 1141000000,
    "interestExpense": 0,
    "depreciationAndAmortization": 1437000000,
    "ebitda": 9576000000,
    "ebitdaratio": 0.1550367516,
    "operatingIncome": 8139000000,
    "operatingIncomeRatio": 0.1317715248,
    "totalOtherIncomeExpensesNet": 0,
    "incomeBeforeTax": 8139000000,
    "incomeBeforeTaxRatio": 0.1317715248,
    "incomeTaxExpense": 2339000000,
    "netIncome": 5499000000,
    "netIncomeRatio": 0.0890295632,
    "eps": 41,
    "epsdiluted": 40.4,
    "weightedAverageShsOut": 131050000,
    "weightedAverageShsOutDil": 132500000,
    "link": "https://www.sec.gov/Archives/edgar/data/5272/000095012302003222/0000950123-02-003222-index.htm",
    "finalLink": "https://www.sec.gov/Archives/edgar/data/5272/000095012302003222/y53442e10-k.txt"
  },
  {
    "date": "2000-12-31",
    "symbol": "AIG",
    "reportedCurrency": "USD",
    "cik": "0000005272",
    "fillingDate": "2001-04-02",
    "acceptedDate": "2001-04-02 00:00:00",
    "calendarYear": "2000",
    "period": "FY",
    "revenue": 56338000000,
    "costOfRevenue": 0,
    "grossProfit": 56338000000,
    "grossProfitRatio": 1,
    "researchAndDevelopmentExpenses": 0,
    "generalAndAdministrativeExpenses": 0,
    "sellingAndMarketingExpenses": 0,
    "sellingGeneralAndAdministrativeExpenses": 0,
    "otherExpenses": 46315000000,
    "operatingExpenses": 46315000000,
    "costAndExpenses": 46315000000,
    "interestIncome": 889000000,
    "interestExpense": 0,
    "depreciationAndAmortization": 1243000000,
    "ebitda": 11266000000,
    "ebitdaratio": 0.1999716,
    "operatingIncome": 10023000000,
    "operatingIncomeRatio": 0.177908339,
    "totalOtherIncomeExpensesNet": 0,
    "incomeBeforeTax": 10023000000,
    "incomeBeforeTaxRatio": 0.177908339,
    "incomeTaxExpense": 2971000000,
    "netIncome": 6639000000,
    "netIncomeRatio": 0.1178423089,
    "eps": 51,
    "epsdiluted": 50.4,
    "weightedAverageShsOut": 130350000,
    "weightedAverageShsOutDil": 131900000,
    "link": "https://www.sec.gov/Archives/edgar/data/5272/000095012301002952/0000950123-01-002952-index.htm",
    "finalLink": "https://www.sec.gov/Archives/edgar/data/5272/000095012301002952/y41459e10-k.txt"
  },
  {
    "date": "1999-12-31",
    "symbol": "AIG",
    "reportedCurrency": "USD",
    "cik": "0000005272",
    "fillingDate": "2000-03-30",
    "acceptedDate": "2000-03-30 00:00:00",
    "calendarYear": "1999",
    "period": "FY",
    "revenue": 45501000000,
    "costOfRevenue": 0,
    "grossProfit": 45501000000,
    "grossProfitRatio": 1,
    "researchAndDevelopmentExpenses": 0,
    "generalAndAdministrativeExpenses": 0,
    "sellingAndMarketingExpenses": 0,
    "sellingGeneralAndAdministrativeExpenses": 0,
    "otherExpenses": 36102000000,
    "operatingExpenses": 36102000000,
    "costAndExpenses": 36102000000,
    "interestIncome": 1009000000,
    "interestExpense": 0,
    "depreciationAndAmortization": 1130000000,
    "ebitda": 10529000000,
    "ebitdaratio": 0.2314015077,
    "operatingIncome": 9399000000,
    "operatingIncomeRatio": 0.2065668886,
    "totalOtherIncomeExpensesNet": 0,
    "incomeBeforeTax": 9399000000,
    "incomeBeforeTaxRatio": 0.2065668886,
    "incomeTaxExpense": 2833000000,
    "netIncome": 6186000000,
    "netIncomeRatio": 0.135953056,
    "eps": 47.4,
    "epsdiluted": 46.8,
    "weightedAverageShsOut": 130550000,
    "weightedAverageShsOutDil": 132500000,
    "link": "https://www.sec.gov/Archives/edgar/data/5272/000095012300002999/0000950123-00-002999-index.html",
    "finalLink": "https://www.sec.gov/Archives/edgar/data/5272/000095012300002999/0000950123-00-002999.txt"
  },
  {
    "date": "1998-12-31",
    "symbol": "AIG",
    "reportedCurrency": "USD",
    "cik": "0000005272",
    "fillingDate": "1999-03-31",
    "acceptedDate": "1999-03-31 00:00:00",
    "calendarYear": "1998",
    "period": "FY",
    "revenue": 32968000000,
    "costOfRevenue": 0,
    "grossProfit": 32968000000,
    "grossProfitRatio": 1,
    "researchAndDevelopmentExpenses": 0,
    "generalAndAdministrativeExpenses": 0,
    "sellingAndMarketingExpenses": 0,
    "sellingGeneralAndAdministrativeExpenses": 0,
    "otherExpenses": 26691000000,
    "operatingExpenses": 26691000000,
    "costAndExpenses": 26691000000,
    "interestIncome": 820000000,
    "interestExpense": 0,
    "depreciationAndAmortization": 952000000,
    "ebitda": 7229000000,
    "ebitdaratio": 0.2192732347,
    "operatingIncome": 6277000000,
    "operatingIncomeRatio": 0.1903967484,
    "totalOtherIncomeExpensesNet": 0,
    "incomeBeforeTax": 6277000000,
    "incomeBeforeTaxRatio": 0.1903967484,
    "incomeTaxExpense": 1785000000,
    "netIncome": 4282000000,
    "netIncomeRatio": 0.1298835234,
    "eps": 37.4,
    "epsdiluted": 36.6,
    "weightedAverageShsOut": 113900000,
    "weightedAverageShsOutDil": 116550000,
    "link": "https://www.sec.gov/Archives/edgar/data/5272/000095012399002819/0000950123-99-002819-index.html",
    "finalLink": "https://www.sec.gov/Archives/edgar/data/5272/0000950123-99-002819.txt"
  },
  {
    "date": "1997-12-31",
    "symbol": "AIG",
    "reportedCurrency": "USD",
    "cik": "0000005272",
    "fillingDate": "1998-03-30",
    "acceptedDate": "1998-03-30 00:00:00",
    "calendarYear": "1997",
    "period": "FY",
    "revenue": 29640000000,
    "costOfRevenue": 0,
    "grossProfit": 29640000000,
    "grossProfitRatio": 1,
    "researchAndDevelopmentExpenses": 0,
    "generalAndAdministrativeExpenses": 0,
    "sellingAndMarketingExpenses": 0,
    "sellingGeneralAndAdministrativeExpenses": 0,
    "otherExpenses": 24330000000,
    "operatingExpenses": 24330000000,
    "costAndExpenses": 24330000000,
    "interestIncome": 766000000,
    "interestExpense": 0,
    "depreciationAndAmortization": 885000000,
    "ebitda": 6195000000,
    "ebitdaratio": 0.2090080972,
    "operatingIncome": 5310000000,
    "operatingIncomeRatio": 0.1791497976,
    "totalOtherIncomeExpensesNet": 0,
    "incomeBeforeTax": 5310000000,
    "incomeBeforeTaxRatio": 0.1791497976,
    "incomeTaxExpense": 1525000000,
    "netIncome": 3711000000,
    "netIncomeRatio": 0.1252024291,
    "eps": 32.67,
    "epsdiluted": 32,
    "weightedAverageShsOut": 113100000,
    "weightedAverageShsOutDil": 115650000,
    "link": "https://www.sec.gov/Archives/edgar/data/5272/000095012398003099/0000950123-98-003099-index.html",
    "finalLink": "https://www.sec.gov/Archives/edgar/data/5272/0000950123-98-003099.txt"
  },
  {
    "date": "1996-12-31",
    "symbol": "AIG",
    "reportedCurrency": "USD",
    "cik": "0000005272",
    "fillingDate": "1997-03-28",
    "acceptedDate": "1997-03-28 00:00:00",
    "calendarYear": "1996",
    "period": "FY",
    "revenue": 25812000000,
    "costOfRevenue": 0,
    "grossProfit": 25812000000,
    "grossProfitRatio": 1,
    "researchAndDevelopmentExpenses": 0,
    "generalAndAdministrativeExpenses": 0,
    "sellingAndMarketingExpenses": 0,
    "sellingGeneralAndAdministrativeExpenses": 0,
    "otherExpenses": 21756000000,
    "operatingExpenses": 21756000000,
    "costAndExpenses": 21756000000,
    "interestIncome": 678000000,
    "interestExpense": 0,
    "depreciationAndAmortization": 806000000,
    "ebitda": 4862000000,
    "ebitdaratio": 0.1883620022,
    "operatingIncome": 4056000000,
    "operatingIncomeRatio": 0.1571362157,
    "totalOtherIncomeExpensesNet": 0,
    "incomeBeforeTax": 4056000000,
    "incomeBeforeTaxRatio": 0.1571362157,
    "incomeTaxExpense": 1116000000,
    "netIncome": 2897000000,
    "netIncomeRatio": 0.1122346196,
    "eps": 29.12,
    "epsdiluted": 29.01,
    "weightedAverageShsOut": 99375000,
    "weightedAverageShsOutDil": 99750000,
    "link": "https://www.sec.gov/Archives/edgar/data/5272/000095012397002720/0000950123-97-002720-index.html",
    "finalLink": "https://www.sec.gov/Archives/edgar/data/5272/0000950123-97-002720.txt"
  },
  {
    "date": "1995-12-31",
    "symbol": "AIG",
    "reportedCurrency": "USD",
    "cik": "0000005272",
    "fillingDate": "1996-04-01",
    "acceptedDate": "1996-04-01 00:00:00",
    "calendarYear": "1995",
    "period": "FY",
    "revenue": 13019523000,
    "costOfRevenue": 0,
    "grossProfit": 13019523000,
    "grossProfitRatio": 1,
    "researchAndDevelopmentExpenses": 0,
    "generalAndAdministrativeExpenses": 0,
    "sellingAndMarketingExpenses": 0,
    "sellingGeneralAndAdministrativeExpenses": 0,
    "otherExpenses": 9553640000,
    "operatingExpenses": 9553640000,
    "costAndExpenses": 9553640000,
    "interestIncome": 0,
    "interestExpense": 0,
    "depreciationAndAmortization": 734600000,
    "ebitda": 4200483000,
    "ebitdaratio": 0.3226295618,
    "operatingIncome": 3465883000,
    "operatingIncomeRatio": 0.2662066037,
    "totalOtherIncomeExpensesNet": 0,
    "incomeBeforeTax": 3465883000,
    "incomeBeforeTaxRatio": 0.2662066037,
    "incomeTaxExpense": 955500000,
    "netIncome": 2510383000,
    "netIncomeRatio": 0.1928168183,
    "eps": 25.13,
    "epsdiluted": 25.13,
    "weightedAverageShsOut": 99989015,
    "weightedAverageShsOutDil": 99989015,
    "link": "https://www.sec.gov/Archives/edgar/data/5272/000095012396001522/0000950123-96-001522-index.htm",
    "finalLink": "https://www.sec.gov/Archives/edgar/data/5272/0000950123-96-001522.txt"
  },
  {
    "date": "1994-12-31",
    "symbol": "AIG",
    "reportedCurrency": "USD",
    "cik": "0000005272",
    "fillingDate": "1995-04-07",
    "acceptedDate": "1995-04-07 00:00:00",
    "calendarYear": "1994",
    "period": "FY",
    "revenue": 11774410000,
    "costOfRevenue": 0,
    "grossProfit": 11774410000,
    "grossProfitRatio": 1,
    "researchAndDevelopmentExpenses": 0,
    "generalAndAdministrativeExpenses": 0,
    "sellingAndMarketingExpenses": 0,
    "sellingGeneralAndAdministrativeExpenses": 0,
    "otherExpenses": 8822431000,
    "operatingExpenses": 8822431000,
    "costAndExpenses": 8822431000,
    "interestIncome": 0,
    "interestExpense": 0,
    "depreciationAndAmortization": 581900000,
    "ebitda": 3533879000,
    "ebitdaratio": 0.300132151,
    "operatingIncome": 2951979000,
    "operatingIncomeRatio": 0.2507114157,
    "totalOtherIncomeExpensesNet": 0,
    "incomeBeforeTax": 2951979000,
    "incomeBeforeTaxRatio": 0.2507114157,
    "incomeTaxExpense": 776464000,
    "netIncome": 2175515000,
    "netIncomeRatio": 0.1847663705,
    "eps": 21.71,
    "epsdiluted": 21.71,
    "weightedAverageShsOut": 100169789,
    "weightedAverageShsOutDil": 101126582,
    "link": "https://www.sec.gov/Archives/edgar/data/5272/000095012395000941/0000950123-95-000941-index.htm",
    "finalLink": "https://www.sec.gov/Archives/edgar/data/5272/0000950123-95-000941.txt"
  },
  {
    "date": "1993-12-31",
    "symbol": "AIG",
    "reportedCurrency": "USD",
    "cik": "0000005272",
    "fillingDate": "1994-03-30",
    "acceptedDate": "1994-03-30 00:00:00",
    "calendarYear": "1993",
    "period": "FY",
    "revenue": 18676100000,
    "costOfRevenue": 0,
    "grossProfit": 18676100000,
    "grossProfitRatio": 1,
    "researchAndDevelopmentExpenses": 0,
    "generalAndAdministrativeExpenses": 0,
    "sellingAndMarketingExpenses": 0,
    "sellingGeneralAndAdministrativeExpenses": 0,
    "otherExpenses": 18676100000,
    "operatingExpenses": 18676100000,
    "costAndExpenses": 18676100000,
    "interestIncome": 0,
    "interestExpense": 0,
    "depreciationAndAmortization": 472200000,
    "ebitda": 472200000,
    "ebitdaratio": 0.0252836513,
    "operatingIncome": 0,
    "operatingIncomeRatio": 0,
    "totalOtherIncomeExpensesNet": 0,
    "incomeBeforeTax": 2601100000,
    "incomeBeforeTaxRatio": 0.1392742596,
    "incomeTaxExpense": 683000000,
    "netIncome": 1938800000,
    "netIncomeRatio": 0.1038118237,
    "eps": 19.6,
    "epsdiluted": 19.4,
    "weightedAverageShsOut": 98867347,
    "weightedAverageShsOutDil": 99886598,
    "link": "https://www.sec.gov/Archives/edgar/data/5272/000095012394000660/0000950123-94-000660-index.html",
    "finalLink": "https://www.sec.gov/Archives/edgar/data/5272/0000950123-94-000660.txt"
  },
  {
    "date": "1992-12-31",
    "symbol": "AIG",
    "reportedCurrency": "USD",
    "cik": "0000005272",
    "fillingDate": "1992-12-31",
    "acceptedDate": "1992-12-30 19:00:00",
    "calendarYear": "1992",
    "period": "FY",
    "revenue": 17084200000,
    "costOfRevenue": 0,
    "grossProfit": 17084200000,
    "grossProfitRatio": 1,
    "researchAndDevelopmentExpenses": 0,
    "generalAndAdministrativeExpenses": 0,
    "sellingAndMarketingExpenses": 0,
    "sellingGeneralAndAdministrativeExpenses": 0,
    "otherExpenses": 17084200000,
    "operatingExpenses": 17084200000,
    "costAndExpenses": 17084200000,
    "interestIncome": 0,
    "interestExpense": 0,
    "depreciationAndAmortization": 391900000,
    "ebitda": 391900000,
    "ebitdaratio": 0.0229393241,
    "operatingIncome": 0,
    "operatingIncomeRatio": 0,
    "totalOtherIncomeExpensesNet": 0,
    "incomeBeforeTax": 2137000000,
    "incomeBeforeTaxRatio": 0.1250863371,
    "incomeTaxExpense": 512000000,
    "netIncome": 1656900000,
    "netIncomeRatio": 0.0969843481,
    "eps": 16.6,
    "epsdiluted": 16.6,
    "weightedAverageShsOut": 99542169,
    "weightedAverageShsOutDil": 99542169,
    "link": "",
    "finalLink": ""
  },
  {
    "date": "1991-12-31",
    "symbol": "AIG",
    "reportedCurrency": "USD",
    "cik": "0000005272",
    "fillingDate": "1991-12-31",
    "acceptedDate": "1991-12-30 19:00:00",
    "calendarYear": "1991",
    "period": "FY",
    "revenue": 15792500000,
    "costOfRevenue": 0,
    "grossProfit": 15792500000,
    "grossProfitRatio": 1,
    "researchAndDevelopmentExpenses": 0,
    "generalAndAdministrativeExpenses": 0,
    "sellingAndMarketingExpenses": 0,
    "sellingGeneralAndAdministrativeExpenses": 0,
    "otherExpenses": 15792500000,
    "operatingExpenses": 15792500000,
    "costAndExpenses": 15792500000,
    "interestIncome": 0,
    "interestExpense": 0,
    "depreciationAndAmortization": 325100000,
    "ebitda": 325100000,
    "ebitdaratio": 0.0205857211,
    "operatingIncome": 0,
    "operatingIncomeRatio": 0,
    "totalOtherIncomeExpensesNet": 0,
    "incomeBeforeTax": 2022600000,
    "incomeBeforeTaxRatio": 0.1280734526,
    "incomeTaxExpense": 469600000,
    "netIncome": 1553000000,
    "netIncomeRatio": 0.0983378186,
    "eps": 15.4,
    "epsdiluted": 15.2,
    "weightedAverageShsOut": 100370130,
    "weightedAverageShsOutDil": 101690789,
    "link": "",
    "finalLink": ""
  },
  {
    "date": "1990-12-31",
    "symbol": "AIG",
    "reportedCurrency": "USD",
    "cik": "0000005272",
    "fillingDate": "1990-12-31",
    "acceptedDate": "1990-12-30 19:00:00",
    "calendarYear": "1990",
    "period": "FY",
    "revenue": 14871500000,
    "costOfRevenue": 0,
    "grossProfit": 14871500000,
    "grossProfitRatio": 1,
    "researchAndDevelopmentExpenses": 0,
    "generalAndAdministrativeExpenses": 0,
    "sellingAndMarketingExpenses": 0,
    "sellingGeneralAndAdministrativeExpenses": 0,
    "otherExpenses": 14871500000,
    "operatingExpenses": 14871500000,
    "costAndExpenses": 14871500000,
    "interestIncome": 0,
    "interestExpense": 0,
    "depreciationAndAmortization": 0,
    "ebitda": 0,
    "ebitdaratio": 0,
    "operatingIncome": 0,
    "operatingIncomeRatio": 0,
    "totalOtherIncomeExpensesNet": 0,
    "incomeBeforeTax": 1811500000,
    "incomeBeforeTaxRatio": 0.1218101738,
    "incomeTaxExpense": 369200000,
    "netIncome": 1442300000,
    "netIncomeRatio": 0.0969841643,
    "eps": 14.6,
    "epsdiluted": 14.6,
    "weightedAverageShsOut": 98123288,
    "weightedAverageShsOutDil": 98123288,
    "link": "",
    "finalLink": ""
  },
  {
    "date": "1989-12-31",
    "symbol": "AIG",
    "reportedCurrency": "USD",
    "cik": "0000005272",
    "fillingDate": "1989-12-31",
    "acceptedDate": "1989-12-30 19:00:00",
    "calendarYear": "1989",
    "period": "FY",
    "revenue": 13566400000,
    "costOfRevenue": 0,
    "grossProfit": 13566400000,
    "grossProfitRatio": 1,
    "researchAndDevelopmentExpenses": 0,
    "generalAndAdministrativeExpenses": 0,
    "sellingAndMarketingExpenses": 0,
    "sellingGeneralAndAdministrativeExpenses": 0,
    "otherExpenses": 13566400000,
    "operatingExpenses": 13566400000,
    "costAndExpenses": 13566400000,
    "interestIncome": 0,
    "interestExpense": 0,
    "depreciationAndAmortization": 0,
    "ebitda": 0,
    "ebitdaratio": 0,
    "operatingIncome": 0,
    "operatingIncomeRatio": 0,
    "totalOtherIncomeExpensesNet": 0,
    "incomeBeforeTax": 1705700000,
    "incomeBeforeTaxRatio": 0.1257297441,
    "incomeTaxExpense": 338200000,
    "netIncome": 1367500000,
    "netIncomeRatio": 0.1008005071,
    "eps": 14,
    "epsdiluted": 14,
    "weightedAverageShsOut": 96900000,
    "weightedAverageShsOutDil": 96900000,
    "link": "",
    "finalLink": ""
  },
  {
    "date": "1988-12-31",
    "symbol": "AIG",
    "reportedCurrency": "USD",
    "cik": "0000005272",
    "fillingDate": "1988-12-31",
    "acceptedDate": "1988-12-30 19:00:00",
    "calendarYear": "1988",
    "period": "FY",
    "revenue": 13211200000,
    "costOfRevenue": 0,
    "grossProfit": 13211200000,
    "grossProfitRatio": 1,
    "researchAndDevelopmentExpenses": 0,
    "generalAndAdministrativeExpenses": 0,
    "sellingAndMarketingExpenses": 0,
    "sellingGeneralAndAdministrativeExpenses": 0,
    "otherExpenses": 13211200000,
    "operatingExpenses": 13211200000,
    "costAndExpenses": 13211200000,
    "interestIncome": 0,
    "interestExpense": 225500000,
    "depreciationAndAmortization": 0,
    "ebitda": 0,
    "ebitdaratio": 0,
    "operatingIncome": 0,
    "operatingIncomeRatio": 0,
    "totalOtherIncomeExpensesNet": 0,
    "incomeBeforeTax": 1440300000,
    "incomeBeforeTaxRatio": 0.1090211336,
    "incomeTaxExpense": 223300000,
    "netIncome": 1217000000,
    "netIncomeRatio": 0.0921188083,
    "eps": 12.4,
    "epsdiluted": 12.4,
    "weightedAverageShsOut": 97427419,
    "weightedAverageShsOutDil": 97427419,
    "link": "",
    "finalLink": ""
  },
  {
    "date": "1987-12-31",
    "symbol": "AIG",
    "reportedCurrency": "USD",
    "cik": "0000005272",
    "fillingDate": "1987-12-31",
    "acceptedDate": "1987-12-30 19:00:00",
    "calendarYear": "1987",
    "period": "FY",
    "revenue": 11145100000,
    "costOfRevenue": 0,
    "grossProfit": 11145100000,
    "grossProfitRatio": 1,
    "researchAndDevelopmentExpenses": 0,
    "generalAndAdministrativeExpenses": 0,
    "sellingAndMarketingExpenses": 0,
    "sellingGeneralAndAdministrativeExpenses": 0,
    "otherExpenses": 11145100000,
    "operatingExpenses": 11145100000,
    "costAndExpenses": 11145100000,
    "interestIncome": 0,
    "interestExpense": 88100000,
    "depreciationAndAmortization": 0,
    "ebitda": 0,
    "ebitdaratio": 0,
    "operatingIncome": 0,
    "operatingIncomeRatio": 0,
    "totalOtherIncomeExpensesNet": 0,
    "incomeBeforeTax": 1097600000,
    "incomeBeforeTaxRatio": 0.0984827413,
    "incomeTaxExpense": 153100000,
    "netIncome": 944500000,
    "netIncomeRatio": 0.0847457627,
    "eps": 9.8,
    "epsdiluted": 9.8,
    "weightedAverageShsOut": 95653061,
    "weightedAverageShsOutDil": 95653061,
    "link": "",
    "finalLink": ""
  },
  {
    "date": "1986-12-31",
    "symbol": "AIG",
    "reportedCurrency": "USD",
    "cik": "0000005272",
    "fillingDate": "1986-12-31",
    "acceptedDate": "1986-12-30 19:00:00",
    "calendarYear": "1986",
    "period": "FY",
    "revenue": 8720300000,
    "costOfRevenue": 0,
    "grossProfit": 8720300000,
    "grossProfitRatio": 1,
    "researchAndDevelopmentExpenses": 0,
    "generalAndAdministrativeExpenses": 0,
    "sellingAndMarketingExpenses": 0,
    "sellingGeneralAndAdministrativeExpenses": 0,
    "otherExpenses": 8720300000,
    "operatingExpenses": 8720300000,
    "costAndExpenses": 8720300000,
    "interestIncome": 0,
    "interestExpense": 71000000,
    "depreciationAndAmortization": 0,
    "ebitda": 0,
    "ebitdaratio": 0,
    "operatingIncome": 0,
    "operatingIncomeRatio": 0,
    "totalOtherIncomeExpensesNet": 0,
    "incomeBeforeTax": 765000000,
    "incomeBeforeTaxRatio": 0.0877263397,
    "incomeTaxExpense": 108400000,
    "netIncome": 656600000,
    "netIncomeRatio": 0.0752955747,
    "eps": 6.6,
    "epsdiluted": 6.6,
    "weightedAverageShsOut": 97787879,
    "weightedAverageShsOutDil": 97787879,
    "link": "",
    "finalLink": ""
  },
  {
    "date": "1985-12-31",
    "symbol": "AIG",
    "reportedCurrency": "USD",
    "cik": "0000005272",
    "fillingDate": "1985-12-31",
    "acceptedDate": "1985-12-30 19:00:00",
    "calendarYear": "1985",
    "period": "FY",
    "revenue": 5639300000,
    "costOfRevenue": 0,
    "grossProfit": 5639300000,
    "grossProfitRatio": 1,
    "researchAndDevelopmentExpenses": 0,
    "generalAndAdministrativeExpenses": 0,
    "sellingAndMarketingExpenses": 0,
    "sellingGeneralAndAdministrativeExpenses": 0,
    "otherExpenses": 5639300000,
    "operatingExpenses": 5639300000,
    "costAndExpenses": 5639300000,
    "interestIncome": 0,
    "interestExpense": 43200000,
    "depreciationAndAmortization": 0,
    "ebitda": 0,
    "ebitdaratio": 0,
    "operatingIncome": 0,
    "operatingIncomeRatio": 0,
    "totalOtherIncomeExpensesNet": 0,
    "incomeBeforeTax": 362400000,
    "incomeBeforeTaxRatio": 0.0642632951,
    "incomeTaxExpense": -11300000,
    "netIncome": 373700000,
    "netIncomeRatio": 0.0662670899,
    "eps": 4.2,
    "epsdiluted": 4.2,
    "weightedAverageShsOut": 87571429,
    "weightedAverageShsOutDil": 87571429,
    "link": "",
    "finalLink": ""
  }
]