[
  {
    "date": "2025-06-30",
    "symbol": "AIZ",
    "reportedCurrency": "USD",
    "cik": "0001267238",
    "fillingDate": "2025-08-07",
    "acceptedDate": "2025-08-07 16:20:58",
    "calendarYear": "2025",
    "period": "Q2",
    "revenue": 3158400000,
    "costOfRevenue": 721500000,
    "grossProfit": 2436900000,
    "grossProfitRatio": 0.7715615502,
    "researchAndDevelopmentExpenses": 0,
    "generalAndAdministrativeExpenses": 0,
    "sellingAndMarketingExpenses": 0,
    "sellingGeneralAndAdministrativeExpenses": 0,
    "otherExpenses": 2121199999,
    "operatingExpenses": 2121199999,
    "costAndExpenses": 2842700000,
    "interestIncome": 0,
    "interestExpense": 26700000,
    "depreciationAndAmortization": 59000000,
    "ebitda": 374700000,
    "ebitdaratio": 0.1186360182,
    "operatingIncome": 315700000,
    "operatingIncomeRatio": 0.0999556738,
    "totalOtherIncomeExpensesNet": -26700000,
    "incomeBeforeTax": 289000000,
    "incomeBeforeTaxRatio": 0.0915020263,
    "incomeTaxExpense": 53700000,
    "netIncome": 235300000,
    "netIncomeRatio": 0.0744997467,
    "eps": 4.6,
    "epsdiluted": 4.56,
    "weightedAverageShsOut": 51135518,
    "weightedAverageShsOutDil": 51572065,
    "link": "https://www.sec.gov/Archives/edgar/data/1267238/000126723825000045/0001267238-25-000045-index.htm",
    "finalLink": "https://www.sec.gov/Archives/edgar/data/1267238/000126723825000045/aiz-20250630.htm"
  },
  {
    "date": "2025-03-31",
    "symbol": "AIZ",
    "reportedCurrency": "USD",
    "cik": "0001267238",
    "fillingDate": "2025-05-08",
    "acceptedDate": "2025-05-08 16:17:55",
    "calendarYear": "2025",
    "period": "Q1",
    "revenue": 3074000000,
    "costOfRevenue": 779700000,
    "grossProfit": 2294300000,
    "grossProfitRatio": 0.7463565387,
    "researchAndDevelopmentExpenses": 0,
    "generalAndAdministrativeExpenses": 0,
    "sellingAndMarketingExpenses": 0,
    "sellingGeneralAndAdministrativeExpenses": 0,
    "otherExpenses": 2110600000,
    "operatingExpenses": 2110600000,
    "costAndExpenses": 2890300000,
    "interestIncome": 0,
    "interestExpense": 26800000,
    "depreciationAndAmortization": 56700000,
    "ebitda": 267200000,
    "ebitdaratio": 0.0869225764,
    "operatingIncome": 183700000,
    "operatingIncomeRatio": 0.0597592713,
    "totalOtherIncomeExpensesNet": 0,
    "incomeBeforeTax": 183700000,
    "incomeBeforeTaxRatio": 0.0597592713,
    "incomeTaxExpense": 37100000,
    "netIncome": 146600000,
    "netIncomeRatio": 0.0476903058,
    "eps": 2.86,
    "epsdiluted": 2.83,
    "weightedAverageShsOut": 51281419,
    "weightedAverageShsOutDil": 51731116,
    "link": "https://www.sec.gov/Archives/edgar/data/1267238/000126723825000026/0001267238-25-000026-index.htm",
    "finalLink": "https://www.sec.gov/Archives/edgar/data/1267238/000126723825000026/aiz-20250331.htm"
  },
  {
    "date": "2024-12-31",
    "symbol": "AIZ",
    "reportedCurrency": "USD",
    "cik": "0001267238",
    "fillingDate": "2025-02-20",
    "acceptedDate": "2025-02-20 16:31:09",
    "calendarYear": "2024",
    "period": "Q4",
    "revenue": 3104800000,
    "costOfRevenue": 670500000,
    "grossProfit": 2434300000,
    "grossProfitRatio": 0.7840440608,
    "researchAndDevelopmentExpenses": 0,
    "generalAndAdministrativeExpenses": 0,
    "sellingAndMarketingExpenses": 0,
    "sellingGeneralAndAdministrativeExpenses": 0,
    "otherExpenses": 2184300000,
    "operatingExpenses": 2184300000,
    "costAndExpenses": 2854800000,
    "interestIncome": 0,
    "interestExpense": 26800000,
    "depreciationAndAmortization": 63900000,
    "ebitda": 340700000,
    "ebitdaratio": 0.1097333162,
    "operatingIncome": 250000000,
    "operatingIncomeRatio": 0.0805204844,
    "totalOtherIncomeExpensesNet": 0,
    "incomeBeforeTax": 250000000,
    "incomeBeforeTaxRatio": 0.0805204844,
    "incomeTaxExpense": 48700000,
    "netIncome": 201300000,
    "netIncomeRatio": 0.064835094,
    "eps": 3.89,
    "epsdiluted": 3.87,
    "weightedAverageShsOut": 51696455,
    "weightedAverageShsOutDil": 52076048,
    "link": "https://www.sec.gov/Archives/edgar/data/1267238/000126723825000008/0001267238-25-000008-index.htm",
    "finalLink": "https://www.sec.gov/Archives/edgar/data/1267238/000126723825000008/aiz-20241231.htm"
  },
  {
    "date": "2024-09-30",
    "symbol": "AIZ",
    "reportedCurrency": "USD",
    "cik": "0001267238",
    "fillingDate": "2024-11-07",
    "acceptedDate": "2024-11-07 16:15:51",
    "calendarYear": "2024",
    "period": "Q3",
    "revenue": 2967700000,
    "costOfRevenue": 776800000,
    "grossProfit": 2190900000,
    "grossProfitRatio": 0.7382484753,
    "researchAndDevelopmentExpenses": 0,
    "generalAndAdministrativeExpenses": 0,
    "sellingAndMarketingExpenses": 0,
    "sellingGeneralAndAdministrativeExpenses": 0,
    "otherExpenses": 2039400000,
    "operatingExpenses": 2039400000,
    "costAndExpenses": 2816200000,
    "interestIncome": 0,
    "interestExpense": 26700000,
    "depreciationAndAmortization": 58500000,
    "ebitda": 236700000,
    "ebitdaratio": 0.0797587357,
    "operatingIncome": 151500000,
    "operatingIncomeRatio": 0.0510496344,
    "totalOtherIncomeExpensesNet": 0,
    "incomeBeforeTax": 151500000,
    "incomeBeforeTaxRatio": 0.0510496344,
    "incomeTaxExpense": 17700000,
    "netIncome": 133800000,
    "netIncomeRatio": 0.0450854197,
    "eps": 2.56,
    "epsdiluted": 2.55,
    "weightedAverageShsOut": 52204057,
    "weightedAverageShsOutDil": 52464522,
    "link": "https://www.sec.gov/Archives/edgar/data/1267238/000126723824000047/0001267238-24-000047-index.htm",
    "finalLink": "https://www.sec.gov/Archives/edgar/data/1267238/000126723824000047/aiz-20240930.htm"
  },
  {
    "date": "2024-06-30",
    "symbol": "AIZ",
    "reportedCurrency": "USD",
    "cik": "0001267238",
    "fillingDate": "2024-08-08",
    "acceptedDate": "2024-08-08 16:47:13",
    "calendarYear": "2024",
    "period": "Q2",
    "revenue": 2924900000,
    "costOfRevenue": 696100000,
    "grossProfit": 2228800000,
    "grossProfitRatio": 0.7620089576,
    "researchAndDevelopmentExpenses": 0,
    "generalAndAdministrativeExpenses": 0,
    "sellingAndMarketingExpenses": 0,
    "sellingGeneralAndAdministrativeExpenses": 0,
    "otherExpenses": 1995900000,
    "operatingExpenses": 1995900000,
    "costAndExpenses": 2692000000,
    "interestIncome": 0,
    "interestExpense": 26700000,
    "depreciationAndAmortization": 50500000,
    "ebitda": 310100000,
    "ebitdaratio": 0.1060207187,
    "operatingIncome": 232900000,
    "operatingIncomeRatio": 0.0796266539,
    "totalOtherIncomeExpensesNet": 0,
    "incomeBeforeTax": 232900000,
    "incomeBeforeTaxRatio": 0.0796266539,
    "incomeTaxExpense": 44200000,
    "netIncome": 188700000,
    "netIncomeRatio": 0.0645150262,
    "eps": 3.59,
    "epsdiluted": 3.58,
    "weightedAverageShsOut": 52500727,
    "weightedAverageShsOutDil": 52717736,
    "link": "https://www.sec.gov/Archives/edgar/data/1267238/000126723824000037/0001267238-24-000037-index.htm",
    "finalLink": "https://www.sec.gov/Archives/edgar/data/1267238/000126723824000037/aiz-20240630.htm"
  },
  {
    "date": "2024-03-31",
    "symbol": "AIZ",
    "reportedCurrency": "USD",
    "cik": "0001267238",
    "fillingDate": "2024-05-09",
    "acceptedDate": "2024-05-09 16:20:12",
    "calendarYear": "2024",
    "period": "Q1",
    "revenue": 2880100000,
    "costOfRevenue": 623100000,
    "grossProfit": 2257000000,
    "grossProfitRatio": 0.7836533454,
    "researchAndDevelopmentExpenses": 0,
    "generalAndAdministrativeExpenses": 0,
    "sellingAndMarketingExpenses": 0,
    "sellingGeneralAndAdministrativeExpenses": 0,
    "otherExpenses": 1964100000,
    "operatingExpenses": 1964100000,
    "costAndExpenses": 2587200000,
    "interestIncome": 0,
    "interestExpense": 26800000,
    "depreciationAndAmortization": 50600000,
    "ebitda": 370300000,
    "ebitdaratio": 0.1285719246,
    "operatingIncome": 319700000,
    "operatingIncomeRatio": 0.1110030902,
    "totalOtherIncomeExpensesNet": -26800000,
    "incomeBeforeTax": 292900000,
    "incomeBeforeTaxRatio": 0.1016978577,
    "incomeTaxExpense": 56500000,
    "netIncome": 236400000,
    "netIncomeRatio": 0.0820804833,
    "eps": 4.5,
    "epsdiluted": 4.47,
    "weightedAverageShsOut": 52531865,
    "weightedAverageShsOutDil": 52872254,
    "link": "https://www.sec.gov/Archives/edgar/data/1267238/000126723824000026/0001267238-24-000026-index.htm",
    "finalLink": "https://www.sec.gov/Archives/edgar/data/1267238/000126723824000026/aiz-20240331.htm"
  },
  {
    "date": "2023-12-31",
    "symbol": "AIZ",
    "reportedCurrency": "USD",
    "cik": "0001267238",
    "fillingDate": "2024-02-15",
    "acceptedDate": "2024-02-15 16:55:44",
    "calendarYear": "2023",
    "period": "Q4",
    "revenue": 2983100000,
    "costOfRevenue": 0,
    "grossProfit": 2983100000,
    "grossProfitRatio": 1,
    "researchAndDevelopmentExpenses": 0,
    "generalAndAdministrativeExpenses": 0,
    "sellingAndMarketingExpenses": 0,
    "sellingGeneralAndAdministrativeExpenses": 2130600000,
    "otherExpenses": -2756500000,
    "operatingExpenses": -2756500000,
    "costAndExpenses": 2756500000,
    "interestIncome": 0,
    "interestExpense": 26800000,
    "depreciationAndAmortization": 54000000,
    "ebitda": 112200000,
    "ebitdaratio": 0.0376118803,
    "operatingIncome": 226600000,
    "operatingIncomeRatio": 0.0759612484,
    "totalOtherIncomeExpensesNet": 143200000,
    "incomeBeforeTax": 226600000,
    "incomeBeforeTaxRatio": 0.0759612484,
    "incomeTaxExpense": 44100000,
    "netIncome": 182500000,
    "netIncomeRatio": 0.0611779692,
    "eps": 3.44,
    "epsdiluted": 3.42,
    "weightedAverageShsOut": 53050518,
    "weightedAverageShsOutDil": 53434515,
    "link": "https://www.sec.gov/Archives/edgar/data/1267238/000126723824000008/0001267238-24-000008-index.htm",
    "finalLink": "https://www.sec.gov/Archives/edgar/data/1267238/000126723824000008/aiz-20231231.htm"
  },
  {
    "date": "2023-09-30",
    "symbol": "AIZ",
    "reportedCurrency": "USD",
    "cik": "0001267238",
    "fillingDate": "2023-11-02",
    "acceptedDate": "2023-11-02 16:22:06",
    "calendarYear": "2023",
    "period": "Q3",
    "revenue": 2774100000,
    "costOfRevenue": 0,
    "grossProfit": 2774100000,
    "grossProfitRatio": 1,
    "researchAndDevelopmentExpenses": 0,
    "generalAndAdministrativeExpenses": 0,
    "sellingAndMarketingExpenses": 0,
    "sellingGeneralAndAdministrativeExpenses": 1873700000,
    "otherExpenses": -1873700000,
    "operatingExpenses": 1873700000,
    "costAndExpenses": 2545300000,
    "interestIncome": 0,
    "interestExpense": 27000000,
    "depreciationAndAmortization": 45900000,
    "ebitda": 301700000,
    "ebitdaratio": 0.1087559929,
    "operatingIncome": 228800000,
    "operatingIncomeRatio": 0.0824771998,
    "totalOtherIncomeExpensesNet": 228800000,
    "incomeBeforeTax": 228800000,
    "incomeBeforeTaxRatio": 0.0824771998,
    "incomeTaxExpense": 38700000,
    "netIncome": 190100000,
    "netIncomeRatio": 0.0685267294,
    "eps": 3.55,
    "epsdiluted": 3.54,
    "weightedAverageShsOut": 53535982,
    "weightedAverageShsOutDil": 53745173,
    "link": "https://www.sec.gov/Archives/edgar/data/1267238/000126723823000052/0001267238-23-000052-index.htm",
    "finalLink": "https://www.sec.gov/Archives/edgar/data/1267238/000126723823000052/aiz-20230930.htm"
  },
  {
    "date": "2023-06-30",
    "symbol": "AIZ",
    "reportedCurrency": "USD",
    "cik": "0001267238",
    "fillingDate": "2023-08-03",
    "acceptedDate": "2023-08-03 16:15:28",
    "calendarYear": "2023",
    "period": "Q2",
    "revenue": 2731600000,
    "costOfRevenue": 0,
    "grossProfit": 2731600000,
    "grossProfitRatio": 1,
    "researchAndDevelopmentExpenses": 0,
    "generalAndAdministrativeExpenses": 0,
    "sellingAndMarketingExpenses": 0,
    "sellingGeneralAndAdministrativeExpenses": 1867600000,
    "otherExpenses": -1867600000,
    "operatingExpenses": 1867600000,
    "costAndExpenses": 2527300000,
    "interestIncome": 0,
    "interestExpense": 27200000,
    "depreciationAndAmortization": 47200000,
    "ebitda": 278700000,
    "ebitdaratio": 0.1020281154,
    "operatingIncome": 204300000,
    "operatingIncomeRatio": 0.0747913311,
    "totalOtherIncomeExpensesNet": 204300000,
    "incomeBeforeTax": 204300000,
    "incomeBeforeTaxRatio": 0.0747913311,
    "incomeTaxExpense": 48000000,
    "netIncome": 156300000,
    "netIncomeRatio": 0.0572192122,
    "eps": 2.91,
    "epsdiluted": 2.9,
    "weightedAverageShsOut": 53745611,
    "weightedAverageShsOutDil": 53889682,
    "link": "https://www.sec.gov/Archives/edgar/data/1267238/000126723823000041/0001267238-23-000041-index.htm",
    "finalLink": "https://www.sec.gov/Archives/edgar/data/1267238/000126723823000041/aiz-20230630.htm"
  },
  {
    "date": "2023-03-31",
    "symbol": "AIZ",
    "reportedCurrency": "USD",
    "cik": "0001267238",
    "fillingDate": "2023-05-04",
    "acceptedDate": "2023-05-04 16:17:09",
    "calendarYear": "2023",
    "period": "Q1",
    "revenue": 2642800000,
    "costOfRevenue": 0,
    "grossProfit": 2642800000,
    "grossProfitRatio": 1,
    "researchAndDevelopmentExpenses": 0,
    "generalAndAdministrativeExpenses": 0,
    "sellingAndMarketingExpenses": 0,
    "sellingGeneralAndAdministrativeExpenses": 1823200000,
    "otherExpenses": -1823200000,
    "operatingExpenses": 1823200000,
    "costAndExpenses": 2495700000,
    "interestIncome": 0,
    "interestExpense": 27000000,
    "depreciationAndAmortization": 48100000,
    "ebitda": 222200000,
    "ebitdaratio": 0.0840774936,
    "operatingIncome": 126000000,
    "operatingIncomeRatio": 0.0476767065,
    "totalOtherIncomeExpensesNet": -2495700000,
    "incomeBeforeTax": 147100000,
    "incomeBeforeTaxRatio": 0.0556606629,
    "incomeTaxExpense": 33500000,
    "netIncome": 113600000,
    "netIncomeRatio": 0.0429847132,
    "eps": 2.12,
    "epsdiluted": 2.12,
    "weightedAverageShsOut": 53492413,
    "weightedAverageShsOutDil": 53698162,
    "link": "https://www.sec.gov/Archives/edgar/data/1267238/000126723823000029/0001267238-23-000029-index.htm",
    "finalLink": "https://www.sec.gov/Archives/edgar/data/1267238/000126723823000029/aiz-20230331.htm"
  },
  {
    "date": "2022-12-31",
    "symbol": "AIZ",
    "reportedCurrency": "USD",
    "cik": "0001267238",
    "fillingDate": "2023-02-17",
    "acceptedDate": "2023-02-17 16:12:13",
    "calendarYear": "2022",
    "period": "Q4",
    "revenue": 2652800000,
    "costOfRevenue": 0,
    "grossProfit": 2652800000,
    "grossProfitRatio": 1,
    "researchAndDevelopmentExpenses": 0,
    "generalAndAdministrativeExpenses": 0,
    "sellingAndMarketingExpenses": 0,
    "sellingGeneralAndAdministrativeExpenses": 3712100000,
    "otherExpenses": -1921500000,
    "operatingExpenses": 3712100000,
    "costAndExpenses": 2556500000,
    "interestIncome": 0,
    "interestExpense": 27900000,
    "depreciationAndAmortization": 39400000,
    "ebitda": 163600000,
    "ebitdaratio": 0.0616706876,
    "operatingIncome": 124200000,
    "operatingIncomeRatio": 0.046818456,
    "totalOtherIncomeExpensesNet": -2538500000,
    "incomeBeforeTax": 96300000,
    "incomeBeforeTaxRatio": 0.0363012666,
    "incomeTaxExpense": 28200000,
    "netIncome": 68100000,
    "netIncomeRatio": 0.0256709891,
    "eps": 1.27,
    "epsdiluted": 1.27,
    "weightedAverageShsOut": 53415238,
    "weightedAverageShsOutDil": 53773862,
    "link": "https://www.sec.gov/Archives/edgar/data/1267238/000126723823000007/0001267238-23-000007-index.htm",
    "finalLink": "https://www.sec.gov/Archives/edgar/data/1267238/000126723823000007/aiz-20221231.htm"
  },
  {
    "date": "2022-09-30",
    "symbol": "AIZ",
    "reportedCurrency": "USD",
    "cik": "0001267238",
    "fillingDate": "2022-11-03",
    "acceptedDate": "2022-11-03 16:18:08",
    "calendarYear": "2022",
    "period": "Q3",
    "revenue": 2547800000,
    "costOfRevenue": 0,
    "grossProfit": 2547800000,
    "grossProfitRatio": 1,
    "researchAndDevelopmentExpenses": 0,
    "generalAndAdministrativeExpenses": 0,
    "sellingAndMarketingExpenses": 0,
    "sellingGeneralAndAdministrativeExpenses": 1842500000,
    "otherExpenses": -1842500000,
    "operatingExpenses": 1842500000,
    "costAndExpenses": 2539300000,
    "interestIncome": 0,
    "interestExpense": 26300000,
    "depreciationAndAmortization": 44800000,
    "ebitda": 79600000,
    "ebitdaratio": 0.0312426407,
    "operatingIncome": 34800000,
    "operatingIncomeRatio": 0.0136588429,
    "totalOtherIncomeExpensesNet": 1200000,
    "incomeBeforeTax": 8500000,
    "incomeBeforeTaxRatio": 0.0033362116,
    "incomeTaxExpense": 1200000,
    "netIncome": 7300000,
    "netIncomeRatio": 0.0028652171,
    "eps": 0.14,
    "epsdiluted": 0.14,
    "weightedAverageShsOut": 53717373,
    "weightedAverageShsOutDil": 54066605,
    "link": "https://www.sec.gov/Archives/edgar/data/1267238/000126723822000040/0001267238-22-000040-index.htm",
    "finalLink": "https://www.sec.gov/Archives/edgar/data/1267238/000126723822000040/aiz-20220930.htm"
  },
  {
    "date": "2022-06-30",
    "symbol": "AIZ",
    "reportedCurrency": "USD",
    "cik": "0001267238",
    "fillingDate": "2022-08-04",
    "acceptedDate": "2022-08-04 16:24:51",
    "calendarYear": "2022",
    "period": "Q2",
    "revenue": 2509700000,
    "costOfRevenue": 0,
    "grossProfit": 2509700000,
    "grossProfitRatio": 1,
    "researchAndDevelopmentExpenses": 0,
    "generalAndAdministrativeExpenses": 0,
    "sellingAndMarketingExpenses": 0,
    "sellingGeneralAndAdministrativeExpenses": 1811700000,
    "otherExpenses": -1811700000,
    "operatingExpenses": 2412600000,
    "costAndExpenses": 2439800000,
    "interestIncome": 0,
    "interestExpense": 27200000,
    "depreciationAndAmortization": 48100000,
    "ebitda": 145200000,
    "ebitdaratio": 0.0578555206,
    "operatingIncome": 98200000,
    "operatingIncomeRatio": 0.0391281827,
    "totalOtherIncomeExpensesNet": 17700000,
    "incomeBeforeTax": 69900000,
    "incomeBeforeTaxRatio": 0.0278519345,
    "incomeTaxExpense": 17700000,
    "netIncome": 52200000,
    "netIncomeRatio": 0.0207992987,
    "eps": 0.96,
    "epsdiluted": 0.95,
    "weightedAverageShsOut": 54607321,
    "weightedAverageShsOutDil": 55014947,
    "link": "https://www.sec.gov/Archives/edgar/data/1267238/000126723822000031/0001267238-22-000031-index.htm",
    "finalLink": "https://www.sec.gov/Archives/edgar/data/1267238/000126723822000031/aiz-20220630.htm"
  },
  {
    "date": "2022-03-31",
    "symbol": "AIZ",
    "reportedCurrency": "USD",
    "cik": "0001267238",
    "fillingDate": "2022-05-05",
    "acceptedDate": "2022-05-05 16:21:19",
    "calendarYear": "2022",
    "period": "Q1",
    "revenue": 2482700000,
    "costOfRevenue": 0,
    "grossProfit": 2482700000,
    "grossProfitRatio": 1,
    "researchAndDevelopmentExpenses": 0,
    "generalAndAdministrativeExpenses": 0,
    "sellingAndMarketingExpenses": 0,
    "sellingGeneralAndAdministrativeExpenses": 1790500000,
    "otherExpenses": -2307500000,
    "operatingExpenses": -2307500000,
    "costAndExpenses": 2307500000,
    "interestIncome": 0,
    "interestExpense": 26900000,
    "depreciationAndAmortization": 47300000,
    "ebitda": 245000000,
    "ebitdaratio": 0.0986828856,
    "operatingIncome": 175200000,
    "operatingIncomeRatio": 0.0705683329,
    "totalOtherIncomeExpensesNet": -2307500000,
    "incomeBeforeTax": 175200000,
    "incomeBeforeTaxRatio": 0.0705683329,
    "incomeTaxExpense": 26200000,
    "netIncome": 149000000,
    "netIncomeRatio": 0.0600153059,
    "eps": 2.67,
    "epsdiluted": 2.65,
    "weightedAverageShsOut": 55779362,
    "weightedAverageShsOutDil": 56180404,
    "link": "https://www.sec.gov/Archives/edgar/data/1267238/000126723822000017/0001267238-22-000017-index.htm",
    "finalLink": "https://www.sec.gov/Archives/edgar/data/1267238/000126723822000017/aiz-20220331.htm"
  },
  {
    "date": "2021-12-31",
    "symbol": "AIZ",
    "reportedCurrency": "USD",
    "cik": "0001267238",
    "fillingDate": "2022-02-22",
    "acceptedDate": "2022-02-22 16:24:39",
    "calendarYear": "2021",
    "period": "Q4",
    "revenue": 2574900000,
    "costOfRevenue": 0,
    "grossProfit": 2574900000,
    "grossProfitRatio": 1,
    "researchAndDevelopmentExpenses": 0,
    "generalAndAdministrativeExpenses": 3240600000,
    "sellingAndMarketingExpenses": -1369100000,
    "sellingGeneralAndAdministrativeExpenses": 1871500000,
    "otherExpenses": -1871500000,
    "operatingExpenses": 1871500000,
    "costAndExpenses": 2413100000,
    "interestIncome": 0,
    "interestExpense": 27100000,
    "depreciationAndAmortization": 37200000,
    "ebitda": 226100000,
    "ebitdaratio": 0.0878092353,
    "operatingIncome": 158700000,
    "operatingIncomeRatio": 0.0616334615,
    "totalOtherIncomeExpensesNet": -451700000,
    "incomeBeforeTax": 161800000,
    "incomeBeforeTaxRatio": 0.0628373917,
    "incomeTaxExpense": 35100000,
    "netIncome": 123600000,
    "netIncomeRatio": 0.0480018642,
    "eps": 2.21,
    "epsdiluted": 2.2,
    "weightedAverageShsOut": 57274878,
    "weightedAverageShsOutDil": 57728138,
    "link": "https://www.sec.gov/Archives/edgar/data/1267238/000126723822000006/0001267238-22-000006-index.htm",
    "finalLink": "https://www.sec.gov/Archives/edgar/data/1267238/000126723822000006/aiz-20211231.htm"
  },
  {
    "date": "2021-09-30",
    "symbol": "AIZ",
    "reportedCurrency": "USD",
    "cik": "0001267238",
    "fillingDate": "2021-11-04",
    "acceptedDate": "2021-11-04 16:13:22",
    "calendarYear": "2021",
    "period": "Q3",
    "revenue": 2637800000,
    "costOfRevenue": 0,
    "grossProfit": 2637800000,
    "grossProfitRatio": 1,
    "researchAndDevelopmentExpenses": 0,
    "generalAndAdministrativeExpenses": 818300000,
    "sellingAndMarketingExpenses": 965600000,
    "sellingGeneralAndAdministrativeExpenses": 1783900000,
    "otherExpenses": -1783900000,
    "operatingExpenses": 1783900000,
    "costAndExpenses": 2449600000,
    "interestIncome": 0,
    "interestExpense": 27500000,
    "depreciationAndAmortization": 41900000,
    "ebitda": 260900000,
    "ebitdaratio": 0.0989081811,
    "operatingIncome": 917000000,
    "operatingIncomeRatio": 0.3476381833,
    "totalOtherIncomeExpensesNet": -2449600000,
    "incomeBeforeTax": 188200000,
    "incomeBeforeTaxRatio": 0.0713473349,
    "incomeTaxExpense": 37200000,
    "netIncome": 879800000,
    "netIncomeRatio": 0.333535522,
    "eps": 14.88,
    "epsdiluted": 14.79,
    "weightedAverageShsOut": 59126313,
    "weightedAverageShsOutDil": 59479464,
    "link": "https://www.sec.gov/Archives/edgar/data/1267238/000126723821000045/0001267238-21-000045-index.htm",
    "finalLink": "https://www.sec.gov/Archives/edgar/data/1267238/000126723821000045/aiz-20210930.htm"
  },
  {
    "date": "2021-06-30",
    "symbol": "AIZ",
    "reportedCurrency": "USD",
    "cik": "0001267238",
    "fillingDate": "2021-08-05",
    "acceptedDate": "2021-08-05 16:07:25",
    "calendarYear": "2021",
    "period": "Q2",
    "revenue": 2542300000,
    "costOfRevenue": 0,
    "grossProfit": 2542300000,
    "grossProfitRatio": 1,
    "researchAndDevelopmentExpenses": 0,
    "generalAndAdministrativeExpenses": 747200000,
    "sellingAndMarketingExpenses": 991400000,
    "sellingGeneralAndAdministrativeExpenses": 1738600000,
    "otherExpenses": -1738600000,
    "operatingExpenses": 1738600000,
    "costAndExpenses": 2302600000,
    "interestIncome": 0,
    "interestExpense": 28800000,
    "depreciationAndAmortization": 42700000,
    "ebitda": 309300000,
    "ebitdaratio": 0.1216614876,
    "operatingIncome": 258400000,
    "operatingIncomeRatio": 0.101640247,
    "totalOtherIncomeExpensesNet": -2302600000,
    "incomeBeforeTax": 239700000,
    "incomeBeforeTaxRatio": 0.0942847028,
    "incomeTaxExpense": 52600000,
    "netIncome": 205800000,
    "netIncomeRatio": 0.0809503206,
    "eps": 3.38,
    "epsdiluted": 3.36,
    "weightedAverageShsOut": 60990609,
    "weightedAverageShsOutDil": 61322556,
    "link": "https://www.sec.gov/Archives/edgar/data/1267238/000126723821000035/0001267238-21-000035-index.htm",
    "finalLink": "https://www.sec.gov/Archives/edgar/data/1267238/000126723821000035/aiz-20210630.htm"
  },
  {
    "date": "2021-03-31",
    "symbol": "AIZ",
    "reportedCurrency": "USD",
    "cik": "0001267238",
    "fillingDate": "2021-05-06",
    "acceptedDate": "2021-05-06 17:02:03",
    "calendarYear": "2021",
    "period": "Q1",
    "revenue": 2432600000,
    "costOfRevenue": 0,
    "grossProfit": 2432600000,
    "grossProfitRatio": 1,
    "researchAndDevelopmentExpenses": 0,
    "generalAndAdministrativeExpenses": 735700000,
    "sellingAndMarketingExpenses": 946700000,
    "sellingGeneralAndAdministrativeExpenses": 1682400000,
    "otherExpenses": -1682400000,
    "operatingExpenses": 1682400000,
    "costAndExpenses": 2239500000,
    "interestIncome": 0,
    "interestExpense": 28400000,
    "depreciationAndAmortization": 41400000,
    "ebitda": 262900000,
    "ebitdaratio": 0.108073666,
    "operatingIncome": 202900000,
    "operatingIncomeRatio": 0.0834086985,
    "totalOtherIncomeExpensesNet": 44600000,
    "incomeBeforeTax": 193100000,
    "incomeBeforeTaxRatio": 0.0793800871,
    "incomeTaxExpense": 44600000,
    "netIncome": 158300000,
    "netIncomeRatio": 0.065074406,
    "eps": 2.67,
    "epsdiluted": 2.64,
    "weightedAverageShsOut": 59192880,
    "weightedAverageShsOutDil": 61783392,
    "link": "https://www.sec.gov/Archives/edgar/data/1267238/000126723821000016/0001267238-21-000016-index.htm",
    "finalLink": "https://www.sec.gov/Archives/edgar/data/1267238/000126723821000016/aiz-20210331.htm"
  },
  {
    "date": "2020-12-31",
    "symbol": "AIZ",
    "reportedCurrency": "USD",
    "cik": "0001267238",
    "fillingDate": "2021-02-19",
    "acceptedDate": "2021-02-19 16:44:57",
    "calendarYear": "2020",
    "period": "Q4",
    "revenue": 2553100000,
    "costOfRevenue": 0,
    "grossProfit": 2553100000,
    "grossProfitRatio": 1,
    "researchAndDevelopmentExpenses": 0,
    "generalAndAdministrativeExpenses": 1967500000,
    "sellingAndMarketingExpenses": -302700000,
    "sellingGeneralAndAdministrativeExpenses": 1664800000,
    "otherExpenses": -2124500000,
    "operatingExpenses": 2226500000,
    "costAndExpenses": 2369700000,
    "interestIncome": 0,
    "interestExpense": 26800000,
    "depreciationAndAmortization": 39200000,
    "ebitda": 249400000,
    "ebitdaratio": 0.0976851671,
    "operatingIncome": 178900000,
    "operatingIncomeRatio": 0.0700716776,
    "totalOtherIncomeExpensesNet": 685100000,
    "incomeBeforeTax": 183400000,
    "incomeBeforeTaxRatio": 0.0718342407,
    "incomeTaxExpense": 44400000,
    "netIncome": 134500000,
    "netIncomeRatio": 0.0526810544,
    "eps": 2.27,
    "epsdiluted": 2.23,
    "weightedAverageShsOut": 59310101,
    "weightedAverageShsOutDil": 62399318,
    "link": "https://www.sec.gov/Archives/edgar/data/1267238/000126723821000010/0001267238-21-000010-index.htm",
    "finalLink": "https://www.sec.gov/Archives/edgar/data/1267238/000126723821000010/aiz-20201231.htm"
  },
  {
    "date": "2020-09-30",
    "symbol": "AIZ",
    "reportedCurrency": "USD",
    "cik": "0001267238",
    "fillingDate": "2020-11-05",
    "acceptedDate": "2020-11-05 16:05:01",
    "calendarYear": "2020",
    "period": "Q3",
    "revenue": 2376700000,
    "costOfRevenue": 0,
    "grossProfit": 2376700000,
    "grossProfitRatio": 1,
    "researchAndDevelopmentExpenses": 0,
    "generalAndAdministrativeExpenses": 687500000,
    "sellingAndMarketingExpenses": 946200000,
    "sellingGeneralAndAdministrativeExpenses": 1633700000,
    "otherExpenses": 0,
    "operatingExpenses": 2238700000,
    "costAndExpenses": 2264200000,
    "interestIncome": 0,
    "interestExpense": 25500000,
    "depreciationAndAmortization": 39500000,
    "ebitda": 60900000,
    "ebitdaratio": 0.025623764,
    "operatingIncome": -10400000,
    "operatingIncomeRatio": -0.0043758152,
    "totalOtherIncomeExpensesNet": 229100000,
    "incomeBeforeTax": 112500000,
    "incomeBeforeTaxRatio": 0.0473345395,
    "incomeTaxExpense": 24500000,
    "netIncome": -34900000,
    "netIncomeRatio": -0.014684226,
    "eps": -0.58,
    "epsdiluted": -0.58,
    "weightedAverageShsOut": 60190103,
    "weightedAverageShsOutDil": 60425722,
    "link": "https://www.sec.gov/Archives/edgar/data/1267238/000126723820000055/0001267238-20-000055-index.htm",
    "finalLink": "https://www.sec.gov/Archives/edgar/data/1267238/000126723820000055/aiz-20200930.htm"
  },
  {
    "date": "2020-06-30",
    "symbol": "AIZ",
    "reportedCurrency": "USD",
    "cik": "0001267238",
    "fillingDate": "2020-08-07",
    "acceptedDate": "2020-08-07 16:04:58",
    "calendarYear": "2020",
    "period": "Q2",
    "revenue": 2331200000,
    "costOfRevenue": 0,
    "grossProfit": 2331200000,
    "grossProfitRatio": 1,
    "researchAndDevelopmentExpenses": 0,
    "generalAndAdministrativeExpenses": 736200000,
    "sellingAndMarketingExpenses": 885300000,
    "sellingGeneralAndAdministrativeExpenses": 1621500000,
    "otherExpenses": 0,
    "operatingExpenses": 2116000000,
    "costAndExpenses": 2121900000,
    "interestIncome": 0,
    "interestExpense": 26700000,
    "depreciationAndAmortization": 32200000,
    "ebitda": 971700000,
    "ebitdaratio": 0.4168239533,
    "operatingIncome": 218100000,
    "operatingIncomeRatio": 0.0935569664,
    "totalOtherIncomeExpensesNet": -494200000,
    "incomeBeforeTax": 209300000,
    "incomeBeforeTaxRatio": 0.0897820865,
    "incomeTaxExpense": 44600000,
    "netIncome": 173500000,
    "netIncomeRatio": 0.0744251887,
    "eps": 2.87,
    "epsdiluted": 2.81,
    "weightedAverageShsOut": 60363577,
    "weightedAverageShsOutDil": 63347189,
    "link": "https://www.sec.gov/Archives/edgar/data/1267238/000126723820000040/0001267238-20-000040-index.htm",
    "finalLink": "https://www.sec.gov/Archives/edgar/data/1267238/000126723820000040/aiz-2020063010q.htm"
  },
  {
    "date": "2020-03-31",
    "symbol": "AIZ",
    "reportedCurrency": "USD",
    "cik": "0001267238",
    "fillingDate": "2020-05-08",
    "acceptedDate": "2020-05-08 16:06:36",
    "calendarYear": "2020",
    "period": "Q1",
    "revenue": 2448700000,
    "costOfRevenue": 0,
    "grossProfit": 2448700000,
    "grossProfitRatio": 1,
    "researchAndDevelopmentExpenses": 0,
    "generalAndAdministrativeExpenses": 908100000,
    "sellingAndMarketingExpenses": 914200000,
    "sellingGeneralAndAdministrativeExpenses": 1822300000,
    "otherExpenses": 0,
    "operatingExpenses": 2323100000,
    "costAndExpenses": 2348600000,
    "interestIncome": 0,
    "interestExpense": 25500000,
    "depreciationAndAmortization": 32500000,
    "ebitda": 783100000,
    "ebitdaratio": 0.3198023441,
    "operatingIncome": 101500000,
    "operatingIncomeRatio": 0.0414505656,
    "totalOtherIncomeExpensesNet": -524900000,
    "incomeBeforeTax": 100100000,
    "incomeBeforeTaxRatio": 0.0408788337,
    "incomeTaxExpense": -48500000,
    "netIncome": 150000000,
    "netIncomeRatio": 0.0612569935,
    "eps": 2.48,
    "epsdiluted": 2.43,
    "weightedAverageShsOut": 60602911,
    "weightedAverageShsOutDil": 63626926,
    "link": "https://www.sec.gov/Archives/edgar/data/1267238/000126723820000018/0001267238-20-000018-index.htm",
    "finalLink": "https://www.sec.gov/Archives/edgar/data/1267238/000126723820000018/aiz-2020033110q.htm"
  },
  {
    "date": "2019-12-31",
    "symbol": "AIZ",
    "reportedCurrency": "USD",
    "cik": "0001267238",
    "fillingDate": "2020-02-19",
    "acceptedDate": "2020-02-19 17:13:43",
    "calendarYear": "2019",
    "period": "Q4",
    "revenue": 2609000000,
    "costOfRevenue": 0,
    "grossProfit": 2609000000,
    "grossProfitRatio": 1,
    "researchAndDevelopmentExpenses": 0,
    "generalAndAdministrativeExpenses": 1730700000,
    "sellingAndMarketingExpenses": -8800000,
    "sellingGeneralAndAdministrativeExpenses": 1721900000,
    "otherExpenses": -1992800000,
    "operatingExpenses": 2355400000,
    "costAndExpenses": 2430200000,
    "interestIncome": 0,
    "interestExpense": 25400000,
    "depreciationAndAmortization": 38400000,
    "ebitda": 242600000,
    "ebitdaratio": 0.0929858183,
    "operatingIncome": 172900000,
    "operatingIncomeRatio": 0.0662706018,
    "totalOtherIncomeExpensesNet": -2380800000,
    "incomeBeforeTax": 178800000,
    "incomeBeforeTaxRatio": 0.0685320046,
    "incomeTaxExpense": 50000000,
    "netIncome": 122900000,
    "netIncomeRatio": 0.0471061709,
    "eps": 2.01,
    "epsdiluted": 1.98,
    "weightedAverageShsOut": 61167672,
    "weightedAverageShsOutDil": 64266672,
    "link": "https://www.sec.gov/Archives/edgar/data/1267238/000126723820000004/0001267238-20-000004-index.htm",
    "finalLink": "https://www.sec.gov/Archives/edgar/data/1267238/000126723820000004/aiz1231201910k.htm"
  },
  {
    "date": "2019-09-30",
    "symbol": "AIZ",
    "reportedCurrency": "USD",
    "cik": "0001267238",
    "fillingDate": "2019-11-07",
    "acceptedDate": "2019-11-07 16:05:26",
    "calendarYear": "2019",
    "period": "Q3",
    "revenue": 2494900000,
    "costOfRevenue": 0,
    "grossProfit": 2494900000,
    "grossProfitRatio": 1,
    "researchAndDevelopmentExpenses": 0,
    "generalAndAdministrativeExpenses": 764500000,
    "sellingAndMarketingExpenses": 990600000,
    "sellingGeneralAndAdministrativeExpenses": 1755100000,
    "otherExpenses": 0,
    "operatingExpenses": 2370600000,
    "costAndExpenses": 2519500000,
    "interestIncome": 0,
    "interestExpense": 32200000,
    "depreciationAndAmortization": 27300000,
    "ebitda": 34900000,
    "ebitdaratio": 0.0139885366,
    "operatingIncome": -30900000,
    "operatingIncomeRatio": -0.0123852659,
    "totalOtherIncomeExpensesNet": -24600000,
    "incomeBeforeTax": -24600000,
    "incomeBeforeTaxRatio": -0.0098601146,
    "incomeTaxExpense": 28600000,
    "netIncome": -59500000,
    "netIncomeRatio": -0.0238486512,
    "eps": -0.96,
    "epsdiluted": -0.96,
    "weightedAverageShsOut": 61804492,
    "weightedAverageShsOutDil": 61804492,
    "link": "https://www.sec.gov/Archives/edgar/data/1267238/000126723819000015/0001267238-19-000015-index.htm",
    "finalLink": "https://www.sec.gov/Archives/edgar/data/1267238/000126723819000015/aiz-2019093010q.htm"
  },
  {
    "date": "2019-06-30",
    "symbol": "AIZ",
    "reportedCurrency": "USD",
    "cik": "0001267238",
    "fillingDate": "2019-08-08",
    "acceptedDate": "2019-08-08 16:08:33",
    "calendarYear": "2019",
    "period": "Q2",
    "revenue": 2540800000,
    "costOfRevenue": 0,
    "grossProfit": 2540800000,
    "grossProfitRatio": 1,
    "researchAndDevelopmentExpenses": 0,
    "generalAndAdministrativeExpenses": 832900000,
    "sellingAndMarketingExpenses": 815800000,
    "sellingGeneralAndAdministrativeExpenses": 1648700000,
    "otherExpenses": 0,
    "operatingExpenses": 2326500000,
    "costAndExpenses": 2357500000,
    "interestIncome": 0,
    "interestExpense": 26500000,
    "depreciationAndAmortization": 30400000,
    "ebitda": 240200000,
    "ebitdaratio": 0.0945371537,
    "operatingIncome": 180200000,
    "operatingIncomeRatio": 0.0709225441,
    "totalOtherIncomeExpensesNet": -2353000000,
    "incomeBeforeTax": 183300000,
    "incomeBeforeTaxRatio": 0.0721426322,
    "incomeTaxExpense": 40700000,
    "netIncome": 139500000,
    "netIncomeRatio": 0.0549039673,
    "eps": 2.24,
    "epsdiluted": 2.21,
    "weightedAverageShsOut": 62222090,
    "weightedAverageShsOutDil": 65288447,
    "link": "https://www.sec.gov/Archives/edgar/data/1267238/000162828019010450/0001628280-19-010450-index.htm",
    "finalLink": "https://www.sec.gov/Archives/edgar/data/1267238/000162828019010450/aiz-2019063010q.htm"
  },
  {
    "date": "2019-03-31",
    "symbol": "AIZ",
    "reportedCurrency": "USD",
    "cik": "0001267238",
    "fillingDate": "2019-05-08",
    "acceptedDate": "2019-05-08 16:29:00",
    "calendarYear": "2019",
    "period": "Q1",
    "revenue": 2427800000,
    "costOfRevenue": 0,
    "grossProfit": 2427800000,
    "grossProfitRatio": 1,
    "researchAndDevelopmentExpenses": 0,
    "generalAndAdministrativeExpenses": 800100000,
    "sellingAndMarketingExpenses": 777300000,
    "sellingGeneralAndAdministrativeExpenses": 1577400000,
    "otherExpenses": 0,
    "operatingExpenses": 2191900000,
    "costAndExpenses": 2210800000,
    "interestIncome": 0,
    "interestExpense": 26500000,
    "depreciationAndAmortization": 29700000,
    "ebitda": 273200000,
    "ebitdaratio": 0.1125298624,
    "operatingIncome": 209400000,
    "operatingIncomeRatio": 0.0862509268,
    "totalOtherIncomeExpensesNet": -2218400000,
    "incomeBeforeTax": 217000000,
    "incomeBeforeTaxRatio": 0.0893813329,
    "incomeTaxExpense": 48400000,
    "netIncome": 161000000,
    "netIncomeRatio": 0.0663151825,
    "eps": 2.57,
    "epsdiluted": 2.52,
    "weightedAverageShsOut": 62594828,
    "weightedAverageShsOutDil": 65777945,
    "link": "https://www.sec.gov/Archives/edgar/data/1267238/000162828019006272/0001628280-19-006272-index.htm",
    "finalLink": "https://www.sec.gov/Archives/edgar/data/1267238/000162828019006272/aiz-2019033110q.htm"
  },
  {
    "date": "2018-12-31",
    "symbol": "AIZ",
    "reportedCurrency": "USD",
    "cik": "0001267238",
    "fillingDate": "2019-02-22",
    "acceptedDate": "2019-02-22 16:48:45",
    "calendarYear": "2018",
    "period": "Q4",
    "revenue": 2306300000,
    "costOfRevenue": 0,
    "grossProfit": 2306300000,
    "grossProfitRatio": 1,
    "researchAndDevelopmentExpenses": 0,
    "generalAndAdministrativeExpenses": 809500000,
    "sellingAndMarketingExpenses": 681800000,
    "sellingGeneralAndAdministrativeExpenses": 1491300000,
    "otherExpenses": -1660100000,
    "operatingExpenses": 2247800000,
    "costAndExpenses": 2263400000,
    "interestIncome": 0,
    "interestExpense": 26300000,
    "depreciationAndAmortization": -97300000,
    "ebitda": 0,
    "ebitdaratio": 0,
    "operatingIncome": 36600000,
    "operatingIncomeRatio": 0.0158695746,
    "totalOtherIncomeExpensesNet": -2274100000,
    "incomeBeforeTax": 42900000,
    "incomeBeforeTaxRatio": 0.0186012227,
    "incomeTaxExpense": 16300000,
    "netIncome": 20300000,
    "netIncomeRatio": 0.0088019772,
    "eps": 0.32,
    "epsdiluted": 0.32,
    "weightedAverageShsOut": 62928096,
    "weightedAverageShsOutDil": 63232485,
    "link": "https://www.sec.gov/Archives/edgar/data/1267238/000162828019001767/0001628280-19-001767-index.htm",
    "finalLink": "https://www.sec.gov/Archives/edgar/data/1267238/000162828019001767/aiz1231201810k.htm"
  },
  {
    "date": "2018-09-30",
    "symbol": "AIZ",
    "reportedCurrency": "USD",
    "cik": "0001267238",
    "fillingDate": "2018-11-08",
    "acceptedDate": "2018-11-08 16:38:23",
    "calendarYear": "2018",
    "period": "Q3",
    "revenue": 2257600000,
    "costOfRevenue": 0,
    "grossProfit": 2257600000,
    "grossProfitRatio": 1,
    "researchAndDevelopmentExpenses": 0,
    "generalAndAdministrativeExpenses": 736500000,
    "sellingAndMarketingExpenses": 750600000,
    "sellingGeneralAndAdministrativeExpenses": 1487100000,
    "otherExpenses": 0,
    "operatingExpenses": 2168000000,
    "costAndExpenses": 2181800000,
    "interestIncome": 0,
    "interestExpense": 26500000,
    "depreciationAndAmortization": 35700000,
    "ebitda": 908500000,
    "ebitdaratio": 0.4024184975,
    "operatingIncome": 71100000,
    "operatingIncomeRatio": 0.0314936215,
    "totalOtherIncomeExpensesNet": -694700000,
    "incomeBeforeTax": 75800000,
    "incomeBeforeTaxRatio": 0.0335754784,
    "incomeTaxExpense": 22800000,
    "netIncome": 48300000,
    "netIncomeRatio": 0.0213944011,
    "eps": 0.76,
    "epsdiluted": 0.76,
    "weightedAverageShsOut": 63621184,
    "weightedAverageShsOutDil": 63800347,
    "link": "https://www.sec.gov/Archives/edgar/data/1267238/000162828018014005/0001628280-18-014005-index.htm",
    "finalLink": "https://www.sec.gov/Archives/edgar/data/1267238/000162828018014005/aiz-2018093010q.htm"
  },
  {
    "date": "2018-06-30",
    "symbol": "AIZ",
    "reportedCurrency": "USD",
    "cik": "0001267238",
    "fillingDate": "2018-08-09",
    "acceptedDate": "2018-08-09 16:04:11",
    "calendarYear": "2018",
    "period": "Q2",
    "revenue": 1816700000,
    "costOfRevenue": 0,
    "grossProfit": 1816700000,
    "grossProfitRatio": 1,
    "researchAndDevelopmentExpenses": 0,
    "generalAndAdministrativeExpenses": 773600000,
    "sellingAndMarketingExpenses": 463200000,
    "sellingGeneralAndAdministrativeExpenses": 1236800000,
    "otherExpenses": 0,
    "operatingExpenses": 1727400000,
    "costAndExpenses": 1738400000,
    "interestIncome": 0,
    "interestExpense": 26000000,
    "depreciationAndAmortization": 24900000,
    "ebitda": 709100000,
    "ebitdaratio": 0.3903231133,
    "operatingIncome": 73500000,
    "operatingIncomeRatio": 0.0404579732,
    "totalOtherIncomeExpensesNet": -501600000,
    "incomeBeforeTax": 78300000,
    "incomeBeforeTaxRatio": 0.0431001266,
    "incomeTaxExpense": 11300000,
    "netIncome": 62200000,
    "netIncomeRatio": 0.0342379039,
    "eps": 1.09,
    "epsdiluted": 1.09,
    "weightedAverageShsOut": 57060313,
    "weightedAverageShsOutDil": 57264408,
    "link": "https://www.sec.gov/Archives/edgar/data/1267238/000162828018010930/0001628280-18-010930-index.htm",
    "finalLink": "https://www.sec.gov/Archives/edgar/data/1267238/000162828018010930/aiz-2018063010q.htm"
  },
  {
    "date": "2018-03-31",
    "symbol": "AIZ",
    "reportedCurrency": "USD",
    "cik": "0001267238",
    "fillingDate": "2018-05-07",
    "acceptedDate": "2018-05-07 17:17:01",
    "calendarYear": "2018",
    "period": "Q1",
    "revenue": 1620100000,
    "costOfRevenue": 0,
    "grossProfit": 1620100000,
    "grossProfitRatio": 1,
    "researchAndDevelopmentExpenses": 0,
    "generalAndAdministrativeExpenses": 719600000,
    "sellingAndMarketingExpenses": 346400000,
    "sellingGeneralAndAdministrativeExpenses": 1066000000,
    "otherExpenses": 0,
    "operatingExpenses": 1480600000,
    "costAndExpenses": 1483600000,
    "interestIncome": 0,
    "interestExpense": 21500000,
    "depreciationAndAmortization": 30000000,
    "ebitda": 742100000,
    "ebitdaratio": 0.4580581446,
    "operatingIncome": 136500000,
    "operatingIncomeRatio": 0.0842540584,
    "totalOtherIncomeExpensesNet": -417600000,
    "incomeBeforeTax": 136500000,
    "incomeBeforeTaxRatio": 0.0842540584,
    "incomeTaxExpense": 30500000,
    "netIncome": 106000000,
    "netIncomeRatio": 0.06542806,
    "eps": 1.99,
    "epsdiluted": 1.96,
    "weightedAverageShsOut": 53169358,
    "weightedAverageShsOutDil": 54189498,
    "link": "https://www.sec.gov/Archives/edgar/data/1267238/000162828018006074/0001628280-18-006074-index.htm",
    "finalLink": "https://www.sec.gov/Archives/edgar/data/1267238/000162828018006074/aiz-2018033110q.htm"
  },
  {
    "date": "2017-12-31",
    "symbol": "AIZ",
    "reportedCurrency": "USD",
    "cik": "0001267238",
    "fillingDate": "2018-02-14",
    "acceptedDate": "2018-02-14 17:31:25",
    "calendarYear": "2017",
    "period": "Q4",
    "revenue": 1656200000,
    "costOfRevenue": 0,
    "grossProfit": 1656200000,
    "grossProfitRatio": 1,
    "researchAndDevelopmentExpenses": 0,
    "generalAndAdministrativeExpenses": 751600000,
    "sellingAndMarketingExpenses": 340400000,
    "sellingGeneralAndAdministrativeExpenses": 1092000000,
    "otherExpenses": -2493200000,
    "operatingExpenses": 1506000000,
    "costAndExpenses": 1497900000,
    "interestIncome": 0,
    "interestExpense": 12300000,
    "depreciationAndAmortization": -170600000,
    "ebitda": 0,
    "ebitdaratio": 0,
    "operatingIncome": 158300000,
    "operatingIncomeRatio": 0.0955802439,
    "totalOtherIncomeExpensesNet": -1518300000,
    "incomeBeforeTax": 158300000,
    "incomeBeforeTaxRatio": 0.0955802439,
    "incomeTaxExpense": -154600000,
    "netIncome": 312900000,
    "netIncomeRatio": 0.1889264582,
    "eps": 5.79,
    "epsdiluted": 5.76,
    "weightedAverageShsOut": 54019089,
    "weightedAverageShsOutDil": 54334415,
    "link": "https://www.sec.gov/Archives/edgar/data/1267238/000162828018001695/0001628280-18-001695-index.htm",
    "finalLink": "https://www.sec.gov/Archives/edgar/data/1267238/000162828018001695/aiz1231201710k.htm"
  },
  {
    "date": "2017-09-30",
    "symbol": "AIZ",
    "reportedCurrency": "USD",
    "cik": "0001267238",
    "fillingDate": "2017-11-03",
    "acceptedDate": "2017-11-03 16:38:07",
    "calendarYear": "2017",
    "period": "Q3",
    "revenue": 1563300000,
    "costOfRevenue": 0,
    "grossProfit": 1563300000,
    "grossProfitRatio": 1,
    "researchAndDevelopmentExpenses": 0,
    "generalAndAdministrativeExpenses": 667100000,
    "sellingAndMarketingExpenses": 0,
    "sellingGeneralAndAdministrativeExpenses": 667100000,
    "otherExpenses": 0,
    "operatingExpenses": 1681800000,
    "costAndExpenses": 1670900000,
    "interestIncome": 0,
    "interestExpense": 12200000,
    "depreciationAndAmortization": 95400000,
    "ebitda": 0,
    "ebitdaratio": 0,
    "operatingIncome": -107600000,
    "operatingIncomeRatio": -0.0688287597,
    "totalOtherIncomeExpensesNet": 10900000,
    "incomeBeforeTax": -107600000,
    "incomeBeforeTaxRatio": -0.0688287597,
    "incomeTaxExpense": -50300000,
    "netIncome": -57300000,
    "netIncomeRatio": -0.0366532335,
    "eps": -1.05,
    "epsdiluted": -1.05,
    "weightedAverageShsOut": 54524874,
    "weightedAverageShsOutDil": 54524874,
    "link": "https://www.sec.gov/Archives/edgar/data/1267238/000162828017010870/0001628280-17-010870-index.htm",
    "finalLink": "https://www.sec.gov/Archives/edgar/data/1267238/000162828017010870/aiz-2017093010q.htm"
  },
  {
    "date": "2017-06-30",
    "symbol": "AIZ",
    "reportedCurrency": "USD",
    "cik": "0001267238",
    "fillingDate": "2017-08-03",
    "acceptedDate": "2017-08-03 16:07:00",
    "calendarYear": "2017",
    "period": "Q2",
    "revenue": 1577100000,
    "costOfRevenue": 0,
    "grossProfit": 1577100000,
    "grossProfitRatio": 1,
    "researchAndDevelopmentExpenses": 0,
    "generalAndAdministrativeExpenses": 646300000,
    "sellingAndMarketingExpenses": 346700000,
    "sellingGeneralAndAdministrativeExpenses": 993000000,
    "otherExpenses": 0,
    "operatingExpenses": 1409400000,
    "costAndExpenses": 1398400000,
    "interestIncome": 0,
    "interestExpense": 12400000,
    "depreciationAndAmortization": -191100000,
    "ebitda": 0,
    "ebitdaratio": 0,
    "operatingIncome": 178700000,
    "operatingIncomeRatio": 0.1133092385,
    "totalOtherIncomeExpensesNet": -1421800000,
    "incomeBeforeTax": 178700000,
    "incomeBeforeTaxRatio": 0.1133092385,
    "incomeTaxExpense": 58500000,
    "netIncome": 120200000,
    "netIncomeRatio": 0.0762158392,
    "eps": 2.18,
    "epsdiluted": 2.16,
    "weightedAverageShsOut": 55230367,
    "weightedAverageShsOutDil": 55509898,
    "link": "https://www.sec.gov/Archives/edgar/data/1267238/000162828017008001/0001628280-17-008001-index.htm",
    "finalLink": "https://www.sec.gov/Archives/edgar/data/1267238/000162828017008001/aiz-2017063010q.htm"
  },
  {
    "date": "2017-03-31",
    "symbol": "AIZ",
    "reportedCurrency": "USD",
    "cik": "0001267238",
    "fillingDate": "2017-05-04",
    "acceptedDate": "2017-05-04 16:04:31",
    "calendarYear": "2017",
    "period": "Q1",
    "revenue": 1514500000,
    "costOfRevenue": 0,
    "grossProfit": 1514500000,
    "grossProfitRatio": 1,
    "researchAndDevelopmentExpenses": 0,
    "generalAndAdministrativeExpenses": 651300000,
    "sellingAndMarketingExpenses": 314500000,
    "sellingGeneralAndAdministrativeExpenses": 965800000,
    "otherExpenses": 0,
    "operatingExpenses": 1323800000,
    "costAndExpenses": 1299400000,
    "interestIncome": 0,
    "interestExpense": 12600000,
    "depreciationAndAmortization": -227700000,
    "ebitda": 0,
    "ebitdaratio": 0,
    "operatingIncome": 215100000,
    "operatingIncomeRatio": 0.1420270716,
    "totalOtherIncomeExpensesNet": -1336400000,
    "incomeBeforeTax": 215100000,
    "incomeBeforeTaxRatio": 0.1420270716,
    "incomeTaxExpense": 71300000,
    "netIncome": 143800000,
    "netIncomeRatio": 0.094948828,
    "eps": 2.56,
    "epsdiluted": 2.53,
    "weightedAverageShsOut": 56201342,
    "weightedAverageShsOutDil": 56756641,
    "link": "https://www.sec.gov/Archives/edgar/data/1267238/000162828017004926/0001628280-17-004926-index.htm",
    "finalLink": "https://www.sec.gov/Archives/edgar/data/1267238/000162828017004926/aiz-2017033110q.htm"
  },
  {
    "date": "2016-12-31",
    "symbol": "AIZ",
    "reportedCurrency": "USD",
    "cik": "0001267238",
    "fillingDate": "2017-02-14",
    "acceptedDate": "2017-02-14 16:22:16",
    "calendarYear": "2016",
    "period": "Q4",
    "revenue": 1667033000,
    "costOfRevenue": 0,
    "grossProfit": 1667033000,
    "grossProfitRatio": 1,
    "researchAndDevelopmentExpenses": 0,
    "generalAndAdministrativeExpenses": 119311000,
    "sellingAndMarketingExpenses": 1112692000,
    "sellingGeneralAndAdministrativeExpenses": 1232003000,
    "otherExpenses": -1422933000,
    "operatingExpenses": 1683900000,
    "costAndExpenses": 1612322000,
    "interestIncome": 0,
    "interestExpense": 13878000,
    "depreciationAndAmortization": -91500000,
    "ebitda": 0,
    "ebitdaratio": 0,
    "operatingIncome": 54711000,
    "operatingIncomeRatio": 0.0328193863,
    "totalOtherIncomeExpensesNet": 40736000,
    "incomeBeforeTax": 54711000,
    "incomeBeforeTaxRatio": 0.0328193863,
    "incomeTaxExpense": 23395000,
    "netIncome": 31316000,
    "netIncomeRatio": 0.018785471,
    "eps": 0.54,
    "epsdiluted": 0.54,
    "weightedAverageShsOut": 57503640,
    "weightedAverageShsOutDil": 58162397,
    "link": "https://www.sec.gov/Archives/edgar/data/1267238/000162828017001320/0001628280-17-001320-index.htm",
    "finalLink": "https://www.sec.gov/Archives/edgar/data/1267238/000162828017001320/aiz1231201610k.htm"
  },
  {
    "date": "2016-09-30",
    "symbol": "AIZ",
    "reportedCurrency": "USD",
    "cik": "0001267238",
    "fillingDate": "2016-11-01",
    "acceptedDate": "2016-11-01 16:25:27",
    "calendarYear": "2016",
    "period": "Q3",
    "revenue": 1698300000,
    "costOfRevenue": 0,
    "grossProfit": 1698300000,
    "grossProfitRatio": 1,
    "researchAndDevelopmentExpenses": 0,
    "generalAndAdministrativeExpenses": 833778000,
    "sellingAndMarketingExpenses": 330353000,
    "sellingGeneralAndAdministrativeExpenses": 1164131000,
    "otherExpenses": 0,
    "operatingExpenses": 1599200000,
    "costAndExpenses": 1477400000,
    "interestIncome": 0,
    "interestExpense": 14000000,
    "depreciationAndAmortization": -234900000,
    "ebitda": 0,
    "ebitdaratio": 0,
    "operatingIncome": 220900000,
    "operatingIncomeRatio": 0.1300712477,
    "totalOtherIncomeExpensesNet": -1613200000,
    "incomeBeforeTax": 220900000,
    "incomeBeforeTaxRatio": 0.1300712477,
    "incomeTaxExpense": 76500000,
    "netIncome": 144400000,
    "netIncomeRatio": 0.0850262027,
    "eps": 2.4,
    "epsdiluted": 2.37,
    "weightedAverageShsOut": 60262073,
    "weightedAverageShsOutDil": 60828341,
    "link": "https://www.sec.gov/Archives/edgar/data/1267238/000162828016020550/0001628280-16-020550-index.htm",
    "finalLink": "https://www.sec.gov/Archives/edgar/data/1267238/000162828016020550/aiz-2016093010q.htm"
  },
  {
    "date": "2016-06-30",
    "symbol": "AIZ",
    "reportedCurrency": "USD",
    "cik": "0001267238",
    "fillingDate": "2016-08-02",
    "acceptedDate": "2016-08-02 16:10:58",
    "calendarYear": "2016",
    "period": "Q2",
    "revenue": 1672000000,
    "costOfRevenue": 0,
    "grossProfit": 1672000000,
    "grossProfitRatio": 1,
    "researchAndDevelopmentExpenses": 0,
    "generalAndAdministrativeExpenses": 803595000,
    "sellingAndMarketingExpenses": 342640000,
    "sellingGeneralAndAdministrativeExpenses": 1146235000,
    "otherExpenses": 0,
    "operatingExpenses": 1547100000,
    "costAndExpenses": 1436500000,
    "interestIncome": 0,
    "interestExpense": 15200000,
    "depreciationAndAmortization": -267400000,
    "ebitda": 0,
    "ebitdaratio": 0,
    "operatingIncome": 235500000,
    "operatingIncomeRatio": 0.1408492823,
    "totalOtherIncomeExpensesNet": -1562300000,
    "incomeBeforeTax": 235500000,
    "incomeBeforeTaxRatio": 0.1408492823,
    "incomeTaxExpense": 66200000,
    "netIncome": 169300000,
    "netIncomeRatio": 0.1012559809,
    "eps": 2.72,
    "epsdiluted": 2.7,
    "weightedAverageShsOut": 62244778,
    "weightedAverageShsOutDil": 62723292,
    "link": "https://www.sec.gov/Archives/edgar/data/1267238/000162828016018283/0001628280-16-018283-index.htm",
    "finalLink": "https://www.sec.gov/Archives/edgar/data/1267238/000162828016018283/aiz-2016063010q.htm"
  },
  {
    "date": "2016-03-31",
    "symbol": "AIZ",
    "reportedCurrency": "USD",
    "cik": "0001267238",
    "fillingDate": "2016-05-03",
    "acceptedDate": "2016-05-03 16:09:36",
    "calendarYear": "2016",
    "period": "Q1",
    "revenue": 2070300000,
    "costOfRevenue": 0,
    "grossProfit": 2070300000,
    "grossProfitRatio": 1,
    "researchAndDevelopmentExpenses": 0,
    "generalAndAdministrativeExpenses": 917359000,
    "sellingAndMarketingExpenses": 334342000,
    "sellingGeneralAndAdministrativeExpenses": 1251701000,
    "otherExpenses": 0,
    "operatingExpenses": 1765800000,
    "costAndExpenses": 1732700000,
    "interestIncome": 0,
    "interestExpense": 14500000,
    "depreciationAndAmortization": -322500000,
    "ebitda": 0,
    "ebitdaratio": 0,
    "operatingIncome": 337600000,
    "operatingIncomeRatio": 0.1630681544,
    "totalOtherIncomeExpensesNet": -1780300000,
    "incomeBeforeTax": 337600000,
    "incomeBeforeTaxRatio": 0.1630681544,
    "incomeTaxExpense": 117200000,
    "netIncome": 220400000,
    "netIncomeRatio": 0.1064580013,
    "eps": 3.38,
    "epsdiluted": 3.34,
    "weightedAverageShsOut": 65086935,
    "weightedAverageShsOutDil": 65920546,
    "link": "https://www.sec.gov/Archives/edgar/data/1267238/000162828016015369/0001628280-16-015369-index.htm",
    "finalLink": "https://www.sec.gov/Archives/edgar/data/1267238/000162828016015369/aiz-2016033110q.htm"
  },
  {
    "date": "2015-12-31",
    "symbol": "AIZ",
    "reportedCurrency": "USD",
    "cik": "0001267238",
    "fillingDate": "2016-02-16",
    "acceptedDate": "2016-02-16 15:59:05",
    "calendarYear": "2015",
    "period": "Q4",
    "revenue": 2544589000,
    "costOfRevenue": 0,
    "grossProfit": 2544589000,
    "grossProfitRatio": 1,
    "researchAndDevelopmentExpenses": 0,
    "generalAndAdministrativeExpenses": 11377000,
    "sellingAndMarketingExpenses": 1402573000,
    "sellingGeneralAndAdministrativeExpenses": 1413950000,
    "otherExpenses": -3773288000,
    "operatingExpenses": 2407066000,
    "costAndExpenses": 2434375000,
    "interestIncome": 0,
    "interestExpense": 13781000,
    "depreciationAndAmortization": -107222000,
    "ebitda": 0,
    "ebitdaratio": 0,
    "operatingIncome": 110214000,
    "operatingIncomeRatio": 0.0433130851,
    "totalOtherIncomeExpensesNet": -2420847000,
    "incomeBeforeTax": 110214000,
    "incomeBeforeTaxRatio": 0.0433130851,
    "incomeTaxExpense": 44470000,
    "netIncome": 65744000,
    "netIncomeRatio": 0.0258367854,
    "eps": 0.99,
    "epsdiluted": 0.97,
    "weightedAverageShsOut": 66732896,
    "weightedAverageShsOutDil": 67592973,
    "link": "https://www.sec.gov/Archives/edgar/data/1267238/000162828016011239/0001628280-16-011239-index.htm",
    "finalLink": "https://www.sec.gov/Archives/edgar/data/1267238/000162828016011239/aiz1231201510k.htm"
  },
  {
    "date": "2015-09-30",
    "symbol": "AIZ",
    "reportedCurrency": "USD",
    "cik": "0001267238",
    "fillingDate": "2015-11-03",
    "acceptedDate": "2015-11-03 16:17:16",
    "calendarYear": "2015",
    "period": "Q3",
    "revenue": 2530913000,
    "costOfRevenue": 0,
    "grossProfit": 2530913000,
    "grossProfitRatio": 1,
    "researchAndDevelopmentExpenses": 0,
    "generalAndAdministrativeExpenses": 956984000,
    "sellingAndMarketingExpenses": 341439000,
    "sellingGeneralAndAdministrativeExpenses": 1298423000,
    "otherExpenses": 0,
    "operatingExpenses": 2552628000,
    "costAndExpenses": 2563164000,
    "interestIncome": 0,
    "interestExpense": 13779000,
    "depreciationAndAmortization": 18472000,
    "ebitda": 0,
    "ebitdaratio": 0,
    "operatingIncome": -32251000,
    "operatingIncomeRatio": -0.0127428323,
    "totalOtherIncomeExpensesNet": -32251000,
    "incomeBeforeTax": -32251000,
    "incomeBeforeTaxRatio": -0.0127428323,
    "incomeTaxExpense": -25229000,
    "netIncome": -7022000,
    "netIncomeRatio": -0.0027744928,
    "eps": -0.1,
    "epsdiluted": -0.1,
    "weightedAverageShsOut": 67632920,
    "weightedAverageShsOutDil": 67632920,
    "link": "https://www.sec.gov/Archives/edgar/data/1267238/000162828015008178/0001628280-15-008178-index.htm",
    "finalLink": "https://www.sec.gov/Archives/edgar/data/1267238/000162828015008178/aiz-2015093010q.htm"
  },
  {
    "date": "2015-06-30",
    "symbol": "AIZ",
    "reportedCurrency": "USD",
    "cik": "0001267238",
    "fillingDate": "2015-08-04",
    "acceptedDate": "2015-08-04 16:13:01",
    "calendarYear": "2015",
    "period": "Q2",
    "revenue": 2641652000,
    "costOfRevenue": 0,
    "grossProfit": 2641652000,
    "grossProfitRatio": 1,
    "researchAndDevelopmentExpenses": 0,
    "generalAndAdministrativeExpenses": 969494000,
    "sellingAndMarketingExpenses": 353883000,
    "sellingGeneralAndAdministrativeExpenses": 1323377000,
    "otherExpenses": 0,
    "operatingExpenses": 2591091000,
    "costAndExpenses": 2601627000,
    "interestIncome": 0,
    "interestExpense": 13778000,
    "depreciationAndAmortization": -53803000,
    "ebitda": 0,
    "ebitdaratio": 0,
    "operatingIncome": 40025000,
    "operatingIncomeRatio": 0.0151515037,
    "totalOtherIncomeExpensesNet": -2604869000,
    "incomeBeforeTax": 40025000,
    "incomeBeforeTaxRatio": 0.0151515037,
    "incomeTaxExpense": 7236000,
    "netIncome": 32789000,
    "netIncomeRatio": 0.0124123087,
    "eps": 0.48,
    "epsdiluted": 0.47,
    "weightedAverageShsOut": 68558472,
    "weightedAverageShsOutDil": 69244399,
    "link": "https://www.sec.gov/Archives/edgar/data/1267238/000162828015006027/0001628280-15-006027-index.htm",
    "finalLink": "https://www.sec.gov/Archives/edgar/data/1267238/000162828015006027/aiz-2015063010q.htm"
  },
  {
    "date": "2015-03-31",
    "symbol": "AIZ",
    "reportedCurrency": "USD",
    "cik": "0001267238",
    "fillingDate": "2015-05-06",
    "acceptedDate": "2015-05-06 16:10:15",
    "calendarYear": "2015",
    "period": "Q1",
    "revenue": 2595352000,
    "costOfRevenue": 0,
    "grossProfit": 2595352000,
    "grossProfitRatio": 1,
    "researchAndDevelopmentExpenses": 0,
    "generalAndAdministrativeExpenses": 921909000,
    "sellingAndMarketingExpenses": 369003000,
    "sellingGeneralAndAdministrativeExpenses": 1290912000,
    "otherExpenses": 0,
    "operatingExpenses": 2501639000,
    "costAndExpenses": 2512159000,
    "interestIncome": 0,
    "interestExpense": 13778000,
    "depreciationAndAmortization": -96971000,
    "ebitda": 0,
    "ebitdaratio": 0,
    "operatingIncome": 83193000,
    "operatingIncomeRatio": 0.0320546115,
    "totalOtherIncomeExpensesNet": -2515417000,
    "incomeBeforeTax": 83193000,
    "incomeBeforeTaxRatio": 0.0320546115,
    "incomeTaxExpense": 33149000,
    "netIncome": 50044000,
    "netIncomeRatio": 0.0192821629,
    "eps": 0.72,
    "epsdiluted": 0.71,
    "weightedAverageShsOut": 69770224,
    "weightedAverageShsOutDil": 70757549,
    "link": "https://www.sec.gov/Archives/edgar/data/1267238/000162828015003800/0001628280-15-003800-index.htm",
    "finalLink": "https://www.sec.gov/Archives/edgar/data/1267238/000162828015003800/aiz-2015033110q.htm"
  },
  {
    "date": "2014-12-31",
    "symbol": "AIZ",
    "reportedCurrency": "USD",
    "cik": "0001267238",
    "fillingDate": "2015-02-19",
    "acceptedDate": "2015-02-19 16:36:35",
    "calendarYear": "2014",
    "period": "Q4",
    "revenue": 2635147000,
    "costOfRevenue": 0,
    "grossProfit": 2635147000,
    "grossProfitRatio": 1,
    "researchAndDevelopmentExpenses": 0,
    "generalAndAdministrativeExpenses": 90985000,
    "sellingAndMarketingExpenses": 1303588000,
    "sellingGeneralAndAdministrativeExpenses": 1394573000,
    "otherExpenses": -3325785000,
    "operatingExpenses": 2518568000,
    "costAndExpenses": 2544801000,
    "interestIncome": 0,
    "interestExpense": 13778000,
    "depreciationAndAmortization": -104124000,
    "ebitda": 0,
    "ebitdaratio": 0,
    "operatingIncome": 90346000,
    "operatingIncomeRatio": 0.0342849943,
    "totalOtherIncomeExpensesNet": -2532346000,
    "incomeBeforeTax": 90346000,
    "incomeBeforeTaxRatio": 0.0342849943,
    "incomeTaxExpense": 40591000,
    "netIncome": 49755000,
    "netIncomeRatio": 0.0188812996,
    "eps": 0.7,
    "epsdiluted": 0.69,
    "weightedAverageShsOut": 71054598,
    "weightedAverageShsOutDil": 72104349,
    "link": "https://www.sec.gov/Archives/edgar/data/1267238/000119312515054288/0001193125-15-054288-index.htm",
    "finalLink": "https://www.sec.gov/Archives/edgar/data/1267238/000119312515054288/d871105d10k.htm"
  },
  {
    "date": "2014-09-30",
    "symbol": "AIZ",
    "reportedCurrency": "USD",
    "cik": "0001267238",
    "fillingDate": "2014-11-04",
    "acceptedDate": "2014-11-04 16:17:37",
    "calendarYear": "2014",
    "period": "Q3",
    "revenue": 2698843000,
    "costOfRevenue": 0,
    "grossProfit": 2698843000,
    "grossProfitRatio": 1,
    "researchAndDevelopmentExpenses": 0,
    "generalAndAdministrativeExpenses": 953559000,
    "sellingAndMarketingExpenses": 386709000,
    "sellingGeneralAndAdministrativeExpenses": 1340268000,
    "otherExpenses": 0,
    "operatingExpenses": 2463961000,
    "costAndExpenses": 2474092000,
    "interestIncome": 0,
    "interestExpense": 13776000,
    "depreciationAndAmortization": -238527000,
    "ebitda": 0,
    "ebitdaratio": 0,
    "operatingIncome": 224751000,
    "operatingIncomeRatio": 0.0832767968,
    "totalOtherIncomeExpensesNet": -2477737000,
    "incomeBeforeTax": 224751000,
    "incomeBeforeTaxRatio": 0.0832767968,
    "incomeTaxExpense": 84454000,
    "netIncome": 140297000,
    "netIncomeRatio": 0.051984128,
    "eps": 1.94,
    "epsdiluted": 1.92,
    "weightedAverageShsOut": 72182547,
    "weightedAverageShsOutDil": 73046704,
    "link": "https://www.sec.gov/Archives/edgar/data/1267238/000119312514396265/0001193125-14-396265-index.htm",
    "finalLink": "https://www.sec.gov/Archives/edgar/data/1267238/000119312514396265/d811351d10q.htm"
  },
  {
    "date": "2014-06-30",
    "symbol": "AIZ",
    "reportedCurrency": "USD",
    "cik": "0001267238",
    "fillingDate": "2014-07-29",
    "acceptedDate": "2014-07-29 16:12:40",
    "calendarYear": "2014",
    "period": "Q2",
    "revenue": 2604457000,
    "costOfRevenue": 0,
    "grossProfit": 2604457000,
    "grossProfitRatio": 1,
    "researchAndDevelopmentExpenses": 0,
    "generalAndAdministrativeExpenses": 884336000,
    "sellingAndMarketingExpenses": 366589000,
    "sellingGeneralAndAdministrativeExpenses": 1250925000,
    "otherExpenses": 0,
    "operatingExpenses": 2400538000,
    "costAndExpenses": 2410670000,
    "interestIncome": 0,
    "interestExpense": 13776000,
    "depreciationAndAmortization": -207563000,
    "ebitda": 0,
    "ebitdaratio": 0,
    "operatingIncome": 193787000,
    "operatingIncomeRatio": 0.0744059126,
    "totalOtherIncomeExpensesNet": -2414314000,
    "incomeBeforeTax": 193787000,
    "incomeBeforeTaxRatio": 0.0744059126,
    "incomeTaxExpense": 50177000,
    "netIncome": 143610000,
    "netIncomeRatio": 0.0551400925,
    "eps": 1.98,
    "epsdiluted": 1.95,
    "weightedAverageShsOut": 72659590,
    "weightedAverageShsOutDil": 73544191,
    "link": "https://www.sec.gov/Archives/edgar/data/1267238/000119312514284627/0001193125-14-284627-index.htm",
    "finalLink": "https://www.sec.gov/Archives/edgar/data/1267238/000119312514284627/d762015d10q.htm"
  },
  {
    "date": "2014-03-31",
    "symbol": "AIZ",
    "reportedCurrency": "USD",
    "cik": "0001267238",
    "fillingDate": "2014-04-29",
    "acceptedDate": "2014-04-29 16:31:06",
    "calendarYear": "2014",
    "period": "Q1",
    "revenue": 2444712000,
    "costOfRevenue": 0,
    "grossProfit": 2444712000,
    "grossProfitRatio": 1,
    "researchAndDevelopmentExpenses": 0,
    "generalAndAdministrativeExpenses": 843240000,
    "sellingAndMarketingExpenses": 344782000,
    "sellingGeneralAndAdministrativeExpenses": 1188022000,
    "otherExpenses": 0,
    "operatingExpenses": 2196054000,
    "costAndExpenses": 2209459000,
    "interestIncome": 0,
    "interestExpense": 17065000,
    "depreciationAndAmortization": -252318000,
    "ebitda": 0,
    "ebitdaratio": 0,
    "operatingIncome": 235253000,
    "operatingIncomeRatio": 0.0962293309,
    "totalOtherIncomeExpensesNet": -2213119000,
    "incomeBeforeTax": 235253000,
    "incomeBeforeTaxRatio": 0.0962293309,
    "incomeTaxExpense": 98008000,
    "netIncome": 137245000,
    "netIncomeRatio": 0.0561395371,
    "eps": 1.88,
    "epsdiluted": 1.86,
    "weightedAverageShsOut": 72848756,
    "weightedAverageShsOutDil": 73873952,
    "link": "https://www.sec.gov/Archives/edgar/data/1267238/000119312514167325/0001193125-14-167325-index.htm",
    "finalLink": "https://www.sec.gov/Archives/edgar/data/1267238/000119312514167325/d717192d10q.htm"
  },
  {
    "date": "2013-12-31",
    "symbol": "AIZ",
    "reportedCurrency": "USD",
    "cik": "0001267238",
    "fillingDate": "2014-02-19",
    "acceptedDate": "2014-02-18 18:00:08",
    "calendarYear": "2013",
    "period": "Q4",
    "revenue": 2396546000,
    "costOfRevenue": 0,
    "grossProfit": 2396546000,
    "grossProfitRatio": 1,
    "researchAndDevelopmentExpenses": 0,
    "generalAndAdministrativeExpenses": 235961000,
    "sellingAndMarketingExpenses": 998365000,
    "sellingGeneralAndAdministrativeExpenses": 1234326000,
    "otherExpenses": -2765635000,
    "operatingExpenses": 2201715000,
    "costAndExpenses": 2218009000,
    "interestIncome": 0,
    "interestExpense": 20366000,
    "depreciationAndAmortization": -198903000,
    "ebitda": 0,
    "ebitdaratio": 0,
    "operatingIncome": 178537000,
    "operatingIncomeRatio": 0.0744976312,
    "totalOtherIncomeExpensesNet": -2222081000,
    "incomeBeforeTax": 178537000,
    "incomeBeforeTaxRatio": 0.0744976312,
    "incomeTaxExpense": 69721000,
    "netIncome": 108816000,
    "netIncomeRatio": 0.0454053459,
    "eps": 1.48,
    "epsdiluted": 1.46,
    "weightedAverageShsOut": 73639434,
    "weightedAverageShsOutDil": 74713082,
    "link": "https://www.sec.gov/Archives/edgar/data/1267238/000119312514057434/0001193125-14-057434-index.htm",
    "finalLink": "https://www.sec.gov/Archives/edgar/data/1267238/000119312514057434/d676053d10k.htm"
  },
  {
    "date": "2013-09-30",
    "symbol": "AIZ",
    "reportedCurrency": "USD",
    "cik": "0001267238",
    "fillingDate": "2013-10-30",
    "acceptedDate": "2013-10-30 16:15:39",
    "calendarYear": "2013",
    "period": "Q3",
    "revenue": 2254576000,
    "costOfRevenue": 0,
    "grossProfit": 2254576000,
    "grossProfitRatio": 1,
    "researchAndDevelopmentExpenses": 0,
    "generalAndAdministrativeExpenses": 737326000,
    "sellingAndMarketingExpenses": 372750000,
    "sellingGeneralAndAdministrativeExpenses": 1110076000,
    "otherExpenses": 0,
    "operatingExpenses": 2043908000,
    "costAndExpenses": 2060605000,
    "interestIncome": 0,
    "interestExpense": 20771000,
    "depreciationAndAmortization": -214742000,
    "ebitda": 0,
    "ebitdaratio": 0,
    "operatingIncome": 193971000,
    "operatingIncomeRatio": 0.0860343586,
    "totalOtherIncomeExpensesNet": -2064679000,
    "incomeBeforeTax": 193971000,
    "incomeBeforeTaxRatio": 0.0860343586,
    "incomeTaxExpense": 65183000,
    "netIncome": 128788000,
    "netIncomeRatio": 0.0571229358,
    "eps": 1.7,
    "epsdiluted": 1.68,
    "weightedAverageShsOut": 75544542,
    "weightedAverageShsOutDil": 76459791,
    "link": "https://www.sec.gov/Archives/edgar/data/1267238/000119312513418558/0001193125-13-418558-index.htm",
    "finalLink": "https://www.sec.gov/Archives/edgar/data/1267238/000119312513418558/d617762d10q.htm"
  },
  {
    "date": "2013-06-30",
    "symbol": "AIZ",
    "reportedCurrency": "USD",
    "cik": "0001267238",
    "fillingDate": "2013-07-31",
    "acceptedDate": "2013-07-31 16:26:17",
    "calendarYear": "2013",
    "period": "Q2",
    "revenue": 2233694000,
    "costOfRevenue": 0,
    "grossProfit": 2233694000,
    "grossProfitRatio": 1,
    "researchAndDevelopmentExpenses": 0,
    "generalAndAdministrativeExpenses": 742070000,
    "sellingAndMarketingExpenses": 346459000,
    "sellingGeneralAndAdministrativeExpenses": 1088529000,
    "otherExpenses": 0,
    "operatingExpenses": 2005479000,
    "costAndExpenses": 2022927000,
    "interestIncome": 0,
    "interestExpense": 21520000,
    "depreciationAndAmortization": -232287000,
    "ebitda": 0,
    "ebitdaratio": 0,
    "operatingIncome": 210767000,
    "operatingIncomeRatio": 0.0943580455,
    "totalOtherIncomeExpensesNet": -21520000,
    "incomeBeforeTax": 210767000,
    "incomeBeforeTaxRatio": 0.0943580455,
    "incomeTaxExpense": 77244000,
    "netIncome": 133523000,
    "netIncomeRatio": 0.0597767644,
    "eps": 1.72,
    "epsdiluted": 1.7,
    "weightedAverageShsOut": 77508062,
    "weightedAverageShsOutDil": 78366115,
    "link": "https://www.sec.gov/Archives/edgar/data/1267238/000119312513312615/0001193125-13-312615-index.htm",
    "finalLink": "https://www.sec.gov/Archives/edgar/data/1267238/000119312513312615/d572207d10q.htm"
  },
  {
    "date": "2013-03-31",
    "symbol": "AIZ",
    "reportedCurrency": "USD",
    "cik": "0001267238",
    "fillingDate": "2013-05-01",
    "acceptedDate": "2013-05-01 17:20:27",
    "calendarYear": "2013",
    "period": "Q1",
    "revenue": 2146531000,
    "costOfRevenue": 0,
    "grossProfit": 2146531000,
    "grossProfitRatio": 1,
    "researchAndDevelopmentExpenses": 0,
    "generalAndAdministrativeExpenses": 688971000,
    "sellingAndMarketingExpenses": 382789000,
    "sellingGeneralAndAdministrativeExpenses": 1071760000,
    "otherExpenses": 0,
    "operatingExpenses": 1929121000,
    "costAndExpenses": 1940107000,
    "interestIncome": 0,
    "interestExpense": 15078000,
    "depreciationAndAmortization": -221502000,
    "ebitda": 0,
    "ebitdaratio": 0,
    "operatingIncome": 206424000,
    "operatingIncomeRatio": 0.096166326,
    "totalOtherIncomeExpensesNet": -15078000,
    "incomeBeforeTax": 206424000,
    "incomeBeforeTaxRatio": 0.096166326,
    "incomeTaxExpense": 88644000,
    "netIncome": 117780000,
    "netIncomeRatio": 0.0548699273,
    "eps": 1.47,
    "epsdiluted": 1.46,
    "weightedAverageShsOut": 79984576,
    "weightedAverageShsOutDil": 80946649,
    "link": "https://www.sec.gov/Archives/edgar/data/1267238/000119312513192880/0001193125-13-192880-index.htm",
    "finalLink": "https://www.sec.gov/Archives/edgar/data/1267238/000119312513192880/d527481d10q.htm"
  },
  {
    "date": "2012-12-31",
    "symbol": "AIZ",
    "reportedCurrency": "USD",
    "cik": "0001267238",
    "fillingDate": "2013-02-20",
    "acceptedDate": "2013-02-20 17:11:44",
    "calendarYear": "2012",
    "period": "Q4",
    "revenue": 2142563000,
    "costOfRevenue": 0,
    "grossProfit": 2142563000,
    "grossProfitRatio": 1,
    "researchAndDevelopmentExpenses": 0,
    "generalAndAdministrativeExpenses": 716936000,
    "sellingAndMarketingExpenses": 362600000,
    "sellingGeneralAndAdministrativeExpenses": 1079536000,
    "otherExpenses": -3709342000,
    "operatingExpenses": 2111075000,
    "costAndExpenses": 2107740000,
    "interestIncome": 0,
    "interestExpense": 15078000,
    "depreciationAndAmortization": -49901000,
    "ebitda": 0,
    "ebitdaratio": 0,
    "operatingIncome": 34823000,
    "operatingIncomeRatio": 0.0162529643,
    "totalOtherIncomeExpensesNet": -15078000,
    "incomeBeforeTax": 34823000,
    "incomeBeforeTaxRatio": 0.0162529643,
    "incomeTaxExpense": 9836000,
    "netIncome": 24987000,
    "netIncomeRatio": 0.0116622008,
    "eps": 0.31,
    "epsdiluted": 0.31,
    "weightedAverageShsOut": 79967001,
    "weightedAverageShsOutDil": 81037457,
    "link": "https://www.sec.gov/Archives/edgar/data/1267238/000119312513067448/0001193125-13-067448-index.htm",
    "finalLink": "https://www.sec.gov/Archives/edgar/data/1267238/000119312513067448/d475468d10k.htm"
  },
  {
    "date": "2012-09-30",
    "symbol": "AIZ",
    "reportedCurrency": "USD",
    "cik": "0001267238",
    "fillingDate": "2012-10-29",
    "acceptedDate": "2012-10-29 16:33:13",
    "calendarYear": "2012",
    "period": "Q3",
    "revenue": 2140480000,
    "costOfRevenue": 0,
    "grossProfit": 2140480000,
    "grossProfitRatio": 1,
    "researchAndDevelopmentExpenses": 0,
    "generalAndAdministrativeExpenses": 661907000,
    "sellingAndMarketingExpenses": 0,
    "sellingGeneralAndAdministrativeExpenses": 661907000,
    "otherExpenses": 0,
    "operatingExpenses": 1921383000,
    "costAndExpenses": 1931861000,
    "interestIncome": 0,
    "interestExpense": 15078000,
    "depreciationAndAmortization": 0,
    "ebitda": 193541000,
    "ebitdaratio": 0.0904194386,
    "operatingIncome": 84513000,
    "operatingIncomeRatio": 0.0394832,
    "totalOtherIncomeExpensesNet": 208619000,
    "incomeBeforeTax": 208619000,
    "incomeBeforeTaxRatio": 0.097463653,
    "incomeTaxExpense": 82331000,
    "netIncome": 126288000,
    "netIncomeRatio": 0.0589998505,
    "eps": 1.54,
    "epsdiluted": 1.52,
    "weightedAverageShsOut": 82156838,
    "weightedAverageShsOutDil": 82959453,
    "link": "https://www.sec.gov/Archives/edgar/data/1267238/000119312512439802/0001193125-12-439802-index.htm",
    "finalLink": "https://www.sec.gov/Archives/edgar/data/1267238/000119312512439802/d429579d10q.htm"
  },
  {
    "date": "2012-06-30",
    "symbol": "AIZ",
    "reportedCurrency": "USD",
    "cik": "0001267238",
    "fillingDate": "2012-08-01",
    "acceptedDate": "2012-08-01 17:08:21",
    "calendarYear": "2012",
    "period": "Q2",
    "revenue": 2124694000,
    "costOfRevenue": 0,
    "grossProfit": 2124694000,
    "grossProfitRatio": 1,
    "researchAndDevelopmentExpenses": 0,
    "generalAndAdministrativeExpenses": 642667000,
    "sellingAndMarketingExpenses": 0,
    "sellingGeneralAndAdministrativeExpenses": 642667000,
    "otherExpenses": 0,
    "operatingExpenses": 642667000,
    "costAndExpenses": 1860033000,
    "interestIncome": 0,
    "interestExpense": 15074000,
    "depreciationAndAmortization": 0,
    "ebitda": 0,
    "ebitdaratio": 0,
    "operatingIncome": 149692000,
    "operatingIncomeRatio": 0.0704534394,
    "totalOtherIncomeExpensesNet": 114969000,
    "incomeBeforeTax": 264661000,
    "incomeBeforeTaxRatio": 0.1245642902,
    "incomeTaxExpense": 95491000,
    "netIncome": 169170000,
    "netIncomeRatio": 0.0796208772,
    "eps": 1.96,
    "epsdiluted": 1.94,
    "weightedAverageShsOut": 86279670,
    "weightedAverageShsOutDil": 87044581,
    "link": "https://www.sec.gov/Archives/edgar/data/1267238/000119312512329130/0001193125-12-329130-index.htm",
    "finalLink": "https://www.sec.gov/Archives/edgar/data/1267238/000119312512329130/d388107d10q.htm"
  },
  {
    "date": "2012-03-31",
    "symbol": "AIZ",
    "reportedCurrency": "USD",
    "cik": "0001267238",
    "fillingDate": "2012-05-02",
    "acceptedDate": "2012-05-02 16:43:51",
    "calendarYear": "2012",
    "period": "Q1",
    "revenue": 2068303000,
    "costOfRevenue": 0,
    "grossProfit": 2068303000,
    "grossProfitRatio": 1,
    "researchAndDevelopmentExpenses": 0,
    "generalAndAdministrativeExpenses": 610084000,
    "sellingAndMarketingExpenses": 0,
    "sellingGeneralAndAdministrativeExpenses": 610084000,
    "otherExpenses": 0,
    "operatingExpenses": 610084000,
    "costAndExpenses": 1818655000,
    "interestIncome": 0,
    "interestExpense": 15076000,
    "depreciationAndAmortization": 0,
    "ebitda": 0,
    "ebitdaratio": 0,
    "operatingIncome": 138245000,
    "operatingIncomeRatio": 0.0668398199,
    "totalOtherIncomeExpensesNet": 111403000,
    "incomeBeforeTax": 249648000,
    "incomeBeforeTaxRatio": 0.1207018507,
    "incomeTaxExpense": 86388000,
    "netIncome": 163260000,
    "netIncomeRatio": 0.0789342761,
    "eps": 1.84,
    "epsdiluted": 1.81,
    "weightedAverageShsOut": 88772845,
    "weightedAverageShsOutDil": 90069097,
    "link": "https://www.sec.gov/Archives/edgar/data/1267238/000119312512204821/0001193125-12-204821-index.htm",
    "finalLink": "https://www.sec.gov/Archives/edgar/data/1267238/000119312512204821/d339874d10q.htm"
  },
  {
    "date": "2011-12-31",
    "symbol": "AIZ",
    "reportedCurrency": "USD",
    "cik": "0001267238",
    "fillingDate": "2012-02-23",
    "acceptedDate": "2012-02-23 16:25:39",
    "calendarYear": "2011",
    "period": "Q4",
    "revenue": 2111531000,
    "costOfRevenue": 0,
    "grossProfit": 2111531000,
    "grossProfitRatio": 1,
    "researchAndDevelopmentExpenses": 0,
    "generalAndAdministrativeExpenses": 607884000,
    "sellingAndMarketingExpenses": 0,
    "sellingGeneralAndAdministrativeExpenses": 607884000,
    "otherExpenses": -4017179000,
    "operatingExpenses": 607884000,
    "costAndExpenses": 1858442000,
    "interestIncome": 0,
    "interestExpense": 15076000,
    "depreciationAndAmortization": 0,
    "ebitda": 0,
    "ebitdaratio": 0,
    "operatingIncome": 163616000,
    "operatingIncomeRatio": 0.0774869041,
    "totalOtherIncomeExpensesNet": 89473000,
    "incomeBeforeTax": 253089000,
    "incomeBeforeTaxRatio": 0.1198604236,
    "incomeTaxExpense": 90834000,
    "netIncome": 162255000,
    "netIncomeRatio": 0.076842348,
    "eps": 1.71,
    "epsdiluted": 1.67,
    "weightedAverageShsOut": 92309978,
    "weightedAverageShsOutDil": 94299100,
    "link": "https://www.sec.gov/Archives/edgar/data/1267238/000119312512075371/0001193125-12-075371-index.htm",
    "finalLink": "https://www.sec.gov/Archives/edgar/data/1267238/000119312512075371/d257568d10k.htm"
  },
  {
    "date": "2011-09-30",
    "symbol": "AIZ",
    "reportedCurrency": "USD",
    "cik": "0001267238",
    "fillingDate": "2011-11-02",
    "acceptedDate": "2011-11-02 17:28:58",
    "calendarYear": "2011",
    "period": "Q3",
    "revenue": 2061715000,
    "costOfRevenue": 0,
    "grossProfit": 2061715000,
    "grossProfitRatio": 1,
    "researchAndDevelopmentExpenses": 0,
    "generalAndAdministrativeExpenses": 562346000,
    "sellingAndMarketingExpenses": 33764000,
    "sellingGeneralAndAdministrativeExpenses": 596110000,
    "otherExpenses": 0,
    "operatingExpenses": 562346000,
    "costAndExpenses": 1949292000,
    "interestIncome": 0,
    "interestExpense": 15078000,
    "depreciationAndAmortization": 0,
    "ebitda": 5845000,
    "ebitdaratio": 0.0028350184,
    "operatingIncome": 5845000,
    "operatingIncomeRatio": 0.0028350184,
    "totalOtherIncomeExpensesNet": 106578000,
    "incomeBeforeTax": 112423000,
    "incomeBeforeTaxRatio": 0.0545288752,
    "incomeTaxExpense": 38386000,
    "netIncome": 74037000,
    "netIncomeRatio": 0.035910395,
    "eps": 0.8,
    "epsdiluted": 0.79,
    "weightedAverageShsOut": 95351601,
    "weightedAverageShsOutDil": 96303012,
    "link": "https://www.sec.gov/Archives/edgar/data/1267238/000119312511293060/0001193125-11-293060-index.htm",
    "finalLink": "https://www.sec.gov/Archives/edgar/data/1267238/000119312511293060/d230557d10q.htm"
  },
  {
    "date": "2011-06-30",
    "symbol": "AIZ",
    "reportedCurrency": "USD",
    "cik": "0001267238",
    "fillingDate": "2011-08-03",
    "acceptedDate": "2011-08-03 16:43:58",
    "calendarYear": "2011",
    "period": "Q2",
    "revenue": 2062887000,
    "costOfRevenue": 0,
    "grossProfit": 2062887000,
    "grossProfitRatio": 1,
    "researchAndDevelopmentExpenses": 0,
    "generalAndAdministrativeExpenses": 565674000,
    "sellingAndMarketingExpenses": 33054000,
    "sellingGeneralAndAdministrativeExpenses": 598728000,
    "otherExpenses": 0,
    "operatingExpenses": 565674000,
    "costAndExpenses": 1932245000,
    "interestIncome": 0,
    "interestExpense": 15075000,
    "depreciationAndAmortization": 0,
    "ebitda": 31058000,
    "ebitdaratio": 0.0150555993,
    "operatingIncome": 31058000,
    "operatingIncomeRatio": 0.0150555993,
    "totalOtherIncomeExpensesNet": 99584000,
    "incomeBeforeTax": 130642000,
    "incomeBeforeTaxRatio": 0.0633296928,
    "incomeTaxExpense": -34374000,
    "netIncome": 165016000,
    "netIncomeRatio": 0.079992748,
    "eps": 1.7,
    "epsdiluted": 1.68,
    "weightedAverageShsOut": 97713045,
    "weightedAverageShsOutDil": 98690114,
    "link": "https://www.sec.gov/Archives/edgar/data/1267238/000119312511208299/0001193125-11-208299-index.htm",
    "finalLink": "https://www.sec.gov/Archives/edgar/data/1267238/000119312511208299/d10q.htm"
  },
  {
    "date": "2011-03-31",
    "symbol": "AIZ",
    "reportedCurrency": "USD",
    "cik": "0001267238",
    "fillingDate": "2011-05-04",
    "acceptedDate": "2011-05-04 16:38:12",
    "calendarYear": "2011",
    "period": "Q1",
    "revenue": 2036671000,
    "costOfRevenue": 0,
    "grossProfit": 2036671000,
    "grossProfitRatio": 1,
    "researchAndDevelopmentExpenses": 0,
    "generalAndAdministrativeExpenses": 557801000,
    "sellingAndMarketingExpenses": 30745000,
    "sellingGeneralAndAdministrativeExpenses": 588546000,
    "otherExpenses": 0,
    "operatingExpenses": 557801000,
    "costAndExpenses": 1822245000,
    "interestIncome": 0,
    "interestExpense": 15131000,
    "depreciationAndAmortization": 0,
    "ebitda": 0,
    "ebitdaratio": 0,
    "operatingIncome": 120551000,
    "operatingIncomeRatio": 0.0591902178,
    "totalOtherIncomeExpensesNet": 93875000,
    "incomeBeforeTax": 214426000,
    "incomeBeforeTaxRatio": 0.1052825911,
    "incomeTaxExpense": 73675000,
    "netIncome": 140751000,
    "netIncomeRatio": 0.0691083636,
    "eps": 1.4,
    "epsdiluted": 1.39,
    "weightedAverageShsOut": 101194814,
    "weightedAverageShsOutDil": 101974815,
    "link": "https://www.sec.gov/Archives/edgar/data/1267238/000119312511126198/0001193125-11-126198-index.htm",
    "finalLink": "https://www.sec.gov/Archives/edgar/data/1267238/000119312511126198/d10q.htm"
  },
  {
    "date": "2010-12-31",
    "symbol": "AIZ",
    "reportedCurrency": "USD",
    "cik": "0001267238",
    "fillingDate": "2011-02-25",
    "acceptedDate": "2011-02-25 17:41:05",
    "calendarYear": "2010",
    "period": "Q4",
    "revenue": 2105601000,
    "costOfRevenue": 0,
    "grossProfit": 2105601000,
    "grossProfitRatio": 1,
    "researchAndDevelopmentExpenses": 0,
    "generalAndAdministrativeExpenses": 634668000,
    "sellingAndMarketingExpenses": 0,
    "sellingGeneralAndAdministrativeExpenses": 634668000,
    "otherExpenses": -3935633000,
    "operatingExpenses": 634668000,
    "costAndExpenses": 2227711000,
    "interestIncome": 0,
    "interestExpense": 15162000,
    "depreciationAndAmortization": 0,
    "ebitda": -205539000,
    "ebitdaratio": -0.0976153602,
    "operatingIncome": -205539000,
    "operatingIncomeRatio": -0.0976153602,
    "totalOtherIncomeExpensesNet": -122110000,
    "incomeBeforeTax": -122110000,
    "incomeBeforeTaxRatio": -0.0579929436,
    "incomeTaxExpense": 62281000,
    "netIncome": -184391000,
    "netIncomeRatio": -0.0875716719,
    "eps": -1.74,
    "epsdiluted": -1.71,
    "weightedAverageShsOut": 106117530,
    "weightedAverageShsOutDil": 107519487,
    "link": "https://www.sec.gov/Archives/edgar/data/1267238/000119312511047709/0001193125-11-047709-index.htm",
    "finalLink": "https://www.sec.gov/Archives/edgar/data/1267238/000119312511047709/d10ka.htm"
  },
  {
    "date": "2010-09-30",
    "symbol": "AIZ",
    "reportedCurrency": "USD",
    "cik": "0001267238",
    "fillingDate": "2010-11-03",
    "acceptedDate": "2010-11-03 16:45:37",
    "calendarYear": "2010",
    "period": "Q3",
    "revenue": 2113971000,
    "costOfRevenue": 0,
    "grossProfit": 2113971000,
    "grossProfitRatio": 1,
    "researchAndDevelopmentExpenses": 0,
    "generalAndAdministrativeExpenses": 581974000,
    "sellingAndMarketingExpenses": 0,
    "sellingGeneralAndAdministrativeExpenses": 581974000,
    "otherExpenses": 0,
    "operatingExpenses": 581974000,
    "costAndExpenses": 1887239000,
    "interestIncome": 0,
    "interestExpense": 15162000,
    "depreciationAndAmortization": 0,
    "ebitda": 0,
    "ebitdaratio": 0,
    "operatingIncome": 127488000,
    "operatingIncomeRatio": 0.0603073552,
    "totalOtherIncomeExpensesNet": 99244000,
    "incomeBeforeTax": 226732000,
    "incomeBeforeTaxRatio": 0.107254073,
    "incomeTaxExpense": 85062000,
    "netIncome": 141670000,
    "netIncomeRatio": 0.0670160565,
    "eps": 1.31,
    "epsdiluted": 1.3,
    "weightedAverageShsOut": 107806207,
    "weightedAverageShsOutDil": 108584282,
    "link": "https://www.sec.gov/Archives/edgar/data/1267238/000119312510246237/0001193125-10-246237-index.htm",
    "finalLink": "https://www.sec.gov/Archives/edgar/data/1267238/000119312510246237/d10q.htm"
  },
  {
    "date": "2010-06-30",
    "symbol": "AIZ",
    "reportedCurrency": "USD",
    "cik": "0001267238",
    "fillingDate": "2010-08-05",
    "acceptedDate": "2010-08-04 17:48:45",
    "calendarYear": "2010",
    "period": "Q2",
    "revenue": 2140294000,
    "costOfRevenue": 0,
    "grossProfit": 2140294000,
    "grossProfitRatio": 1,
    "researchAndDevelopmentExpenses": 0,
    "generalAndAdministrativeExpenses": 604244000,
    "sellingAndMarketingExpenses": 0,
    "sellingGeneralAndAdministrativeExpenses": 604244000,
    "otherExpenses": 0,
    "operatingExpenses": 604244000,
    "costAndExpenses": 1886838000,
    "interestIncome": 0,
    "interestExpense": 15161000,
    "depreciationAndAmortization": 0,
    "ebitda": 0,
    "ebitdaratio": 0,
    "operatingIncome": 163429000,
    "operatingIncomeRatio": 0.0763582013,
    "totalOtherIncomeExpensesNet": 90027000,
    "incomeBeforeTax": 253456000,
    "incomeBeforeTaxRatio": 0.1184211141,
    "incomeTaxExpense": 88781000,
    "netIncome": 164675000,
    "netIncomeRatio": 0.0769403643,
    "eps": 1.47,
    "epsdiluted": 1.46,
    "weightedAverageShsOut": 111893858,
    "weightedAverageShsOutDil": 112715117,
    "link": "https://www.sec.gov/Archives/edgar/data/1267238/000119312510177476/0001193125-10-177476-index.htm",
    "finalLink": "https://www.sec.gov/Archives/edgar/data/1267238/000119312510177476/d10q.htm"
  },
  {
    "date": "2010-03-31",
    "symbol": "AIZ",
    "reportedCurrency": "USD",
    "cik": "0001267238",
    "fillingDate": "2010-05-05",
    "acceptedDate": "2010-05-05 08:48:57",
    "calendarYear": "2010",
    "period": "Q1",
    "revenue": 2167856000,
    "costOfRevenue": 0,
    "grossProfit": 2167856000,
    "grossProfitRatio": 1,
    "researchAndDevelopmentExpenses": 0,
    "generalAndAdministrativeExpenses": 571149000,
    "sellingAndMarketingExpenses": 0,
    "sellingGeneralAndAdministrativeExpenses": 571149000,
    "otherExpenses": 0,
    "operatingExpenses": 571149000,
    "costAndExpenses": 1919490000,
    "interestIncome": 0,
    "interestExpense": 15161000,
    "depreciationAndAmortization": 0,
    "ebitda": 0,
    "ebitdaratio": 0,
    "operatingIncome": 171721000,
    "operatingIncomeRatio": 0.0792123647,
    "totalOtherIncomeExpensesNet": 76645000,
    "incomeBeforeTax": 248366000,
    "incomeBeforeTaxRatio": 0.1145675728,
    "incomeTaxExpense": 91143000,
    "netIncome": 157223000,
    "netIncomeRatio": 0.0725246511,
    "eps": 1.35,
    "epsdiluted": 1.34,
    "weightedAverageShsOut": 116817005,
    "weightedAverageShsOutDil": 117194873,
    "link": "https://www.sec.gov/Archives/edgar/data/1267238/000119312510107842/0001193125-10-107842-index.htm",
    "finalLink": "https://www.sec.gov/Archives/edgar/data/1267238/000119312510107842/d10q.htm"
  },
  {
    "date": "2009-12-31",
    "symbol": "AIZ",
    "reportedCurrency": "USD",
    "cik": "0001267238",
    "fillingDate": "2010-02-25",
    "acceptedDate": "2010-02-25 17:27:16",
    "calendarYear": "2009",
    "period": "Q4",
    "revenue": 2182142000,
    "costOfRevenue": 0,
    "grossProfit": 2182142000,
    "grossProfitRatio": 1,
    "researchAndDevelopmentExpenses": 0,
    "generalAndAdministrativeExpenses": 620523000,
    "sellingAndMarketingExpenses": 0,
    "sellingGeneralAndAdministrativeExpenses": 620523000,
    "otherExpenses": -4113159000,
    "operatingExpenses": 620523000,
    "costAndExpenses": 2120987000,
    "interestIncome": 0,
    "interestExpense": 15160000,
    "depreciationAndAmortization": 0,
    "ebitda": -32517000,
    "ebitdaratio": -0.0149014134,
    "operatingIncome": -32517000,
    "operatingIncomeRatio": -0.0149014134,
    "totalOtherIncomeExpensesNet": 93672000,
    "incomeBeforeTax": 61155000,
    "incomeBeforeTaxRatio": 0.0280252156,
    "incomeTaxExpense": 49214000,
    "netIncome": 11941000,
    "netIncomeRatio": 0.0054721462,
    "eps": 0.11,
    "epsdiluted": 0.09,
    "weightedAverageShsOut": 117584454,
    "weightedAverageShsOutDil": 119198168,
    "link": "https://www.sec.gov/Archives/edgar/data/1267238/000119312510040943/0001193125-10-040943-index.htm",
    "finalLink": "https://www.sec.gov/Archives/edgar/data/1267238/000119312510040943/d10k.htm"
  },
  {
    "date": "2009-09-30",
    "symbol": "AIZ",
    "reportedCurrency": "USD",
    "cik": "0001267238",
    "fillingDate": "2009-11-04",
    "acceptedDate": "2009-11-04 16:55:26",
    "calendarYear": "2009",
    "period": "Q3",
    "revenue": 2156873000,
    "costOfRevenue": 0,
    "grossProfit": 2156873000,
    "grossProfitRatio": 1,
    "researchAndDevelopmentExpenses": 0,
    "generalAndAdministrativeExpenses": 601120000,
    "sellingAndMarketingExpenses": 0,
    "sellingGeneralAndAdministrativeExpenses": 601120000,
    "otherExpenses": 0,
    "operatingExpenses": 601120000,
    "costAndExpenses": 1947807000,
    "interestIncome": 0,
    "interestExpense": 15160000,
    "depreciationAndAmortization": 0,
    "ebitda": 0,
    "ebitdaratio": 0,
    "operatingIncome": 119737000,
    "operatingIncomeRatio": 0.0555141633,
    "totalOtherIncomeExpensesNet": 89329000,
    "incomeBeforeTax": 209066000,
    "incomeBeforeTaxRatio": 0.0969301391,
    "incomeTaxExpense": 64336000,
    "netIncome": 144730000,
    "netIncomeRatio": 0.0671017719,
    "eps": 1.22,
    "epsdiluted": 1.22,
    "weightedAverageShsOut": 118184367,
    "weightedAverageShsOutDil": 118291841,
    "link": "https://www.sec.gov/Archives/edgar/data/1267238/000119312509223907/0001193125-09-223907-index.htm",
    "finalLink": "https://www.sec.gov/Archives/edgar/data/1267238/000119312509223907/d10q.htm"
  },
  {
    "date": "2009-06-30",
    "symbol": "AIZ",
    "reportedCurrency": "USD",
    "cik": "0001267238",
    "fillingDate": "2009-08-06",
    "acceptedDate": "2009-08-05 17:55:57",
    "calendarYear": "2009",
    "period": "Q2",
    "revenue": 2273609000,
    "costOfRevenue": 0,
    "grossProfit": 2273609000,
    "grossProfitRatio": 1,
    "researchAndDevelopmentExpenses": 0,
    "generalAndAdministrativeExpenses": 589036000,
    "sellingAndMarketingExpenses": 0,
    "sellingGeneralAndAdministrativeExpenses": 589036000,
    "otherExpenses": 0,
    "operatingExpenses": 589036000,
    "costAndExpenses": 1992091000,
    "interestIncome": 0,
    "interestExpense": 15160000,
    "depreciationAndAmortization": 0,
    "ebitda": 59315000,
    "ebitdaratio": 0.0260884787,
    "operatingIncome": 59315000,
    "operatingIncomeRatio": 0.0260884787,
    "totalOtherIncomeExpensesNet": 222203000,
    "incomeBeforeTax": 281518000,
    "incomeBeforeTaxRatio": 0.1238198828,
    "incomeTaxExpense": 88196000,
    "netIncome": 193322000,
    "netIncomeRatio": 0.0850286923,
    "eps": 1.63,
    "epsdiluted": 1.63,
    "weightedAverageShsOut": 118482958,
    "weightedAverageShsOutDil": 118728304,
    "link": "https://www.sec.gov/Archives/edgar/data/1267238/000119312509165642/0001193125-09-165642-index.htm",
    "finalLink": "https://www.sec.gov/Archives/edgar/data/1267238/000119312509165642/d10q.htm"
  },
  {
    "date": "2009-03-31",
    "symbol": "AIZ",
    "reportedCurrency": "USD",
    "cik": "0001267238",
    "fillingDate": "2009-05-06",
    "acceptedDate": "2009-05-06 11:48:46",
    "calendarYear": "2009",
    "period": "Q1",
    "revenue": 2087877000,
    "costOfRevenue": 0,
    "grossProfit": 2087877000,
    "grossProfitRatio": 1,
    "researchAndDevelopmentExpenses": 0,
    "generalAndAdministrativeExpenses": 566685000,
    "sellingAndMarketingExpenses": 0,
    "sellingGeneralAndAdministrativeExpenses": 566685000,
    "otherExpenses": 0,
    "operatingExpenses": 566685000,
    "costAndExpenses": 1930010000,
    "interestIncome": 0,
    "interestExpense": 15189000,
    "depreciationAndAmortization": 0,
    "ebitda": 0,
    "ebitdaratio": 0,
    "operatingIncome": 74161000,
    "operatingIncomeRatio": 0.0355198127,
    "totalOtherIncomeExpensesNet": 83706000,
    "incomeBeforeTax": 157867000,
    "incomeBeforeTaxRatio": 0.0756112549,
    "incomeTaxExpense": 77286000,
    "netIncome": 80581000,
    "netIncomeRatio": 0.0385947065,
    "eps": 0.68,
    "epsdiluted": 0.68,
    "weightedAverageShsOut": 117891543,
    "weightedAverageShsOutDil": 117967747,
    "link": "https://www.sec.gov/Archives/edgar/data/1267238/000119312509101109/0001193125-09-101109-index.htm",
    "finalLink": "https://www.sec.gov/Archives/edgar/data/1267238/000119312509101109/d10q.htm"
  },
  {
    "date": "2008-12-31",
    "symbol": "AIZ",
    "reportedCurrency": "USD",
    "cik": "0001267238",
    "fillingDate": "2009-02-27",
    "acceptedDate": "2009-02-27 12:28:10",
    "calendarYear": "2008",
    "period": "Q4",
    "revenue": 2220608000,
    "costOfRevenue": 0,
    "grossProfit": 2220608000,
    "grossProfitRatio": 1,
    "researchAndDevelopmentExpenses": 0,
    "generalAndAdministrativeExpenses": 604539000,
    "sellingAndMarketingExpenses": 2377000,
    "sellingGeneralAndAdministrativeExpenses": 606916000,
    "otherExpenses": -4326369000,
    "operatingExpenses": 604539000,
    "costAndExpenses": 2029152000,
    "interestIncome": 0,
    "interestExpense": 15188000,
    "depreciationAndAmortization": 0,
    "ebitda": 0,
    "ebitdaratio": 0,
    "operatingIncome": 113745000,
    "operatingIncomeRatio": 0.051222458,
    "totalOtherIncomeExpensesNet": 77711000,
    "incomeBeforeTax": 191456000,
    "incomeBeforeTaxRatio": 0.0862178286,
    "incomeTaxExpense": 9015000,
    "netIncome": 182441000,
    "netIncomeRatio": 0.0821581297,
    "eps": 1.54,
    "epsdiluted": 1.54,
    "weightedAverageShsOut": 117626689,
    "weightedAverageShsOutDil": 118072963,
    "link": "https://www.sec.gov/Archives/edgar/data/1267238/000119312509040498/0001193125-09-040498-index.htm",
    "finalLink": "https://www.sec.gov/Archives/edgar/data/1267238/000119312509040498/d10k.htm"
  },
  {
    "date": "2008-09-30",
    "symbol": "AIZ",
    "reportedCurrency": "USD",
    "cik": "0001267238",
    "fillingDate": "2008-11-04",
    "acceptedDate": "2008-11-04 17:04:00",
    "calendarYear": "2008",
    "period": "Q3",
    "revenue": 1954535000,
    "costOfRevenue": 0,
    "grossProfit": 1954535000,
    "grossProfitRatio": 1,
    "researchAndDevelopmentExpenses": 0,
    "generalAndAdministrativeExpenses": 585050000,
    "sellingAndMarketingExpenses": 0,
    "sellingGeneralAndAdministrativeExpenses": 585050000,
    "otherExpenses": 0,
    "operatingExpenses": 585050000,
    "costAndExpenses": 2118055000,
    "interestIncome": 0,
    "interestExpense": 15190000,
    "depreciationAndAmortization": 0,
    "ebitda": -233431000,
    "ebitdaratio": -0.1194304528,
    "operatingIncome": -233431000,
    "operatingIncomeRatio": -0.1194304528,
    "totalOtherIncomeExpensesNet": -163520000,
    "incomeBeforeTax": -163520000,
    "incomeBeforeTaxRatio": -0.0836618428,
    "incomeTaxExpense": -52091000,
    "netIncome": -111429000,
    "netIncomeRatio": -0.057010491,
    "eps": -0.95,
    "epsdiluted": -0.95,
    "weightedAverageShsOut": 117750167,
    "weightedAverageShsOutDil": 117750167,
    "link": "https://www.sec.gov/Archives/edgar/data/1267238/000119312508224398/0001193125-08-224398-index.htm",
    "finalLink": "https://www.sec.gov/Archives/edgar/data/1267238/000119312508224398/d10q.htm"
  },
  {
    "date": "2008-06-30",
    "symbol": "AIZ",
    "reportedCurrency": "USD",
    "cik": "0001267238",
    "fillingDate": "2008-08-04",
    "acceptedDate": "2008-08-04 16:19:58",
    "calendarYear": "2008",
    "period": "Q2",
    "revenue": 2248760000,
    "costOfRevenue": 0,
    "grossProfit": 2248760000,
    "grossProfitRatio": 1,
    "researchAndDevelopmentExpenses": 0,
    "generalAndAdministrativeExpenses": 560763000,
    "sellingAndMarketingExpenses": 0,
    "sellingGeneralAndAdministrativeExpenses": 560763000,
    "otherExpenses": 0,
    "operatingExpenses": 560763000,
    "costAndExpenses": 1999346000,
    "interestIncome": 0,
    "interestExpense": 15287000,
    "depreciationAndAmortization": 0,
    "ebitda": 0,
    "ebitdaratio": 0,
    "operatingIncome": 170134000,
    "operatingIncomeRatio": 0.0756568064,
    "totalOtherIncomeExpensesNet": 79280000,
    "incomeBeforeTax": 249414000,
    "incomeBeforeTaxRatio": 0.1109117914,
    "incomeTaxExpense": 59460000,
    "netIncome": 189954000,
    "netIncomeRatio": 0.0844705527,
    "eps": 1.61,
    "epsdiluted": 1.59,
    "weightedAverageShsOut": 118309388,
    "weightedAverageShsOutDil": 119640883,
    "link": "https://www.sec.gov/Archives/edgar/data/1267238/000119312508164954/0001193125-08-164954-index.htm",
    "finalLink": "https://www.sec.gov/Archives/edgar/data/1267238/000119312508164954/d10q.htm"
  },
  {
    "date": "2008-03-31",
    "symbol": "AIZ",
    "reportedCurrency": "USD",
    "cik": "0001267238",
    "fillingDate": "2008-05-12",
    "acceptedDate": "2008-05-12 17:04:51",
    "calendarYear": "2008",
    "period": "Q1",
    "revenue": 2177325000,
    "costOfRevenue": 0,
    "grossProfit": 2177325000,
    "grossProfitRatio": 1,
    "researchAndDevelopmentExpenses": 0,
    "generalAndAdministrativeExpenses": 535818000,
    "sellingAndMarketingExpenses": -2376000,
    "sellingGeneralAndAdministrativeExpenses": 533442000,
    "otherExpenses": 0,
    "operatingExpenses": 535818000,
    "costAndExpenses": 1891397000,
    "interestIncome": 0,
    "interestExpense": 15288000,
    "depreciationAndAmortization": 0,
    "ebitda": 0,
    "ebitdaratio": 0,
    "operatingIncome": 212030000,
    "operatingIncomeRatio": 0.0973809606,
    "totalOtherIncomeExpensesNet": 73898000,
    "incomeBeforeTax": 285928000,
    "incomeBeforeTaxRatio": 0.131320772,
    "incomeTaxExpense": 99098000,
    "netIncome": 186830000,
    "netIncomeRatio": 0.0858071257,
    "eps": 1.58,
    "epsdiluted": 1.56,
    "weightedAverageShsOut": 118103519,
    "weightedAverageShsOutDil": 119387321,
    "link": "https://www.sec.gov/Archives/edgar/data/1267238/000119312508111729/0001193125-08-111729-index.htm",
    "finalLink": "https://www.sec.gov/Archives/edgar/data/1267238/000119312508111729/d10q.htm"
  },
  {
    "date": "2007-12-31",
    "symbol": "AIZ",
    "reportedCurrency": "USD",
    "cik": "0001267238",
    "fillingDate": "2008-03-03",
    "acceptedDate": "2008-03-03 06:20:58",
    "calendarYear": "2007",
    "period": "Q4",
    "revenue": 2183333000,
    "costOfRevenue": 0,
    "grossProfit": 2183333000,
    "grossProfitRatio": 1,
    "researchAndDevelopmentExpenses": 0,
    "generalAndAdministrativeExpenses": 593018000,
    "sellingAndMarketingExpenses": 0,
    "sellingGeneralAndAdministrativeExpenses": 593018000,
    "otherExpenses": -3810167000,
    "operatingExpenses": 593018000,
    "costAndExpenses": 1986430000,
    "interestIncome": 0,
    "interestExpense": 15297000,
    "depreciationAndAmortization": 0,
    "ebitda": 0,
    "ebitdaratio": 0,
    "operatingIncome": 115914000,
    "operatingIncomeRatio": 0.0530903898,
    "totalOtherIncomeExpensesNet": 80989000,
    "incomeBeforeTax": 196903000,
    "incomeBeforeTaxRatio": 0.0901845939,
    "incomeTaxExpense": 76085000,
    "netIncome": 120818000,
    "netIncomeRatio": 0.055336497,
    "eps": 1.03,
    "epsdiluted": 1.01,
    "weightedAverageShsOut": 117736811,
    "weightedAverageShsOutDil": 119560739,
    "link": "https://www.sec.gov/Archives/edgar/data/1267238/000119312508044379/0001193125-08-044379-index.htm",
    "finalLink": "https://www.sec.gov/Archives/edgar/data/1267238/000119312508044379/d10k.htm"
  },
  {
    "date": "2007-09-30",
    "symbol": "AIZ",
    "reportedCurrency": "USD",
    "cik": "0001267238",
    "fillingDate": "2007-11-09",
    "acceptedDate": "2007-11-09 17:05:39",
    "calendarYear": "2007",
    "period": "Q3",
    "revenue": 2148192000,
    "costOfRevenue": 0,
    "grossProfit": 2148192000,
    "grossProfitRatio": 1,
    "researchAndDevelopmentExpenses": 0,
    "generalAndAdministrativeExpenses": 552717000,
    "sellingAndMarketingExpenses": 741000,
    "sellingGeneralAndAdministrativeExpenses": 553458000,
    "otherExpenses": 0,
    "operatingExpenses": 552717000,
    "costAndExpenses": 1864047000,
    "interestIncome": 0,
    "interestExpense": 15288000,
    "depreciationAndAmortization": 0,
    "ebitda": 0,
    "ebitdaratio": 0,
    "operatingIncome": 218612000,
    "operatingIncomeRatio": 0.1017655778,
    "totalOtherIncomeExpensesNet": 65533000,
    "incomeBeforeTax": 284145000,
    "incomeBeforeTaxRatio": 0.1322716964,
    "incomeTaxExpense": 96954000,
    "netIncome": 187191000,
    "netIncomeRatio": 0.0871388591,
    "eps": 1.58,
    "epsdiluted": 1.56,
    "weightedAverageShsOut": 118447175,
    "weightedAverageShsOutDil": 119741434,
    "link": "https://www.sec.gov/Archives/edgar/data/1267238/000119312507242632/0001193125-07-242632-index.htm",
    "finalLink": "https://www.sec.gov/Archives/edgar/data/1267238/000119312507242632/d10q.htm"
  },
  {
    "date": "2007-06-30",
    "symbol": "AIZ",
    "reportedCurrency": "USD",
    "cik": "0001267238",
    "fillingDate": "2007-08-09",
    "acceptedDate": "2007-08-09 17:19:21",
    "calendarYear": "2007",
    "period": "Q2",
    "revenue": 2064727000,
    "costOfRevenue": 0,
    "grossProfit": 2064727000,
    "grossProfitRatio": 1,
    "researchAndDevelopmentExpenses": 0,
    "generalAndAdministrativeExpenses": 538831000,
    "sellingAndMarketingExpenses": 1028000,
    "sellingGeneralAndAdministrativeExpenses": 539859000,
    "otherExpenses": 0,
    "operatingExpenses": 538831000,
    "costAndExpenses": 1812253000,
    "interestIncome": 0,
    "interestExpense": 15296000,
    "depreciationAndAmortization": 0,
    "ebitda": 0,
    "ebitdaratio": 0,
    "operatingIncome": 181896000,
    "operatingIncomeRatio": 0.0880968767,
    "totalOtherIncomeExpensesNet": 70578000,
    "incomeBeforeTax": 252474000,
    "incomeBeforeTaxRatio": 0.122279604,
    "incomeTaxExpense": 86194000,
    "netIncome": 166280000,
    "netIncomeRatio": 0.0805336492,
    "eps": 1.38,
    "epsdiluted": 1.36,
    "weightedAverageShsOut": 120657052,
    "weightedAverageShsOutDil": 122492504,
    "link": "https://www.sec.gov/Archives/edgar/data/1267238/000119312507177659/0001193125-07-177659-index.htm",
    "finalLink": "https://www.sec.gov/Archives/edgar/data/1267238/000119312507177659/d10q.htm"
  },
  {
    "date": "2007-03-31",
    "symbol": "AIZ",
    "reportedCurrency": "USD",
    "cik": "0001267238",
    "fillingDate": "2007-05-09",
    "acceptedDate": "2007-05-09 16:47:05",
    "calendarYear": "2007",
    "period": "Q1",
    "revenue": 2057263000,
    "costOfRevenue": 0,
    "grossProfit": 2057263000,
    "grossProfitRatio": 1,
    "researchAndDevelopmentExpenses": 0,
    "generalAndAdministrativeExpenses": 554285000,
    "sellingAndMarketingExpenses": 927000,
    "sellingGeneralAndAdministrativeExpenses": 555212000,
    "otherExpenses": 0,
    "operatingExpenses": 554285000,
    "costAndExpenses": 1779745000,
    "interestIncome": 0,
    "interestExpense": 15297000,
    "depreciationAndAmortization": 0,
    "ebitda": 0,
    "ebitdaratio": 0,
    "operatingIncome": 202230000,
    "operatingIncomeRatio": 0.098300509,
    "totalOtherIncomeExpensesNet": 75288000,
    "incomeBeforeTax": 277518000,
    "incomeBeforeTaxRatio": 0.134896705,
    "incomeTaxExpense": 98061000,
    "netIncome": 179457000,
    "netIncomeRatio": 0.0872309471,
    "eps": 1.47,
    "epsdiluted": 1.45,
    "weightedAverageShsOut": 122149873,
    "weightedAverageShsOutDil": 124111534,
    "link": "https://www.sec.gov/Archives/edgar/data/1267238/000119312507108295/0001193125-07-108295-index.htm",
    "finalLink": "https://www.sec.gov/Archives/edgar/data/1267238/000119312507108295/d10q.htm"
  },
  {
    "date": "2006-12-31",
    "symbol": "AIZ",
    "reportedCurrency": "USD",
    "cik": "0001267238",
    "fillingDate": "2007-03-01",
    "acceptedDate": "2007-03-01 16:22:33",
    "calendarYear": "2006",
    "period": "Q4",
    "revenue": 2207633000,
    "costOfRevenue": 0,
    "grossProfit": 2207633000,
    "grossProfitRatio": 1,
    "researchAndDevelopmentExpenses": 0,
    "generalAndAdministrativeExpenses": 598821000,
    "sellingAndMarketingExpenses": 0,
    "sellingGeneralAndAdministrativeExpenses": 598821000,
    "otherExpenses": -3566282000,
    "operatingExpenses": 598821000,
    "costAndExpenses": 1817451000,
    "interestIncome": 0,
    "interestExpense": 15306000,
    "depreciationAndAmortization": 0,
    "ebitda": 0,
    "ebitdaratio": 0,
    "operatingIncome": 250443000,
    "operatingIncomeRatio": 0.1134441277,
    "totalOtherIncomeExpensesNet": 139739000,
    "incomeBeforeTax": 390182000,
    "incomeBeforeTaxRatio": 0.1767422393,
    "incomeTaxExpense": 137675000,
    "netIncome": 252507000,
    "netIncomeRatio": 0.1143790657,
    "eps": 2.03,
    "epsdiluted": 1.99,
    "weightedAverageShsOut": 123153882,
    "weightedAverageShsOutDil": 125618413,
    "link": "https://www.sec.gov/Archives/edgar/data/1267238/000119312507044409/0001193125-07-044409-index.htm",
    "finalLink": "https://www.sec.gov/Archives/edgar/data/1267238/000119312507044409/d10k.htm"
  },
  {
    "date": "2006-09-30",
    "symbol": "AIZ",
    "reportedCurrency": "USD",
    "cik": "0001267238",
    "fillingDate": "2006-11-14",
    "acceptedDate": "2006-11-14 17:02:06",
    "calendarYear": "2006",
    "period": "Q3",
    "revenue": 1984079000,
    "costOfRevenue": 0,
    "grossProfit": 1984079000,
    "grossProfitRatio": 1,
    "researchAndDevelopmentExpenses": 0,
    "generalAndAdministrativeExpenses": 551042000,
    "sellingAndMarketingExpenses": 0,
    "sellingGeneralAndAdministrativeExpenses": 551042000,
    "otherExpenses": 0,
    "operatingExpenses": 551042000,
    "costAndExpenses": 1753038000,
    "interestIncome": 0,
    "interestExpense": 15307000,
    "depreciationAndAmortization": 0,
    "ebitda": 0,
    "ebitdaratio": 0,
    "operatingIncome": 142599000,
    "operatingIncomeRatio": 0.0718716341,
    "totalOtherIncomeExpensesNet": 88442000,
    "incomeBeforeTax": 231041000,
    "incomeBeforeTaxRatio": 0.1164474802,
    "incomeTaxExpense": 79738000,
    "netIncome": 151303000,
    "netIncomeRatio": 0.0762585562,
    "eps": 1.2,
    "epsdiluted": 1.18,
    "weightedAverageShsOut": 125793731,
    "weightedAverageShsOutDil": 127766049,
    "link": "https://www.sec.gov/Archives/edgar/data/1267238/000119312506235029/0001193125-06-235029-index.htm",
    "finalLink": "https://www.sec.gov/Archives/edgar/data/1267238/000119312506235029/d10q.htm"
  },
  {
    "date": "2006-06-30",
    "symbol": "AIZ",
    "reportedCurrency": "USD",
    "cik": "0001267238",
    "fillingDate": "2006-08-09",
    "acceptedDate": "2006-08-09 17:00:40",
    "calendarYear": "2006",
    "period": "Q2",
    "revenue": 1949090000,
    "costOfRevenue": 0,
    "grossProfit": 1949090000,
    "grossProfitRatio": 1,
    "researchAndDevelopmentExpenses": 0,
    "generalAndAdministrativeExpenses": 542627000,
    "sellingAndMarketingExpenses": 0,
    "sellingGeneralAndAdministrativeExpenses": 542627000,
    "otherExpenses": 0,
    "operatingExpenses": 542627000,
    "costAndExpenses": 1716927000,
    "interestIncome": 0,
    "interestExpense": 15315000,
    "depreciationAndAmortization": 0,
    "ebitda": 0,
    "ebitdaratio": 0,
    "operatingIncome": 151105000,
    "operatingIncomeRatio": 0.0775259224,
    "totalOtherIncomeExpensesNet": 81058000,
    "incomeBeforeTax": 232163000,
    "incomeBeforeTaxRatio": 0.119113535,
    "incomeTaxExpense": 81027000,
    "netIncome": 151136000,
    "netIncomeRatio": 0.0775418272,
    "eps": 1.18,
    "epsdiluted": 1.16,
    "weightedAverageShsOut": 128488126,
    "weightedAverageShsOutDil": 130327634,
    "link": "https://www.sec.gov/Archives/edgar/data/1267238/000119312506167916/0001193125-06-167916-index.htm",
    "finalLink": "https://www.sec.gov/Archives/edgar/data/1267238/000119312506167916/d10q.htm"
  },
  {
    "date": "2006-03-31",
    "symbol": "AIZ",
    "reportedCurrency": "USD",
    "cik": "0001267238",
    "fillingDate": "2006-05-10",
    "acceptedDate": "2006-05-10 16:47:34",
    "calendarYear": "2006",
    "period": "Q1",
    "revenue": 1929782000,
    "costOfRevenue": 0,
    "grossProfit": 1929782000,
    "grossProfitRatio": 1,
    "researchAndDevelopmentExpenses": 0,
    "generalAndAdministrativeExpenses": 497049000,
    "sellingAndMarketingExpenses": 0,
    "sellingGeneralAndAdministrativeExpenses": 497049000,
    "otherExpenses": 0,
    "operatingExpenses": 497049000,
    "costAndExpenses": 1687426000,
    "interestIncome": 0,
    "interestExpense": 15315000,
    "depreciationAndAmortization": 0,
    "ebitda": 0,
    "ebitdaratio": 0,
    "operatingIncome": 174884000,
    "operatingIncomeRatio": 0.0906237078,
    "totalOtherIncomeExpensesNet": 242356000,
    "incomeBeforeTax": 242356000,
    "incomeBeforeTaxRatio": 0.1255872425,
    "incomeTaxExpense": 81431000,
    "netIncome": 162472000,
    "netIncomeRatio": 0.0841918932,
    "eps": 1.25,
    "epsdiluted": 1.23,
    "weightedAverageShsOut": 129998426,
    "weightedAverageShsOutDil": 132000306,
    "link": "https://www.sec.gov/Archives/edgar/data/1267238/000119312506107725/0001193125-06-107725-index.htm",
    "finalLink": "https://www.sec.gov/Archives/edgar/data/1267238/000119312506107725/d10q.htm"
  },
  {
    "date": "2005-12-31",
    "symbol": "AIZ",
    "reportedCurrency": "USD",
    "cik": "0001267238",
    "fillingDate": "2006-03-10",
    "acceptedDate": "2006-03-10 17:39:10",
    "calendarYear": "2005",
    "period": "Q4",
    "revenue": 1881577000,
    "costOfRevenue": 0,
    "grossProfit": 1881577000,
    "grossProfitRatio": 1,
    "researchAndDevelopmentExpenses": 0,
    "generalAndAdministrativeExpenses": 629017000,
    "sellingAndMarketingExpenses": 0,
    "sellingGeneralAndAdministrativeExpenses": 629017000,
    "otherExpenses": -3592625000,
    "operatingExpenses": 629017000,
    "costAndExpenses": 1732165000,
    "interestIncome": 0,
    "interestExpense": 15315000,
    "depreciationAndAmortization": 0,
    "ebitda": 0,
    "ebitdaratio": 0,
    "operatingIncome": 74875000,
    "operatingIncomeRatio": 0.0397937475,
    "totalOtherIncomeExpensesNet": 74537000,
    "incomeBeforeTax": 149412000,
    "incomeBeforeTaxRatio": 0.0794078584,
    "incomeTaxExpense": 12366000,
    "netIncome": 137046000,
    "netIncomeRatio": 0.0728357117,
    "eps": 1.04,
    "epsdiluted": 1.03,
    "weightedAverageShsOut": 131005996,
    "weightedAverageShsOutDil": 131643350,
    "link": "https://www.sec.gov/Archives/edgar/data/1267238/000119312506051258/0001193125-06-051258-index.htm",
    "finalLink": "https://www.sec.gov/Archives/edgar/data/1267238/000119312506051258/d10k.htm"
  },
  {
    "date": "2005-09-30",
    "symbol": "AIZ",
    "reportedCurrency": "USD",
    "cik": "0001267238",
    "fillingDate": "2005-11-14",
    "acceptedDate": "2005-11-14 17:00:08",
    "calendarYear": "2005",
    "period": "Q3",
    "revenue": 1879441000,
    "costOfRevenue": 0,
    "grossProfit": 1879441000,
    "grossProfitRatio": 1,
    "researchAndDevelopmentExpenses": 0,
    "generalAndAdministrativeExpenses": 508080000,
    "sellingAndMarketingExpenses": 8301000,
    "sellingGeneralAndAdministrativeExpenses": 516381000,
    "otherExpenses": 0,
    "operatingExpenses": 508080000,
    "costAndExpenses": 1738067000,
    "interestIncome": 0,
    "interestExpense": 15315000,
    "depreciationAndAmortization": 0,
    "ebitda": 0,
    "ebitdaratio": 0,
    "operatingIncome": 70259000,
    "operatingIncomeRatio": 0.037382924,
    "totalOtherIncomeExpensesNet": 71115000,
    "incomeBeforeTax": 141374000,
    "incomeBeforeTaxRatio": 0.0752213025,
    "incomeTaxExpense": 41087000,
    "netIncome": 100287000,
    "netIncomeRatio": 0.053360015,
    "eps": 0.74,
    "epsdiluted": 0.74,
    "weightedAverageShsOut": 134706785,
    "weightedAverageShsOutDil": 136177498,
    "link": "https://www.sec.gov/Archives/edgar/data/1267238/000095012305013636/0000950123-05-013636-index.htm",
    "finalLink": "https://www.sec.gov/Archives/edgar/data/1267238/000095012305013636/y14646e10vq.htm"
  },
  {
    "date": "2005-06-30",
    "symbol": "AIZ",
    "reportedCurrency": "USD",
    "cik": "0001267238",
    "fillingDate": "2005-08-22",
    "acceptedDate": "2005-08-22 15:42:11",
    "calendarYear": "2005",
    "period": "Q2",
    "revenue": 1874303000,
    "costOfRevenue": 0,
    "grossProfit": 1874303000,
    "grossProfitRatio": 1,
    "researchAndDevelopmentExpenses": 0,
    "generalAndAdministrativeExpenses": 510088000,
    "sellingAndMarketingExpenses": 9696000,
    "sellingGeneralAndAdministrativeExpenses": 519784000,
    "otherExpenses": 0,
    "operatingExpenses": 510088000,
    "costAndExpenses": 1686204000,
    "interestIncome": 0,
    "interestExpense": 15314000,
    "depreciationAndAmortization": 0,
    "ebitda": 0,
    "ebitdaratio": 0,
    "operatingIncome": 118132000,
    "operatingIncomeRatio": 0.0630271626,
    "totalOtherIncomeExpensesNet": 69967000,
    "incomeBeforeTax": 188099000,
    "incomeBeforeTaxRatio": 0.1003567726,
    "incomeTaxExpense": 60475000,
    "netIncome": 127624000,
    "netIncomeRatio": 0.0680914452,
    "eps": 0.93,
    "epsdiluted": 0.92,
    "weightedAverageShsOut": 137700163,
    "weightedAverageShsOutDil": 139019388,
    "link": "https://www.sec.gov/Archives/edgar/data/1267238/000095012305010188/0000950123-05-010188-index.htm",
    "finalLink": "https://www.sec.gov/Archives/edgar/data/1267238/000095012305010188/y11871e10vq.htm"
  },
  {
    "date": "2005-03-31",
    "symbol": "AIZ",
    "reportedCurrency": "USD",
    "cik": "0001267238",
    "fillingDate": "2005-05-16",
    "acceptedDate": "2005-05-16 16:59:34",
    "calendarYear": "2005",
    "period": "Q1",
    "revenue": 1862354000,
    "costOfRevenue": 0,
    "grossProfit": 1862354000,
    "grossProfitRatio": 1,
    "researchAndDevelopmentExpenses": 0,
    "generalAndAdministrativeExpenses": 499207000,
    "sellingAndMarketingExpenses": 12141000,
    "sellingGeneralAndAdministrativeExpenses": 511348000,
    "otherExpenses": 0,
    "operatingExpenses": 499207000,
    "costAndExpenses": 1685631000,
    "interestIncome": 0,
    "interestExpense": 15314000,
    "depreciationAndAmortization": 0,
    "ebitda": 0,
    "ebitdaratio": 0,
    "operatingIncome": 110955000,
    "operatingIncomeRatio": 0.0595778246,
    "totalOtherIncomeExpensesNet": 65768000,
    "incomeBeforeTax": 176723000,
    "incomeBeforeTaxRatio": 0.0948922707,
    "incomeTaxExpense": 62325000,
    "netIncome": 114398000,
    "netIncomeRatio": 0.0614265601,
    "eps": 0.82,
    "epsdiluted": 0.82,
    "weightedAverageShsOut": 139736533,
    "weightedAverageShsOutDil": 139833013,
    "link": "https://www.sec.gov/Archives/edgar/data/1267238/000095012305006387/0000950123-05-006387-index.htm",
    "finalLink": "https://www.sec.gov/Archives/edgar/data/1267238/000095012305006387/y08634ae10vq.htm"
  },
  {
    "date": "2004-12-31",
    "symbol": "AIZ",
    "reportedCurrency": "USD",
    "cik": "0001267238",
    "fillingDate": "2005-03-31",
    "acceptedDate": "2005-03-31 17:16:29",
    "calendarYear": "2004",
    "period": "Q4",
    "revenue": 1867463000,
    "costOfRevenue": 0,
    "grossProfit": 1867463000,
    "grossProfitRatio": 1,
    "researchAndDevelopmentExpenses": 0,
    "generalAndAdministrativeExpenses": 2105053434000,
    "sellingAndMarketingExpenses": -2104477051000,
    "sellingGeneralAndAdministrativeExpenses": 576383000,
    "otherExpenses": 1564566000,
    "operatingExpenses": 2106618000000,
    "costAndExpenses": 1727594000,
    "interestIncome": 0,
    "interestExpense": 15314000,
    "depreciationAndAmortization": 0,
    "ebitda": 0,
    "ebitdaratio": 0,
    "operatingIncome": 76142000,
    "operatingIncomeRatio": 0.0407729631,
    "totalOtherIncomeExpensesNet": 63727000,
    "incomeBeforeTax": 139869000,
    "incomeBeforeTaxRatio": 0.0748978695,
    "incomeTaxExpense": 53741000,
    "netIncome": 86128000,
    "netIncomeRatio": 0.0461203247,
    "eps": 0.61,
    "epsdiluted": 0.61,
    "weightedAverageShsOut": 139979877,
    "weightedAverageShsOutDil": 140213270,
    "link": "https://www.sec.gov/Archives/edgar/data/1267238/000095012305003934/0000950123-05-003934-index.htm",
    "finalLink": "https://www.sec.gov/Archives/edgar/data/1267238/000095012305003934/y06975e10vk.htm"
  },
  {
    "date": "2004-09-30",
    "symbol": "AIZ",
    "reportedCurrency": "USD",
    "cik": "0001267238",
    "fillingDate": "2004-11-12",
    "acceptedDate": "2004-11-12 06:04:46",
    "calendarYear": "2004",
    "period": "Q3",
    "revenue": 1833547000,
    "costOfRevenue": 0,
    "grossProfit": 1833547000,
    "grossProfitRatio": 1,
    "researchAndDevelopmentExpenses": 0,
    "generalAndAdministrativeExpenses": 510473000,
    "sellingAndMarketingExpenses": 7982000,
    "sellingGeneralAndAdministrativeExpenses": 518455000,
    "otherExpenses": 0,
    "operatingExpenses": 510473000,
    "costAndExpenses": 1724293000,
    "interestIncome": 0,
    "interestExpense": 15107000,
    "depreciationAndAmortization": 0,
    "ebitda": 0,
    "ebitdaratio": 0,
    "operatingIncome": 41790000,
    "operatingIncomeRatio": 0.0227918892,
    "totalOtherIncomeExpensesNet": 67464000,
    "incomeBeforeTax": 109254000,
    "incomeBeforeTaxRatio": 0.0595861464,
    "incomeTaxExpense": 34410000,
    "netIncome": 74844000,
    "netIncomeRatio": 0.0408192427,
    "eps": 0.53,
    "epsdiluted": 0.53,
    "weightedAverageShsOut": 141694172,
    "weightedAverageShsOutDil": 141787153,
    "link": "https://www.sec.gov/Archives/edgar/data/1267238/000095012304013448/0000950123-04-013448-index.htm",
    "finalLink": "https://www.sec.gov/Archives/edgar/data/1267238/000095012304013448/y68466e10vq.htm"
  },
  {
    "date": "2004-06-30",
    "symbol": "AIZ",
    "reportedCurrency": "USD",
    "cik": "0001267238",
    "fillingDate": "2004-08-10",
    "acceptedDate": "2004-08-10 14:21:51",
    "calendarYear": "2004",
    "period": "Q2",
    "revenue": 1839163000,
    "costOfRevenue": 0,
    "grossProfit": 1839163000,
    "grossProfitRatio": 1,
    "researchAndDevelopmentExpenses": 0,
    "generalAndAdministrativeExpenses": 479951000,
    "sellingAndMarketingExpenses": 16166000,
    "sellingGeneralAndAdministrativeExpenses": 496117000,
    "otherExpenses": 0,
    "operatingExpenses": 479951000,
    "costAndExpenses": 1695119000,
    "interestIncome": 0,
    "interestExpense": 15834000,
    "depreciationAndAmortization": 0,
    "ebitda": 0,
    "ebitdaratio": 0,
    "operatingIncome": 83704000,
    "operatingIncomeRatio": 0.0455120074,
    "totalOtherIncomeExpensesNet": 60340000,
    "incomeBeforeTax": 144044000,
    "incomeBeforeTaxRatio": 0.0783204099,
    "incomeTaxExpense": 48834000,
    "netIncome": 95210000,
    "netIncomeRatio": 0.0517681141,
    "eps": 0.67,
    "epsdiluted": 0.67,
    "weightedAverageShsOut": 142196828,
    "weightedAverageShsOutDil": 142220994,
    "link": "https://www.sec.gov/Archives/edgar/data/1267238/000095012304009517/0000950123-04-009517-index.htm",
    "finalLink": "https://www.sec.gov/Archives/edgar/data/1267238/000095012304009517/y99973e10vq.htm"
  },
  {
    "date": "2004-03-31",
    "symbol": "AIZ",
    "reportedCurrency": "USD",
    "cik": "0001267238",
    "fillingDate": "2004-05-13",
    "acceptedDate": "2004-05-13 14:28:43",
    "calendarYear": "2004",
    "period": "Q1",
    "revenue": 1859908000,
    "costOfRevenue": 0,
    "grossProfit": 1859908000,
    "grossProfitRatio": 1,
    "researchAndDevelopmentExpenses": 0,
    "generalAndAdministrativeExpenses": 574142000000,
    "sellingAndMarketingExpenses": -573603406000,
    "sellingGeneralAndAdministrativeExpenses": 538594000,
    "otherExpenses": 0,
    "operatingExpenses": 574142000000,
    "costAndExpenses": 1717147000,
    "interestIncome": 0,
    "interestExpense": 10163000,
    "depreciationAndAmortization": 0,
    "ebitda": 0,
    "ebitdaratio": 0,
    "operatingIncome": 76139000,
    "operatingIncomeRatio": 0.0409369711,
    "totalOtherIncomeExpensesNet": 66622000,
    "incomeBeforeTax": 142761000,
    "incomeBeforeTaxRatio": 0.0767570224,
    "incomeTaxExpense": 48383000,
    "netIncome": 94378000,
    "netIncomeRatio": 0.0507433701,
    "eps": 0.73,
    "epsdiluted": 0.73,
    "weightedAverageShsOut": 129521599,
    "weightedAverageShsOutDil": 129521599,
    "link": "https://www.sec.gov/Archives/edgar/data/1267238/000095012304006336/0000950123-04-006336-index.htm",
    "finalLink": "https://www.sec.gov/Archives/edgar/data/1267238/000095012304006336/y97456e10vq.htm"
  },
  {
    "date": "2003-12-31",
    "symbol": "AIZ",
    "reportedCurrency": "USD",
    "cik": "0001267238",
    "fillingDate": "2004-03-30",
    "acceptedDate": "2004-03-30 13:52:47",
    "calendarYear": "2003",
    "period": "Q4",
    "revenue": 1836295000,
    "costOfRevenue": 0,
    "grossProfit": 1836295000,
    "grossProfitRatio": 1,
    "researchAndDevelopmentExpenses": 0,
    "generalAndAdministrativeExpenses": 1918503281000,
    "sellingAndMarketingExpenses": -1917990461000,
    "sellingGeneralAndAdministrativeExpenses": 512820000,
    "otherExpenses": 1485719000,
    "operatingExpenses": 1919989000000,
    "costAndExpenses": 1970687000,
    "interestIncome": 0,
    "interestExpense": 1175000000,
    "depreciationAndAmortization": 0,
    "ebitda": -209653000,
    "ebitdaratio": -0.1141717426,
    "operatingIncome": -209653000,
    "operatingIncomeRatio": -0.1141717426,
    "totalOtherIncomeExpensesNet": 27852000,
    "incomeBeforeTax": -134392000,
    "incomeBeforeTaxRatio": -0.0731864978,
    "incomeTaxExpense": -56759000,
    "netIncome": -77633000,
    "netIncomeRatio": -0.0422769762,
    "eps": -0.71,
    "epsdiluted": -0.71,
    "weightedAverageShsOut": 109222276,
    "weightedAverageShsOutDil": 109222276,
    "link": "https://www.sec.gov/Archives/edgar/data/1267238/000095012304003991/0000950123-04-003991-index.htm",
    "finalLink": "https://www.sec.gov/Archives/edgar/data/1267238/000095012304003991/y95546e10vk.htm"
  },
  {
    "date": "2003-09-30",
    "symbol": "AIZ",
    "reportedCurrency": "USD",
    "cik": "0001267238",
    "fillingDate": "2003-09-30",
    "acceptedDate": "2003-09-29 20:00:00",
    "calendarYear": "2003",
    "period": "Q3",
    "revenue": 1775577000,
    "costOfRevenue": 0,
    "grossProfit": 1775577000,
    "grossProfitRatio": 1,
    "researchAndDevelopmentExpenses": 0,
    "generalAndAdministrativeExpenses": 0,
    "sellingAndMarketingExpenses": 0,
    "sellingGeneralAndAdministrativeExpenses": 488350000,
    "otherExpenses": -2189197000,
    "operatingExpenses": -1700847000,
    "costAndExpenses": 1629801000,
    "interestIncome": 0,
    "interestExpense": 0,
    "depreciationAndAmortization": 0,
    "ebitda": 74730000,
    "ebitdaratio": 0.042087727,
    "operatingIncome": 74730000,
    "operatingIncomeRatio": 0.042087727,
    "totalOtherIncomeExpensesNet": 71046000,
    "incomeBeforeTax": 145776000,
    "incomeBeforeTaxRatio": 0.0821006355,
    "incomeTaxExpense": 46378000,
    "netIncome": 99398000,
    "netIncomeRatio": 0.0559806756,
    "eps": 0.91,
    "epsdiluted": 0.91,
    "weightedAverageShsOut": 109222276,
    "weightedAverageShsOutDil": 109222276,
    "link": null,
    "finalLink": null
  },
  {
    "date": "2003-06-30",
    "symbol": "AIZ",
    "reportedCurrency": "USD",
    "cik": "0001267238",
    "fillingDate": "2003-06-30",
    "acceptedDate": "2003-06-29 20:00:00",
    "calendarYear": "2003",
    "period": "Q2",
    "revenue": 1722601000,
    "costOfRevenue": 0,
    "grossProfit": 1722601000,
    "grossProfitRatio": 1,
    "researchAndDevelopmentExpenses": 0,
    "generalAndAdministrativeExpenses": 0,
    "sellingAndMarketingExpenses": 0,
    "sellingGeneralAndAdministrativeExpenses": 433549000,
    "otherExpenses": -2090263000,
    "operatingExpenses": -1656714000,
    "costAndExpenses": 1584995000,
    "interestIncome": 0,
    "interestExpense": 0,
    "depreciationAndAmortization": 0,
    "ebitda": 65887000,
    "ebitdaratio": 0.0382485555,
    "operatingIncome": 65887000,
    "operatingIncomeRatio": 0.0382485555,
    "totalOtherIncomeExpensesNet": 71719000,
    "incomeBeforeTax": 137606000,
    "incomeBeforeTaxRatio": 0.079882689,
    "incomeTaxExpense": 46956000,
    "netIncome": 90650000,
    "netIncomeRatio": 0.05262391,
    "eps": 0.83,
    "epsdiluted": 0.83,
    "weightedAverageShsOut": 109222276,
    "weightedAverageShsOutDil": 109222276,
    "link": null,
    "finalLink": null
  },
  {
    "date": "2003-03-31",
    "symbol": "AIZ",
    "reportedCurrency": "USD",
    "cik": "0001267238",
    "fillingDate": "2003-03-31",
    "acceptedDate": "2003-03-30 19:00:00",
    "calendarYear": "2003",
    "period": "Q1",
    "revenue": 1731740000,
    "costOfRevenue": 0,
    "grossProfit": 1731740000,
    "grossProfitRatio": 1,
    "researchAndDevelopmentExpenses": 0,
    "generalAndAdministrativeExpenses": 0,
    "sellingAndMarketingExpenses": 0,
    "sellingGeneralAndAdministrativeExpenses": 563820000,
    "otherExpenses": -2267427000,
    "operatingExpenses": -1703607000,
    "costAndExpenses": 1621373000,
    "interestIncome": 0,
    "interestExpense": 0,
    "depreciationAndAmortization": 0,
    "ebitda": 28133000,
    "ebitdaratio": 0.0162455103,
    "operatingIncome": 28133000,
    "operatingIncomeRatio": 0.0162455103,
    "totalOtherIncomeExpensesNet": 82234000,
    "incomeBeforeTax": 110367000,
    "incomeBeforeTaxRatio": 0.0637318535,
    "incomeTaxExpense": 37130000,
    "netIncome": 73237000,
    "netIncomeRatio": 0.0422909906,
    "eps": 0.67,
    "epsdiluted": 0.67,
    "weightedAverageShsOut": 109222276,
    "weightedAverageShsOutDil": 109222276,
    "link": null,
    "finalLink": null
  }
]