[
  {
    "date": "2025-06-30",
    "symbol": "AJG",
    "reportedCurrency": "USD",
    "cik": "0000354190",
    "fillingDate": "2025-08-01",
    "acceptedDate": "2025-08-01 14:43:20",
    "calendarYear": "2025",
    "period": "Q2",
    "revenue": 3220800000,
    "costOfRevenue": 1846300000,
    "grossProfit": 1374500000,
    "grossProfitRatio": 0.4267573274,
    "researchAndDevelopmentExpenses": 0,
    "generalAndAdministrativeExpenses": 1803400000,
    "sellingAndMarketingExpenses": 0,
    "sellingGeneralAndAdministrativeExpenses": 1803400000,
    "otherExpenses": -1053300000,
    "operatingExpenses": 750100000,
    "costAndExpenses": 2596400000,
    "interestIncome": 0,
    "interestExpense": 158600000,
    "depreciationAndAmortization": 230800000,
    "ebitda": 860800000,
    "ebitdaratio": 0.2672627919,
    "operatingIncome": 624400000,
    "operatingIncomeRatio": 0.1938648783,
    "totalOtherIncomeExpensesNet": -153000000,
    "incomeBeforeTax": 471400000,
    "incomeBeforeTaxRatio": 0.1463611525,
    "incomeTaxExpense": 105200000,
    "netIncome": 365800000,
    "netIncomeRatio": 0.1135742673,
    "eps": 1.43,
    "epsdiluted": 1.4,
    "weightedAverageShsOut": 256260000,
    "weightedAverageShsOutDil": 260435000,
    "link": "https://www.sec.gov/Archives/edgar/data/354190/000035419025000011/0000354190-25-000011-index.htm",
    "finalLink": "https://www.sec.gov/Archives/edgar/data/354190/000035419025000011/ajg-20250630.htm"
  },
  {
    "date": "2025-03-31",
    "symbol": "AJG",
    "reportedCurrency": "USD",
    "cik": "0000354190",
    "fillingDate": "2025-05-02",
    "acceptedDate": "2025-05-02 16:40:02",
    "calendarYear": "2025",
    "period": "Q1",
    "revenue": 3727400000,
    "costOfRevenue": 1936700000,
    "grossProfit": 1790700000,
    "grossProfitRatio": 0.4804153029,
    "researchAndDevelopmentExpenses": 0,
    "generalAndAdministrativeExpenses": 1897700000,
    "sellingAndMarketingExpenses": 0,
    "sellingGeneralAndAdministrativeExpenses": 1897700000,
    "otherExpenses": -1153900000,
    "operatingExpenses": 743800000,
    "costAndExpenses": 2680500000,
    "interestIncome": 0,
    "interestExpense": 158400000,
    "depreciationAndAmortization": 253400000,
    "ebitda": 1284500000,
    "ebitdaratio": 0.344610184,
    "operatingIncome": 1046900000,
    "operatingIncomeRatio": 0.2808660192,
    "totalOtherIncomeExpensesNet": -174200000,
    "incomeBeforeTax": 872700000,
    "incomeBeforeTaxRatio": 0.2341310297,
    "incomeTaxExpense": 163800000,
    "netIncome": 704400000,
    "netIncomeRatio": 0.1889789129,
    "eps": 2.76,
    "epsdiluted": 2.72,
    "weightedAverageShsOut": 254819000,
    "weightedAverageShsOutDil": 259421000,
    "link": "https://www.sec.gov/Archives/edgar/data/354190/000095017025062859/0000950170-25-062859-index.htm",
    "finalLink": "https://www.sec.gov/Archives/edgar/data/354190/000095017025062859/ajg-20250331.htm"
  },
  {
    "date": "2024-12-31",
    "symbol": "AJG",
    "reportedCurrency": "USD",
    "cik": "0000354190",
    "fillingDate": "2025-02-18",
    "acceptedDate": "2025-02-18 06:04:58",
    "calendarYear": "2024",
    "period": "Q4",
    "revenue": 2716000000,
    "costOfRevenue": 1590400000,
    "grossProfit": 1125600000,
    "grossProfitRatio": 0.4144329897,
    "researchAndDevelopmentExpenses": 0,
    "generalAndAdministrativeExpenses": 6522300000,
    "sellingAndMarketingExpenses": 0,
    "sellingGeneralAndAdministrativeExpenses": 6522300000,
    "otherExpenses": -5870400000,
    "operatingExpenses": 651900000,
    "costAndExpenses": 2242300000,
    "interestIncome": 0,
    "interestExpense": 101900000,
    "depreciationAndAmortization": 213000000,
    "ebitda": 660700000,
    "ebitdaratio": 0.2432621502,
    "operatingIncome": 473700000,
    "operatingIncomeRatio": 0.1744108984,
    "totalOtherIncomeExpensesNet": -140500000,
    "incomeBeforeTax": 333200000,
    "incomeBeforeTaxRatio": 0.1226804124,
    "incomeTaxExpense": 75000000,
    "netIncome": 258300000,
    "netIncomeRatio": 0.0951030928,
    "eps": 1.14,
    "epsdiluted": 1.12,
    "weightedAverageShsOut": 226425000,
    "weightedAverageShsOutDil": 231059000,
    "link": "https://www.sec.gov/Archives/edgar/data/354190/000095017025021775/0000950170-25-021775-index.htm",
    "finalLink": "https://www.sec.gov/Archives/edgar/data/354190/000095017025021775/ajg-20241231.htm"
  },
  {
    "date": "2024-09-30",
    "symbol": "AJG",
    "reportedCurrency": "USD",
    "cik": "0000354190",
    "fillingDate": "2024-10-29",
    "acceptedDate": "2024-10-29 16:46:46",
    "calendarYear": "2024",
    "period": "Q3",
    "revenue": 2806800000,
    "costOfRevenue": 1662200000,
    "grossProfit": 1144600000,
    "grossProfitRatio": 0.4077953541,
    "researchAndDevelopmentExpenses": 0,
    "generalAndAdministrativeExpenses": 1621900000,
    "sellingAndMarketingExpenses": 0,
    "sellingGeneralAndAdministrativeExpenses": 1621900000,
    "otherExpenses": -958200000,
    "operatingExpenses": 663700000,
    "costAndExpenses": 2325900000,
    "interestIncome": 0,
    "interestExpense": 92900000,
    "depreciationAndAmortization": 210000000,
    "ebitda": 690900000,
    "ebitdaratio": 0.2461522018,
    "operatingIncome": 480900000,
    "operatingIncomeRatio": 0.1713339034,
    "totalOtherIncomeExpensesNet": -77600000,
    "incomeBeforeTax": 403300000,
    "incomeBeforeTaxRatio": 0.1436867607,
    "incomeTaxExpense": 89200000,
    "netIncome": 312600000,
    "netIncomeRatio": 0.1113723814,
    "eps": 1.43,
    "epsdiluted": 1.39,
    "weightedAverageShsOut": 219300000,
    "weightedAverageShsOutDil": 223900000,
    "link": "https://www.sec.gov/Archives/edgar/data/354190/000095017024118320/0000950170-24-118320-index.htm",
    "finalLink": "https://www.sec.gov/Archives/edgar/data/354190/000095017024118320/ajg-20240930.htm"
  },
  {
    "date": "2024-06-30",
    "symbol": "AJG",
    "reportedCurrency": "USD",
    "cik": "0000354190",
    "fillingDate": "2024-07-26",
    "acceptedDate": "2024-07-26 16:43:49",
    "calendarYear": "2024",
    "period": "Q2",
    "revenue": 2775400000,
    "costOfRevenue": 1659500000,
    "grossProfit": 1115900000,
    "grossProfitRatio": 0.4020681704,
    "researchAndDevelopmentExpenses": 0,
    "generalAndAdministrativeExpenses": 1620100000,
    "sellingAndMarketingExpenses": 0,
    "sellingGeneralAndAdministrativeExpenses": 1620100000,
    "otherExpenses": -982900000,
    "operatingExpenses": 637200000,
    "costAndExpenses": 2296700000,
    "interestIncome": 0,
    "interestExpense": 94300000,
    "depreciationAndAmortization": 211600000,
    "ebitda": 671500000,
    "ebitdaratio": 0.2419471067,
    "operatingIncome": 478700000,
    "operatingIncomeRatio": 0.1724796426,
    "totalOtherIncomeExpensesNet": -113100000,
    "incomeBeforeTax": 365600000,
    "incomeBeforeTaxRatio": 0.1317287598,
    "incomeTaxExpense": 80200000,
    "netIncome": 283400000,
    "netIncomeRatio": 0.1021114074,
    "eps": 1.3,
    "epsdiluted": 1.27,
    "weightedAverageShsOut": 218800000,
    "weightedAverageShsOutDil": 222900000,
    "link": "https://www.sec.gov/Archives/edgar/data/354190/000095017024086937/0000950170-24-086937-index.htm",
    "finalLink": "https://www.sec.gov/Archives/edgar/data/354190/000095017024086937/ajg-20240630.htm"
  },
  {
    "date": "2024-03-31",
    "symbol": "AJG",
    "reportedCurrency": "USD",
    "cik": "0000354190",
    "fillingDate": "2024-05-01",
    "acceptedDate": "2024-05-01 10:24:31",
    "calendarYear": "2024",
    "period": "Q1",
    "revenue": 3256700000,
    "costOfRevenue": 1764500000,
    "grossProfit": 1492200000,
    "grossProfitRatio": 0.4581938772,
    "researchAndDevelopmentExpenses": 0,
    "generalAndAdministrativeExpenses": -3242000000,
    "sellingAndMarketingExpenses": 0,
    "sellingGeneralAndAdministrativeExpenses": -3242000000,
    "otherExpenses": 3885400000,
    "operatingExpenses": 643400000,
    "costAndExpenses": 2407900000,
    "interestIncome": 0,
    "interestExpense": 92200000,
    "depreciationAndAmortization": 207700000,
    "ebitda": 1072600000,
    "ebitdaratio": 0.3293517978,
    "operatingIncome": 848800000,
    "operatingIncomeRatio": 0.260631928,
    "totalOtherIncomeExpensesNet": -76100000,
    "incomeBeforeTax": 772700000,
    "incomeBeforeTaxRatio": 0.2372647158,
    "incomeTaxExpense": 160000000,
    "netIncome": 608400000,
    "netIncomeRatio": 0.186814874,
    "eps": 2.8,
    "epsdiluted": 2.74,
    "weightedAverageShsOut": 217500000,
    "weightedAverageShsOutDil": 222000000,
    "link": "https://www.sec.gov/Archives/edgar/data/354190/000095017024050950/0000950170-24-050950-index.htm",
    "finalLink": "https://www.sec.gov/Archives/edgar/data/354190/000095017024050950/ajg-20240331.htm"
  },
  {
    "date": "2023-12-31",
    "symbol": "AJG",
    "reportedCurrency": "USD",
    "cik": "0000354190",
    "fillingDate": "2024-02-09",
    "acceptedDate": "2024-02-09 17:08:03",
    "calendarYear": "2023",
    "period": "Q4",
    "revenue": 2437800000,
    "costOfRevenue": 1467000000,
    "grossProfit": 970800000,
    "grossProfitRatio": 0.3982279104,
    "researchAndDevelopmentExpenses": 0,
    "generalAndAdministrativeExpenses": 1428200000,
    "sellingAndMarketingExpenses": 0,
    "sellingGeneralAndAdministrativeExpenses": 1428200000,
    "otherExpenses": -787900000,
    "operatingExpenses": 640300000,
    "costAndExpenses": 2107300000,
    "interestIncome": 0,
    "interestExpense": 78200000,
    "depreciationAndAmortization": 189700000,
    "ebitda": 185700000,
    "ebitdaratio": 0.07617524,
    "operatingIncome": 330500000,
    "operatingIncomeRatio": 0.1355730577,
    "totalOtherIncomeExpensesNet": -412700000,
    "incomeBeforeTax": -82200000,
    "incomeBeforeTaxRatio": -0.0337189269,
    "incomeTaxExpense": -42600000,
    "netIncome": -32200000,
    "netIncomeRatio": -0.0132086307,
    "eps": -0.15,
    "epsdiluted": -0.15,
    "weightedAverageShsOut": 216326000,
    "weightedAverageShsOutDil": 216326000,
    "link": "https://www.sec.gov/Archives/edgar/data/354190/000095017024013370/0000950170-24-013370-index.htm",
    "finalLink": "https://www.sec.gov/Archives/edgar/data/354190/000095017024013370/ajg-20231231.htm"
  },
  {
    "date": "2023-09-30",
    "symbol": "AJG",
    "reportedCurrency": "USD",
    "cik": "0000354190",
    "fillingDate": "2023-10-27",
    "acceptedDate": "2023-10-27 16:25:09",
    "calendarYear": "2023",
    "period": "Q3",
    "revenue": 2492000000,
    "costOfRevenue": 1462900000,
    "grossProfit": 1029100000,
    "grossProfitRatio": 0.4129614767,
    "researchAndDevelopmentExpenses": 0,
    "generalAndAdministrativeExpenses": 1424500000,
    "sellingAndMarketingExpenses": 0,
    "sellingGeneralAndAdministrativeExpenses": 1424500000,
    "otherExpenses": -829800000,
    "operatingExpenses": 594700000,
    "costAndExpenses": 2057600000,
    "interestIncome": 0,
    "interestExpense": 72800000,
    "depreciationAndAmortization": 171700000,
    "ebitda": 606100000,
    "ebitdaratio": 0.2432182986,
    "operatingIncome": 434400000,
    "operatingIncomeRatio": 0.174317817,
    "totalOtherIncomeExpensesNet": -70300000,
    "incomeBeforeTax": 364100000,
    "incomeBeforeTaxRatio": 0.1461075441,
    "incomeTaxExpense": 80900000,
    "netIncome": 280700000,
    "netIncomeRatio": 0.1126404494,
    "eps": 1.3,
    "epsdiluted": 1.28,
    "weightedAverageShsOut": 215700000,
    "weightedAverageShsOutDil": 220200000,
    "link": "https://www.sec.gov/Archives/edgar/data/354190/000095017023056014/0000950170-23-056014-index.htm",
    "finalLink": "https://www.sec.gov/Archives/edgar/data/354190/000095017023056014/ajg-20230930.htm"
  },
  {
    "date": "2023-06-30",
    "symbol": "AJG",
    "reportedCurrency": "USD",
    "cik": "0000354190",
    "fillingDate": "2023-08-04",
    "acceptedDate": "2023-08-04 13:44:41",
    "calendarYear": "2023",
    "period": "Q2",
    "revenue": 2441900000,
    "costOfRevenue": 1448000000,
    "grossProfit": 993900000,
    "grossProfitRatio": 0.4070191245,
    "researchAndDevelopmentExpenses": 0,
    "generalAndAdministrativeExpenses": 1413000000,
    "sellingAndMarketingExpenses": 0,
    "sellingGeneralAndAdministrativeExpenses": 1413000000,
    "otherExpenses": -803700000,
    "operatingExpenses": 609300000,
    "costAndExpenses": 2057300000,
    "interestIncome": 0,
    "interestExpense": 77800000,
    "depreciationAndAmortization": 175700000,
    "ebitda": 550900000,
    "ebitdaratio": 0.225603014,
    "operatingIncome": 384600000,
    "operatingIncomeRatio": 0.1575003071,
    "totalOtherIncomeExpensesNet": -87200000,
    "incomeBeforeTax": 297400000,
    "incomeBeforeTaxRatio": 0.1217904091,
    "incomeTaxExpense": 61600000,
    "netIncome": 234500000,
    "netIncomeRatio": 0.0960317785,
    "eps": 1.09,
    "epsdiluted": 1.07,
    "weightedAverageShsOut": 214900000,
    "weightedAverageShsOutDil": 219000000,
    "link": "https://www.sec.gov/Archives/edgar/data/354190/000095017023038474/0000950170-23-038474-index.htm",
    "finalLink": "https://www.sec.gov/Archives/edgar/data/354190/000095017023038474/ajg-20230630.htm"
  },
  {
    "date": "2023-03-31",
    "symbol": "AJG",
    "reportedCurrency": "USD",
    "cik": "0000354190",
    "fillingDate": "2023-05-08",
    "acceptedDate": "2023-05-08 16:22:13",
    "calendarYear": "2023",
    "period": "Q1",
    "revenue": 2706100000,
    "costOfRevenue": 1448700000,
    "grossProfit": 1257400000,
    "grossProfitRatio": 0.46465393,
    "researchAndDevelopmentExpenses": 0,
    "generalAndAdministrativeExpenses": 1415500000,
    "sellingAndMarketingExpenses": 0,
    "sellingGeneralAndAdministrativeExpenses": 1415500000,
    "otherExpenses": -873600000,
    "operatingExpenses": 541900000,
    "costAndExpenses": 1990600000,
    "interestIncome": 0,
    "interestExpense": 67900000,
    "depreciationAndAmortization": 159400000,
    "ebitda": 833100000,
    "ebitdaratio": 0.30786002,
    "operatingIncome": 715500000,
    "operatingIncomeRatio": 0.2644026459,
    "totalOtherIncomeExpensesNet": -109700000,
    "incomeBeforeTax": 605800000,
    "incomeBeforeTaxRatio": 0.2238646022,
    "incomeTaxExpense": 119200000,
    "netIncome": 486500000,
    "netIncomeRatio": 0.1797790178,
    "eps": 2.29,
    "epsdiluted": 2.24,
    "weightedAverageShsOut": 212800000,
    "weightedAverageShsOutDil": 217000000,
    "link": "https://www.sec.gov/Archives/edgar/data/354190/000095017023018841/0000950170-23-018841-index.htm",
    "finalLink": "https://www.sec.gov/Archives/edgar/data/354190/000095017023018841/ajg-20230331.htm"
  },
  {
    "date": "2022-12-31",
    "symbol": "AJG",
    "reportedCurrency": "USD",
    "cik": "0000354190",
    "fillingDate": "2023-02-10",
    "acceptedDate": "2023-02-10 15:16:33",
    "calendarYear": "2022",
    "period": "Q4",
    "revenue": 2018200000,
    "costOfRevenue": 1208000000,
    "grossProfit": 810200000,
    "grossProfitRatio": 0.4014468338,
    "researchAndDevelopmentExpenses": 0,
    "generalAndAdministrativeExpenses": 4799800000,
    "sellingAndMarketingExpenses": 0,
    "sellingGeneralAndAdministrativeExpenses": 4799800000,
    "otherExpenses": -4277600000,
    "operatingExpenses": 522200000,
    "costAndExpenses": 1730200000,
    "interestIncome": 0,
    "interestExpense": 64000000,
    "depreciationAndAmortization": 154000000,
    "ebitda": 340000000,
    "ebitdaratio": 0.1684669507,
    "operatingIncome": 288000000,
    "operatingIncomeRatio": 0.1427014171,
    "totalOtherIncomeExpensesNet": -166000000,
    "incomeBeforeTax": 122000000,
    "incomeBeforeTaxRatio": 0.0604499059,
    "incomeTaxExpense": -13500000,
    "netIncome": 135500000,
    "netIncomeRatio": 0.0671390348,
    "eps": 0.64,
    "epsdiluted": 0.63,
    "weightedAverageShsOut": 211411000,
    "weightedAverageShsOutDil": 215831000,
    "link": "https://www.sec.gov/Archives/edgar/data/354190/000095017023002456/0000950170-23-002456-index.htm",
    "finalLink": "https://www.sec.gov/Archives/edgar/data/354190/000095017023002456/ajg-20221231.htm"
  },
  {
    "date": "2022-09-30",
    "symbol": "AJG",
    "reportedCurrency": "USD",
    "cik": "0000354190",
    "fillingDate": "2022-11-02",
    "acceptedDate": "2022-11-02 16:51:10",
    "calendarYear": "2022",
    "period": "Q3",
    "revenue": 2045300000,
    "costOfRevenue": 1213800000,
    "grossProfit": 831500000,
    "grossProfitRatio": 0.4065418276,
    "researchAndDevelopmentExpenses": 0,
    "generalAndAdministrativeExpenses": 1181800000,
    "sellingAndMarketingExpenses": 0,
    "sellingGeneralAndAdministrativeExpenses": 1181800000,
    "otherExpenses": -714800000,
    "operatingExpenses": 467000000,
    "costAndExpenses": 1680800000,
    "interestIncome": 0,
    "interestExpense": 64400000,
    "depreciationAndAmortization": 145500000,
    "ebitda": 524900000,
    "ebitdaratio": 0.2566371681,
    "operatingIncome": 364500000,
    "operatingIncomeRatio": 0.178213465,
    "totalOtherIncomeExpensesNet": -49500000,
    "incomeBeforeTax": 315000000,
    "incomeBeforeTaxRatio": 0.1540116364,
    "incomeTaxExpense": 58700000,
    "netIncome": 255800000,
    "netIncomeRatio": 0.1250672273,
    "eps": 1.21,
    "epsdiluted": 1.19,
    "weightedAverageShsOut": 210700000,
    "weightedAverageShsOutDil": 215000000,
    "link": "https://www.sec.gov/Archives/edgar/data/354190/000095017022021298/0000950170-22-021298-index.htm",
    "finalLink": "https://www.sec.gov/Archives/edgar/data/354190/000095017022021298/ajg-20220930.htm"
  },
  {
    "date": "2022-06-30",
    "symbol": "AJG",
    "reportedCurrency": "USD",
    "cik": "0000354190",
    "fillingDate": "2022-08-03",
    "acceptedDate": "2022-08-03 16:28:10",
    "calendarYear": "2022",
    "period": "Q2",
    "revenue": 2040200000,
    "costOfRevenue": 1195700000,
    "grossProfit": 844500000,
    "grossProfitRatio": 0.4139300069,
    "researchAndDevelopmentExpenses": 0,
    "generalAndAdministrativeExpenses": 1161100000,
    "sellingAndMarketingExpenses": 0,
    "sellingGeneralAndAdministrativeExpenses": 1161100000,
    "otherExpenses": -696900000,
    "operatingExpenses": 464200000,
    "costAndExpenses": 1659900000,
    "interestIncome": 0,
    "interestExpense": 64600000,
    "depreciationAndAmortization": 140300000,
    "ebitda": 557200000,
    "ebitdaratio": 0.2731104794,
    "operatingIncome": 380300000,
    "operatingIncomeRatio": 0.1864032938,
    "totalOtherIncomeExpensesNet": -28000000,
    "incomeBeforeTax": 352300000,
    "incomeBeforeTaxRatio": 0.1726791491,
    "incomeTaxExpense": 67200000,
    "netIncome": 284200000,
    "netIncomeRatio": 0.1393000686,
    "eps": 1.35,
    "epsdiluted": 1.33,
    "weightedAverageShsOut": 210200000,
    "weightedAverageShsOutDil": 214300000,
    "link": "https://www.sec.gov/Archives/edgar/data/354190/000095017022014287/0000950170-22-014287-index.htm",
    "finalLink": "https://www.sec.gov/Archives/edgar/data/354190/000095017022014287/ajg-20220630.htm"
  },
  {
    "date": "2022-03-31",
    "symbol": "AJG",
    "reportedCurrency": "USD",
    "cik": "0000354190",
    "fillingDate": "2022-05-06",
    "acceptedDate": "2022-05-06 08:35:56",
    "calendarYear": "2022",
    "period": "Q1",
    "revenue": 2433900000,
    "costOfRevenue": 1335700000,
    "grossProfit": 1098200000,
    "grossProfitRatio": 0.4512099922,
    "researchAndDevelopmentExpenses": 0,
    "generalAndAdministrativeExpenses": 1282000000,
    "sellingAndMarketingExpenses": 0,
    "sellingGeneralAndAdministrativeExpenses": 1282000000,
    "otherExpenses": -804900000,
    "operatingExpenses": 477100000,
    "costAndExpenses": 1812800000,
    "interestIncome": 0,
    "interestExpense": 63900000,
    "depreciationAndAmortization": 159800000,
    "ebitda": 761400000,
    "ebitdaratio": 0.3128312585,
    "operatingIncome": 621100000,
    "operatingIncomeRatio": 0.2551871482,
    "totalOtherIncomeExpensesNet": -83400000,
    "incomeBeforeTax": 537700000,
    "incomeBeforeTaxRatio": 0.2209211553,
    "incomeTaxExpense": 98600000,
    "netIncome": 438700000,
    "netIncomeRatio": 0.1802456962,
    "eps": 2.1,
    "epsdiluted": 2.05,
    "weightedAverageShsOut": 209000000,
    "weightedAverageShsOutDil": 213500000,
    "link": "https://www.sec.gov/Archives/edgar/data/354190/000156459022018462/0001564590-22-018462-index.htm",
    "finalLink": "https://www.sec.gov/Archives/edgar/data/354190/000156459022018462/ajg-10q_20220331.htm"
  },
  {
    "date": "2021-12-31",
    "symbol": "AJG",
    "reportedCurrency": "USD",
    "cik": "0000354190",
    "fillingDate": "2022-02-18",
    "acceptedDate": "2022-02-18 16:59:42",
    "calendarYear": "2021",
    "period": "Q4",
    "revenue": 1962800000,
    "costOfRevenue": 1274800000,
    "grossProfit": 688000000,
    "grossProfitRatio": 0.3505196658,
    "researchAndDevelopmentExpenses": 0,
    "generalAndAdministrativeExpenses": 3927500000,
    "sellingAndMarketingExpenses": 0,
    "sellingGeneralAndAdministrativeExpenses": 3927500000,
    "otherExpenses": -3460700000,
    "operatingExpenses": 466800000,
    "costAndExpenses": 1741600000,
    "interestIncome": 0,
    "interestExpense": 61500000,
    "depreciationAndAmortization": 146500000,
    "ebitda": 321000000,
    "ebitdaratio": 0.1635418789,
    "operatingIncome": 221200000,
    "operatingIncomeRatio": 0.1126961484,
    "totalOtherIncomeExpensesNet": -108200000,
    "incomeBeforeTax": 113000000,
    "incomeBeforeTaxRatio": 0.0575708172,
    "incomeTaxExpense": -7900000,
    "netIncome": 109400000,
    "netIncomeRatio": 0.0557367027,
    "eps": 0.53,
    "epsdiluted": 0.51,
    "weightedAverageShsOut": 207797000,
    "weightedAverageShsOutDil": 212864000,
    "link": "https://www.sec.gov/Archives/edgar/data/354190/000156459022005714/0001564590-22-005714-index.htm",
    "finalLink": "https://www.sec.gov/Archives/edgar/data/354190/000156459022005714/ajg-10k_20211231.htm"
  },
  {
    "date": "2021-09-30",
    "symbol": "AJG",
    "reportedCurrency": "USD",
    "cik": "0000354190",
    "fillingDate": "2021-10-29",
    "acceptedDate": "2021-10-29 06:05:53",
    "calendarYear": "2021",
    "period": "Q3",
    "revenue": 2133900000,
    "costOfRevenue": 1399200000,
    "grossProfit": 734700000,
    "grossProfitRatio": 0.3442991705,
    "researchAndDevelopmentExpenses": 0,
    "generalAndAdministrativeExpenses": 1000500000,
    "sellingAndMarketingExpenses": 0,
    "sellingGeneralAndAdministrativeExpenses": 1000500000,
    "otherExpenses": -603600000,
    "operatingExpenses": 396900000,
    "costAndExpenses": 1796100000,
    "interestIncome": 0,
    "interestExpense": 60300000,
    "depreciationAndAmortization": 131300000,
    "ebitda": 423000000,
    "ebitdaratio": 0.1982285955,
    "operatingIncome": 337800000,
    "operatingIncomeRatio": 0.1583017011,
    "totalOtherIncomeExpensesNet": -106400000,
    "incomeBeforeTax": 231400000,
    "incomeBeforeTaxRatio": 0.1084399456,
    "incomeTaxExpense": -7200000,
    "netIncome": 225100000,
    "netIncomeRatio": 0.1054876049,
    "eps": 1.09,
    "epsdiluted": 1.06,
    "weightedAverageShsOut": 207000000,
    "weightedAverageShsOutDil": 211500000,
    "link": "https://www.sec.gov/Archives/edgar/data/354190/000156459021052810/0001564590-21-052810-index.htm",
    "finalLink": "https://www.sec.gov/Archives/edgar/data/354190/000156459021052810/ajg-10q_20210930.htm"
  },
  {
    "date": "2021-06-30",
    "symbol": "AJG",
    "reportedCurrency": "USD",
    "cik": "0000354190",
    "fillingDate": "2021-07-30",
    "acceptedDate": "2021-07-30 16:22:30",
    "calendarYear": "2021",
    "period": "Q2",
    "revenue": 1932900000,
    "costOfRevenue": 1242600000,
    "grossProfit": 690300000,
    "grossProfitRatio": 0.3571317709,
    "researchAndDevelopmentExpenses": 0,
    "generalAndAdministrativeExpenses": 937100000,
    "sellingAndMarketingExpenses": 0,
    "sellingGeneralAndAdministrativeExpenses": 937100000,
    "otherExpenses": -538500000,
    "operatingExpenses": 398600000,
    "costAndExpenses": 1641200000,
    "interestIncome": 0,
    "interestExpense": 56200000,
    "depreciationAndAmortization": 145200000,
    "ebitda": 423700000,
    "ebitdaratio": 0.2192043044,
    "operatingIncome": 291700000,
    "operatingIncomeRatio": 0.1509131357,
    "totalOtherIncomeExpensesNet": -69400000,
    "incomeBeforeTax": 222300000,
    "incomeBeforeTaxRatio": 0.1150085364,
    "incomeTaxExpense": 20500000,
    "netIncome": 190200000,
    "netIncomeRatio": 0.0984013658,
    "eps": 0.94,
    "epsdiluted": 0.92,
    "weightedAverageShsOut": 201300000,
    "weightedAverageShsOutDil": 205800000,
    "link": "https://www.sec.gov/Archives/edgar/data/354190/000156459021039508/0001564590-21-039508-index.htm",
    "finalLink": "https://www.sec.gov/Archives/edgar/data/354190/000156459021039508/ajg-10q_20210630.htm"
  },
  {
    "date": "2021-03-31",
    "symbol": "AJG",
    "reportedCurrency": "USD",
    "cik": "0000354190",
    "fillingDate": "2021-04-30",
    "acceptedDate": "2021-04-29 18:05:49",
    "calendarYear": "2021",
    "period": "Q1",
    "revenue": 2160900000,
    "costOfRevenue": 1317100000,
    "grossProfit": 843800000,
    "grossProfitRatio": 0.3904854459,
    "researchAndDevelopmentExpenses": 0,
    "generalAndAdministrativeExpenses": 975600000,
    "sellingAndMarketingExpenses": 0,
    "sellingGeneralAndAdministrativeExpenses": 975600000,
    "otherExpenses": -599200000,
    "operatingExpenses": 376400000,
    "costAndExpenses": 1693500000,
    "interestIncome": 0,
    "interestExpense": 48100000,
    "depreciationAndAmortization": 143300000,
    "ebitda": 599800000,
    "ebitdaratio": 0.2775695312,
    "operatingIncome": 467400000,
    "operatingIncomeRatio": 0.2162987644,
    "totalOtherIncomeExpensesNet": -59000000,
    "incomeBeforeTax": 408400000,
    "incomeBeforeTaxRatio": 0.188995326,
    "incomeTaxExpense": 14700000,
    "netIncome": 382100000,
    "netIncomeRatio": 0.1768244713,
    "eps": 1.96,
    "epsdiluted": 1.92,
    "weightedAverageShsOut": 194600000,
    "weightedAverageShsOutDil": 199100000,
    "link": "https://www.sec.gov/Archives/edgar/data/354190/000156459021022079/0001564590-21-022079-index.htm",
    "finalLink": "https://www.sec.gov/Archives/edgar/data/354190/000156459021022079/ajg-10q_20210331.htm"
  },
  {
    "date": "2020-12-31",
    "symbol": "AJG",
    "reportedCurrency": "USD",
    "cik": "0000354190",
    "fillingDate": "2021-02-08",
    "acceptedDate": "2021-02-05 17:42:30",
    "calendarYear": "2020",
    "period": "Q4",
    "revenue": 1714000000,
    "costOfRevenue": 1137500000,
    "grossProfit": 576500000,
    "grossProfitRatio": 0.3363477246,
    "researchAndDevelopmentExpenses": 0,
    "generalAndAdministrativeExpenses": 3466500000,
    "sellingAndMarketingExpenses": 0,
    "sellingGeneralAndAdministrativeExpenses": 3466500000,
    "otherExpenses": -3102200000,
    "operatingExpenses": 364300000,
    "costAndExpenses": 1501800000,
    "interestIncome": 0,
    "interestExpense": 47800000,
    "depreciationAndAmortization": 133500000,
    "ebitda": 315000000,
    "ebitdaratio": 0.1837806301,
    "operatingIncome": 212200000,
    "operatingIncomeRatio": 0.1238039673,
    "totalOtherIncomeExpensesNet": -78500000,
    "incomeBeforeTax": 133700000,
    "incomeBeforeTaxRatio": 0.0780046674,
    "incomeTaxExpense": -19400000,
    "netIncome": 142200000,
    "netIncomeRatio": 0.0829638273,
    "eps": 0.74,
    "epsdiluted": 0.72,
    "weightedAverageShsOut": 192874000,
    "weightedAverageShsOutDil": 197420000,
    "link": "https://www.sec.gov/Archives/edgar/data/354190/000156459021004555/0001564590-21-004555-index.htm",
    "finalLink": "https://www.sec.gov/Archives/edgar/data/354190/000156459021004555/ajg-10k_20201231.htm"
  },
  {
    "date": "2020-09-30",
    "symbol": "AJG",
    "reportedCurrency": "USD",
    "cik": "0000354190",
    "fillingDate": "2020-10-30",
    "acceptedDate": "2020-10-30 17:11:38",
    "calendarYear": "2020",
    "period": "Q3",
    "revenue": 1845700000,
    "costOfRevenue": 1234300000,
    "grossProfit": 611400000,
    "grossProfitRatio": 0.3312564339,
    "researchAndDevelopmentExpenses": 0,
    "generalAndAdministrativeExpenses": 873500000,
    "sellingAndMarketingExpenses": 0,
    "sellingGeneralAndAdministrativeExpenses": 873500000,
    "otherExpenses": -536400000,
    "operatingExpenses": 337100000,
    "costAndExpenses": 1571400000,
    "interestIncome": 0,
    "interestExpense": 48100000,
    "depreciationAndAmortization": 133900000,
    "ebitda": 391500000,
    "ebitdaratio": 0.2121146449,
    "operatingIncome": 274300000,
    "operatingIncomeRatio": 0.1486157014,
    "totalOtherIncomeExpensesNet": -64800000,
    "incomeBeforeTax": 209500000,
    "incomeBeforeTaxRatio": 0.1135070705,
    "incomeTaxExpense": 21700000,
    "netIncome": 176600000,
    "netIncomeRatio": 0.0956818551,
    "eps": 0.92,
    "epsdiluted": 0.9,
    "weightedAverageShsOut": 191900000,
    "weightedAverageShsOutDil": 196300000,
    "link": "https://www.sec.gov/Archives/edgar/data/354190/000156459020049355/0001564590-20-049355-index.htm",
    "finalLink": "https://www.sec.gov/Archives/edgar/data/354190/000156459020049355/ajg-10q_20200930.htm"
  },
  {
    "date": "2020-06-30",
    "symbol": "AJG",
    "reportedCurrency": "USD",
    "cik": "0000354190",
    "fillingDate": "2020-07-31",
    "acceptedDate": "2020-07-31 14:55:52",
    "calendarYear": "2020",
    "period": "Q2",
    "revenue": 1583000000,
    "costOfRevenue": 1009200000,
    "grossProfit": 573800000,
    "grossProfitRatio": 0.3624763108,
    "researchAndDevelopmentExpenses": 0,
    "generalAndAdministrativeExpenses": 815600000,
    "sellingAndMarketingExpenses": 0,
    "sellingGeneralAndAdministrativeExpenses": 815600000,
    "otherExpenses": -478200000,
    "operatingExpenses": 337400000,
    "costAndExpenses": 1346600000,
    "interestIncome": 0,
    "interestExpense": 50000000,
    "depreciationAndAmortization": 122600000,
    "ebitda": 344300000,
    "ebitdaratio": 0.2174984207,
    "operatingIncome": 236400000,
    "operatingIncomeRatio": 0.1493367025,
    "totalOtherIncomeExpensesNet": -64700000,
    "incomeBeforeTax": 171700000,
    "incomeBeforeTaxRatio": 0.10846494,
    "incomeTaxExpense": 9900000,
    "netIncome": 153700000,
    "netIncomeRatio": 0.0970941251,
    "eps": 0.81,
    "epsdiluted": 0.79,
    "weightedAverageShsOut": 190500000,
    "weightedAverageShsOutDil": 194100000,
    "link": "https://www.sec.gov/Archives/edgar/data/354190/000156459020035149/0001564590-20-035149-index.htm",
    "finalLink": "https://www.sec.gov/Archives/edgar/data/354190/000156459020035149/ajg-10q_20200630.htm"
  },
  {
    "date": "2020-03-31",
    "symbol": "AJG",
    "reportedCurrency": "USD",
    "cik": "0000354190",
    "fillingDate": "2020-05-05",
    "acceptedDate": "2020-05-05 16:31:26",
    "calendarYear": "2020",
    "period": "Q1",
    "revenue": 1866700000,
    "costOfRevenue": 1119300000,
    "grossProfit": 747400000,
    "grossProfitRatio": 0.4003857074,
    "researchAndDevelopmentExpenses": 0,
    "generalAndAdministrativeExpenses": 896200000,
    "sellingAndMarketingExpenses": 0,
    "sellingGeneralAndAdministrativeExpenses": 896200000,
    "otherExpenses": -466100000,
    "operatingExpenses": 430100000,
    "costAndExpenses": 1549400000,
    "interestIncome": 0,
    "interestExpense": 50500000,
    "depreciationAndAmortization": 172400000,
    "ebitda": 578900000,
    "ebitdaratio": 0.3101194622,
    "operatingIncome": 317300000,
    "operatingIncomeRatio": 0.1699791075,
    "totalOtherIncomeExpensesNet": 38700000,
    "incomeBeforeTax": 356000000,
    "incomeBeforeTaxRatio": 0.1907108802,
    "incomeTaxExpense": 600000,
    "netIncome": 346300000,
    "netIncomeRatio": 0.1855145444,
    "eps": 1.83,
    "epsdiluted": 1.79,
    "weightedAverageShsOut": 188700000,
    "weightedAverageShsOutDil": 193200000,
    "link": "https://www.sec.gov/Archives/edgar/data/354190/000156459020021299/0001564590-20-021299-index.htm",
    "finalLink": "https://www.sec.gov/Archives/edgar/data/354190/000156459020021299/ajg-10q_20200331.htm"
  },
  {
    "date": "2019-12-31",
    "symbol": "AJG",
    "reportedCurrency": "USD",
    "cik": "0000354190",
    "fillingDate": "2020-02-07",
    "acceptedDate": "2020-02-07 16:20:36",
    "calendarYear": "2019",
    "period": "Q4",
    "revenue": 1708400000,
    "costOfRevenue": 1176100000,
    "grossProfit": 532300000,
    "grossProfitRatio": 0.3115780848,
    "researchAndDevelopmentExpenses": 0,
    "generalAndAdministrativeExpenses": 3339500000,
    "sellingAndMarketingExpenses": 0,
    "sellingGeneralAndAdministrativeExpenses": 3339500000,
    "otherExpenses": -2929600000,
    "operatingExpenses": 409900000,
    "costAndExpenses": 1586000000,
    "interestIncome": 0,
    "interestExpense": 48100000,
    "depreciationAndAmortization": 129600000,
    "ebitda": 261700000,
    "ebitdaratio": 0.153184266,
    "operatingIncome": 122400000,
    "operatingIncomeRatio": 0.0716459845,
    "totalOtherIncomeExpensesNet": -38400000,
    "incomeBeforeTax": 84000000,
    "incomeBeforeTaxRatio": 0.0491688129,
    "incomeTaxExpense": -21600000,
    "netIncome": 98500000,
    "netIncomeRatio": 0.0576562866,
    "eps": 0.53,
    "epsdiluted": 0.51,
    "weightedAverageShsOut": 187355000,
    "weightedAverageShsOutDil": 191755000,
    "link": "https://www.sec.gov/Archives/edgar/data/354190/000119312520028191/0001193125-20-028191-index.htm",
    "finalLink": "https://www.sec.gov/Archives/edgar/data/354190/000119312520028191/d879025d10k.htm"
  },
  {
    "date": "2019-09-30",
    "symbol": "AJG",
    "reportedCurrency": "USD",
    "cik": "0000354190",
    "fillingDate": "2019-10-25",
    "acceptedDate": "2019-10-25 13:28:40",
    "calendarYear": "2019",
    "period": "Q3",
    "revenue": 1821900000,
    "costOfRevenue": 1270800000,
    "grossProfit": 551100000,
    "grossProfitRatio": 0.3024864153,
    "researchAndDevelopmentExpenses": 0,
    "generalAndAdministrativeExpenses": 838700000,
    "sellingAndMarketingExpenses": 0,
    "sellingGeneralAndAdministrativeExpenses": 838700000,
    "otherExpenses": -451400000,
    "operatingExpenses": 387300000,
    "costAndExpenses": 1658100000,
    "interestIncome": 0,
    "interestExpense": 46600000,
    "depreciationAndAmortization": 119300000,
    "ebitda": 280700000,
    "ebitdaratio": 0.154069927,
    "operatingIncome": 163800000,
    "operatingIncomeRatio": 0.0899061419,
    "totalOtherIncomeExpensesNet": -49000000,
    "incomeBeforeTax": 114800000,
    "incomeBeforeTaxRatio": 0.0630111422,
    "incomeTaxExpense": -22300000,
    "netIncome": 126100000,
    "netIncomeRatio": 0.0692134585,
    "eps": 0.68,
    "epsdiluted": 0.66,
    "weightedAverageShsOut": 186300000,
    "weightedAverageShsOutDil": 190700000,
    "link": "https://www.sec.gov/Archives/edgar/data/354190/000119312519274533/0001193125-19-274533-index.htm",
    "finalLink": "https://www.sec.gov/Archives/edgar/data/354190/000119312519274533/d814529d10q.htm"
  },
  {
    "date": "2019-06-30",
    "symbol": "AJG",
    "reportedCurrency": "USD",
    "cik": "0000354190",
    "fillingDate": "2019-07-26",
    "acceptedDate": "2019-07-26 13:44:22",
    "calendarYear": "2019",
    "period": "Q2",
    "revenue": 1655900000,
    "costOfRevenue": 1131300000,
    "grossProfit": 524600000,
    "grossProfitRatio": 0.3168065704,
    "researchAndDevelopmentExpenses": 0,
    "generalAndAdministrativeExpenses": 806300000,
    "sellingAndMarketingExpenses": 0,
    "sellingGeneralAndAdministrativeExpenses": 806300000,
    "otherExpenses": -433600000,
    "operatingExpenses": 372700000,
    "costAndExpenses": 1504000000,
    "interestIncome": 0,
    "interestExpense": 44900000,
    "depreciationAndAmortization": 115000000,
    "ebitda": 265400000,
    "ebitdaratio": 0.1602753789,
    "operatingIncome": 151900000,
    "operatingIncomeRatio": 0.0917325925,
    "totalOtherIncomeExpensesNet": -46400000,
    "incomeBeforeTax": 105500000,
    "incomeBeforeTaxRatio": 0.0637115768,
    "incomeTaxExpense": -15900000,
    "netIncome": 110100000,
    "netIncomeRatio": 0.0664895223,
    "eps": 0.59,
    "epsdiluted": 0.58,
    "weightedAverageShsOut": 185769000,
    "weightedAverageShsOutDil": 189768000,
    "link": "https://www.sec.gov/Archives/edgar/data/354190/000119312519203706/0001193125-19-203706-index.htm",
    "finalLink": "https://www.sec.gov/Archives/edgar/data/354190/000119312519203706/d754599d10q.htm"
  },
  {
    "date": "2019-03-31",
    "symbol": "AJG",
    "reportedCurrency": "USD",
    "cik": "0000354190",
    "fillingDate": "2019-04-29",
    "acceptedDate": "2019-04-29 09:58:14",
    "calendarYear": "2019",
    "period": "Q1",
    "revenue": 1933500000,
    "costOfRevenue": 1252700000,
    "grossProfit": 680800000,
    "grossProfitRatio": 0.3521075769,
    "researchAndDevelopmentExpenses": 0,
    "generalAndAdministrativeExpenses": 837100000,
    "sellingAndMarketingExpenses": 0,
    "sellingGeneralAndAdministrativeExpenses": 837100000,
    "otherExpenses": -464100000,
    "operatingExpenses": 373000000,
    "costAndExpenses": 1625700000,
    "interestIncome": 0,
    "interestExpense": 40200000,
    "depreciationAndAmortization": 110500000,
    "ebitda": 472500000,
    "ebitdaratio": 0.2443754849,
    "operatingIncome": 307800000,
    "operatingIncomeRatio": 0.159193173,
    "totalOtherIncomeExpensesNet": 14000000,
    "incomeBeforeTax": 321800000,
    "incomeBeforeTaxRatio": 0.1664339281,
    "incomeTaxExpense": -29900000,
    "netIncome": 334100000,
    "netIncomeRatio": 0.1727954487,
    "eps": 1.81,
    "epsdiluted": 1.77,
    "weightedAverageShsOut": 184521000,
    "weightedAverageShsOutDil": 188362000,
    "link": "https://www.sec.gov/Archives/edgar/data/354190/000119312519124014/0001193125-19-124014-index.htm",
    "finalLink": "https://www.sec.gov/Archives/edgar/data/354190/000119312519124014/d716608d10q.htm"
  },
  {
    "date": "2018-12-31",
    "symbol": "AJG",
    "reportedCurrency": "USD",
    "cik": "0000354190",
    "fillingDate": "2019-02-08",
    "acceptedDate": "2019-02-08 16:36:10",
    "calendarYear": "2018",
    "period": "Q4",
    "revenue": 1657400000,
    "costOfRevenue": 1228400000,
    "grossProfit": 429000000,
    "grossProfitRatio": 0.2588391456,
    "researchAndDevelopmentExpenses": 0,
    "generalAndAdministrativeExpenses": 3026300000,
    "sellingAndMarketingExpenses": 0,
    "sellingGeneralAndAdministrativeExpenses": 3026300000,
    "otherExpenses": -2679400000,
    "operatingExpenses": 346900000,
    "costAndExpenses": 1575300000,
    "interestIncome": 0,
    "interestExpense": 36500000,
    "depreciationAndAmortization": 109800000,
    "ebitda": 189500000,
    "ebitdaratio": 0.1143357065,
    "operatingIncome": 82100000,
    "operatingIncomeRatio": 0.0495354169,
    "totalOtherIncomeExpensesNet": -38900000,
    "incomeBeforeTax": 43200000,
    "incomeBeforeTaxRatio": 0.026064921,
    "incomeTaxExpense": -84600000,
    "netIncome": 117300000,
    "netIncomeRatio": 0.0707735007,
    "eps": 0.64,
    "epsdiluted": 0.63,
    "weightedAverageShsOut": 183834000,
    "weightedAverageShsOutDil": 187513000,
    "link": "https://www.sec.gov/Archives/edgar/data/354190/000119312519032304/0001193125-19-032304-index.htm",
    "finalLink": "https://www.sec.gov/Archives/edgar/data/354190/000119312519032304/d618065d10k.htm"
  },
  {
    "date": "2018-09-30",
    "symbol": "AJG",
    "reportedCurrency": "USD",
    "cik": "0000354190",
    "fillingDate": "2018-10-26",
    "acceptedDate": "2018-10-26 15:33:39",
    "calendarYear": "2018",
    "period": "Q3",
    "revenue": 1777900000,
    "costOfRevenue": 1311800000,
    "grossProfit": 466100000,
    "grossProfitRatio": 0.2621632263,
    "researchAndDevelopmentExpenses": 0,
    "generalAndAdministrativeExpenses": 765700000,
    "sellingAndMarketingExpenses": 0,
    "sellingGeneralAndAdministrativeExpenses": 765700000,
    "otherExpenses": -431800000,
    "operatingExpenses": 333900000,
    "costAndExpenses": 1645700000,
    "interestIncome": 0,
    "interestExpense": 36700000,
    "depreciationAndAmortization": 106200000,
    "ebitda": 233200000,
    "ebitdaratio": 0.1311659823,
    "operatingIncome": 132200000,
    "operatingIncomeRatio": 0.0743573879,
    "totalOtherIncomeExpensesNet": -41900000,
    "incomeBeforeTax": 90300000,
    "incomeBeforeTaxRatio": 0.0507902582,
    "incomeTaxExpense": -48100000,
    "netIncome": 127600000,
    "netIncomeRatio": 0.0717700658,
    "eps": 0.7,
    "epsdiluted": 0.68,
    "weightedAverageShsOut": 183288000,
    "weightedAverageShsOutDil": 186766000,
    "link": "https://www.sec.gov/Archives/edgar/data/354190/000119312518309015/0001193125-18-309015-index.htm",
    "finalLink": "https://www.sec.gov/Archives/edgar/data/354190/000119312518309015/d605566d10q.htm"
  },
  {
    "date": "2018-06-30",
    "symbol": "AJG",
    "reportedCurrency": "USD",
    "cik": "0000354190",
    "fillingDate": "2018-07-27",
    "acceptedDate": "2018-07-27 15:45:37",
    "calendarYear": "2018",
    "period": "Q2",
    "revenue": 1654300000,
    "costOfRevenue": 1201900000,
    "grossProfit": 452400000,
    "grossProfitRatio": 0.273469141,
    "researchAndDevelopmentExpenses": 0,
    "generalAndAdministrativeExpenses": 724700000,
    "sellingAndMarketingExpenses": 0,
    "sellingGeneralAndAdministrativeExpenses": 724700000,
    "otherExpenses": -397700000,
    "operatingExpenses": 327000000,
    "costAndExpenses": 1528900000,
    "interestIncome": 0,
    "interestExpense": 33900000,
    "depreciationAndAmortization": 104200000,
    "ebitda": 241700000,
    "ebitdaratio": 0.1461040924,
    "operatingIncome": 125400000,
    "operatingIncomeRatio": 0.0758024542,
    "totalOtherIncomeExpensesNet": -21800000,
    "incomeBeforeTax": 103600000,
    "incomeBeforeTaxRatio": 0.0626246751,
    "incomeTaxExpense": -20100000,
    "netIncome": 114900000,
    "netIncomeRatio": 0.0694553588,
    "eps": 0.63,
    "epsdiluted": 0.62,
    "weightedAverageShsOut": 182612000,
    "weightedAverageShsOutDil": 182612000,
    "link": "https://www.sec.gov/Archives/edgar/data/354190/000119312518229526/0001193125-18-229526-index.htm",
    "finalLink": "https://www.sec.gov/Archives/edgar/data/354190/000119312518229526/d575587d10q.htm"
  },
  {
    "date": "2018-03-31",
    "symbol": "AJG",
    "reportedCurrency": "USD",
    "cik": "0000354190",
    "fillingDate": "2018-05-07",
    "acceptedDate": "2018-05-07 16:20:21",
    "calendarYear": "2018",
    "period": "Q1",
    "revenue": 1834800000,
    "costOfRevenue": 1241800000,
    "grossProfit": 593000000,
    "grossProfitRatio": 0.3231959887,
    "researchAndDevelopmentExpenses": 0,
    "generalAndAdministrativeExpenses": 775800000,
    "sellingAndMarketingExpenses": 0,
    "sellingGeneralAndAdministrativeExpenses": 775800000,
    "otherExpenses": -460900000,
    "operatingExpenses": 314900000,
    "costAndExpenses": 1556700000,
    "interestIncome": 0,
    "interestExpense": 31300000,
    "depreciationAndAmortization": 98800000,
    "ebitda": 372400000,
    "ebitdaratio": 0.2029649008,
    "operatingIncome": 278100000,
    "operatingIncomeRatio": 0.1515696534,
    "totalOtherIncomeExpensesNet": -35800000,
    "incomeBeforeTax": 242300000,
    "incomeBeforeTaxRatio": 0.13205799,
    "incomeTaxExpense": -43700000,
    "netIncome": 273700000,
    "netIncomeRatio": 0.1491715718,
    "eps": 1.51,
    "epsdiluted": 1.48,
    "weightedAverageShsOut": 182100000,
    "weightedAverageShsOutDil": 182100000,
    "link": "https://www.sec.gov/Archives/edgar/data/354190/000119312518154466/0001193125-18-154466-index.htm",
    "finalLink": "https://www.sec.gov/Archives/edgar/data/354190/000119312518154466/d549427d10q.htm"
  },
  {
    "date": "2017-12-31",
    "symbol": "AJG",
    "reportedCurrency": "USD",
    "cik": "0000354190",
    "fillingDate": "2018-02-12",
    "acceptedDate": "2018-02-09 17:42:22",
    "calendarYear": "2017",
    "period": "Q4",
    "revenue": 1599000000,
    "costOfRevenue": 1159400000,
    "grossProfit": 439600000,
    "grossProfitRatio": 0.2749218261,
    "researchAndDevelopmentExpenses": 0,
    "generalAndAdministrativeExpenses": 2752300000,
    "sellingAndMarketingExpenses": 0,
    "sellingGeneralAndAdministrativeExpenses": 2752300000,
    "otherExpenses": -2429400000,
    "operatingExpenses": 322900000,
    "costAndExpenses": 1482300000,
    "interestIncome": 0,
    "interestExpense": 31200000,
    "depreciationAndAmortization": 96600000,
    "ebitda": 209900000,
    "ebitdaratio": 0.1312695435,
    "operatingIncome": 116700000,
    "operatingIncomeRatio": 0.0729831144,
    "totalOtherIncomeExpensesNet": -34600000,
    "incomeBeforeTax": 82100000,
    "incomeBeforeTaxRatio": 0.0513445904,
    "incomeTaxExpense": -31100000,
    "netIncome": 105100000,
    "netIncomeRatio": 0.0657285804,
    "eps": 0.58,
    "epsdiluted": 0.57,
    "weightedAverageShsOut": 181038000,
    "weightedAverageShsOutDil": 183575000,
    "link": "https://www.sec.gov/Archives/edgar/data/354190/000119312518038261/0001193125-18-038261-index.htm",
    "finalLink": "https://www.sec.gov/Archives/edgar/data/354190/000119312518038261/d486069d10k.htm"
  },
  {
    "date": "2017-09-30",
    "symbol": "AJG",
    "reportedCurrency": "USD",
    "cik": "0000354190",
    "fillingDate": "2017-10-30",
    "acceptedDate": "2017-10-30 13:23:17",
    "calendarYear": "2017",
    "period": "Q3",
    "revenue": 1593700000,
    "costOfRevenue": 1165700000,
    "grossProfit": 428000000,
    "grossProfitRatio": 0.2685574449,
    "researchAndDevelopmentExpenses": 0,
    "generalAndAdministrativeExpenses": 680100000,
    "sellingAndMarketingExpenses": 0,
    "sellingGeneralAndAdministrativeExpenses": 680100000,
    "otherExpenses": -371000000,
    "operatingExpenses": 309100000,
    "costAndExpenses": 1474800000,
    "interestIncome": 0,
    "interestExpense": 31400000,
    "depreciationAndAmortization": 100100000,
    "ebitda": 208400000,
    "ebitdaratio": 0.1307648867,
    "operatingIncome": 118900000,
    "operatingIncomeRatio": 0.0746062622,
    "totalOtherIncomeExpensesNet": -42000000,
    "incomeBeforeTax": 76900000,
    "incomeBeforeTaxRatio": 0.0482524942,
    "incomeTaxExpense": -41200000,
    "netIncome": 111000000,
    "netIncomeRatio": 0.0696492439,
    "eps": 0.72,
    "epsdiluted": 0.71,
    "weightedAverageShsOut": 180511000,
    "weightedAverageShsOutDil": 182517000,
    "link": "https://www.sec.gov/Archives/edgar/data/354190/000119312517324571/0001193125-17-324571-index.htm",
    "finalLink": "https://www.sec.gov/Archives/edgar/data/354190/000119312517324571/d431119d10q.htm"
  },
  {
    "date": "2017-06-30",
    "symbol": "AJG",
    "reportedCurrency": "USD",
    "cik": "0000354190",
    "fillingDate": "2017-07-28",
    "acceptedDate": "2017-07-28 15:24:18",
    "calendarYear": "2017",
    "period": "Q2",
    "revenue": 1489500000,
    "costOfRevenue": 1099200000,
    "grossProfit": 390300000,
    "grossProfitRatio": 0.2620342397,
    "researchAndDevelopmentExpenses": 0,
    "generalAndAdministrativeExpenses": 675700000,
    "sellingAndMarketingExpenses": 0,
    "sellingGeneralAndAdministrativeExpenses": 675700000,
    "otherExpenses": -376200000,
    "operatingExpenses": 299500000,
    "costAndExpenses": 1398700000,
    "interestIncome": 0,
    "interestExpense": 31600000,
    "depreciationAndAmortization": 95300000,
    "ebitda": 181000000,
    "ebitdaratio": 0.1215172877,
    "operatingIncome": 90800000,
    "operatingIncomeRatio": 0.0609600537,
    "totalOtherIncomeExpensesNet": -36700000,
    "incomeBeforeTax": 54100000,
    "incomeBeforeTaxRatio": 0.0363209131,
    "incomeTaxExpense": -24200000,
    "netIncome": 70000000,
    "netIncomeRatio": 0.0469956361,
    "eps": 0.96,
    "epsdiluted": 0.95,
    "weightedAverageShsOut": 179860000,
    "weightedAverageShsOutDil": 181609000,
    "link": "https://www.sec.gov/Archives/edgar/data/354190/000119312517240374/0001193125-17-240374-index.htm",
    "finalLink": "https://www.sec.gov/Archives/edgar/data/354190/000119312517240374/d422166d10q.htm"
  },
  {
    "date": "2017-03-31",
    "symbol": "AJG",
    "reportedCurrency": "USD",
    "cik": "0000354190",
    "fillingDate": "2017-04-28",
    "acceptedDate": "2017-04-28 16:28:15",
    "calendarYear": "2017",
    "period": "Q1",
    "revenue": 1646400000,
    "costOfRevenue": 1111800000,
    "grossProfit": 534600000,
    "grossProfitRatio": 0.3247084548,
    "researchAndDevelopmentExpenses": 0,
    "generalAndAdministrativeExpenses": 657600000,
    "sellingAndMarketingExpenses": 0,
    "sellingGeneralAndAdministrativeExpenses": 657600000,
    "otherExpenses": -364300000,
    "operatingExpenses": 293300000,
    "costAndExpenses": 1405100000,
    "interestIncome": 0,
    "interestExpense": 29900000,
    "depreciationAndAmortization": 93800000,
    "ebitda": 323300000,
    "ebitdaratio": 0.1963678328,
    "operatingIncome": 241300000,
    "operatingIncomeRatio": 0.1465621963,
    "totalOtherIncomeExpensesNet": -41700000,
    "incomeBeforeTax": 199600000,
    "incomeBeforeTaxRatio": 0.121234208,
    "incomeTaxExpense": -42400000,
    "netIncome": 228800000,
    "netIncomeRatio": 0.1389698737,
    "eps": 0.31,
    "epsdiluted": 0.31,
    "weightedAverageShsOut": 178890000,
    "weightedAverageShsOutDil": 180591000,
    "link": "https://www.sec.gov/Archives/edgar/data/354190/000119312517148293/0001193125-17-148293-index.htm",
    "finalLink": "https://www.sec.gov/Archives/edgar/data/354190/000119312517148293/d346336d10q.htm"
  },
  {
    "date": "2016-12-31",
    "symbol": "AJG",
    "reportedCurrency": "USD",
    "cik": "0000354190",
    "fillingDate": "2017-02-13",
    "acceptedDate": "2017-02-10 17:54:38",
    "calendarYear": "2016",
    "period": "Q4",
    "revenue": 1385000000,
    "costOfRevenue": 988700000,
    "grossProfit": 396300000,
    "grossProfitRatio": 0.2861371841,
    "researchAndDevelopmentExpenses": 0,
    "generalAndAdministrativeExpenses": 2538900000,
    "sellingAndMarketingExpenses": 0,
    "sellingGeneralAndAdministrativeExpenses": 2538900000,
    "otherExpenses": -2250600000,
    "operatingExpenses": 288300000,
    "costAndExpenses": 1277000000,
    "interestIncome": 0,
    "interestExpense": 28300000,
    "depreciationAndAmortization": 89300000,
    "ebitda": 186400000,
    "ebitdaratio": 0.1345848375,
    "operatingIncome": 108000000,
    "operatingIncomeRatio": 0.0779783394,
    "totalOtherIncomeExpensesNet": -39200000,
    "incomeBeforeTax": 68800000,
    "incomeBeforeTaxRatio": 0.0496750903,
    "incomeTaxExpense": -32200000,
    "netIncome": 95100000,
    "netIncomeRatio": 0.0686642599,
    "eps": 0.53,
    "epsdiluted": 0.53,
    "weightedAverageShsOut": 178174000,
    "weightedAverageShsOutDil": 179089000,
    "link": "https://www.sec.gov/Archives/edgar/data/354190/000119312517038619/0001193125-17-038619-index.htm",
    "finalLink": "https://www.sec.gov/Archives/edgar/data/354190/000119312517038619/d314580d10k.htm"
  },
  {
    "date": "2016-09-30",
    "symbol": "AJG",
    "reportedCurrency": "USD",
    "cik": "0000354190",
    "fillingDate": "2016-10-28",
    "acceptedDate": "2016-10-28 13:58:25",
    "calendarYear": "2016",
    "period": "Q3",
    "revenue": 1482300000,
    "costOfRevenue": 1076300000,
    "grossProfit": 406000000,
    "grossProfitRatio": 0.273898671,
    "researchAndDevelopmentExpenses": 0,
    "generalAndAdministrativeExpenses": 626600000,
    "sellingAndMarketingExpenses": 0,
    "sellingGeneralAndAdministrativeExpenses": 626600000,
    "otherExpenses": -348100000,
    "operatingExpenses": 278500000,
    "costAndExpenses": 1354800000,
    "interestIncome": 0,
    "interestExpense": 28500000,
    "depreciationAndAmortization": 88900000,
    "ebitda": 212300000,
    "ebitdaratio": 0.1432233691,
    "operatingIncome": 127500000,
    "operatingIncomeRatio": 0.0860149767,
    "totalOtherIncomeExpensesNet": -32600000,
    "incomeBeforeTax": 94900000,
    "incomeBeforeTaxRatio": 0.0640221278,
    "incomeTaxExpense": -35500000,
    "netIncome": 122800000,
    "netIncomeRatio": 0.0828442286,
    "eps": 0.69,
    "epsdiluted": 0.69,
    "weightedAverageShsOut": 177611000,
    "weightedAverageShsOutDil": 178520000,
    "link": "https://www.sec.gov/Archives/edgar/data/354190/000119312516751281/0001193125-16-751281-index.htm",
    "finalLink": "https://www.sec.gov/Archives/edgar/data/354190/000119312516751281/d243698d10q.htm"
  },
  {
    "date": "2016-06-30",
    "symbol": "AJG",
    "reportedCurrency": "USD",
    "cik": "0000354190",
    "fillingDate": "2016-07-29",
    "acceptedDate": "2016-07-29 14:08:17",
    "calendarYear": "2016",
    "period": "Q2",
    "revenue": 1427100000,
    "costOfRevenue": 956000000,
    "grossProfit": 471100000,
    "grossProfitRatio": 0.3301100133,
    "researchAndDevelopmentExpenses": 0,
    "generalAndAdministrativeExpenses": 631000000,
    "sellingAndMarketingExpenses": 0,
    "sellingGeneralAndAdministrativeExpenses": 631000000,
    "otherExpenses": -337800000,
    "operatingExpenses": 293200000,
    "costAndExpenses": 1249200000,
    "interestIncome": 0,
    "interestExpense": 27200000,
    "depreciationAndAmortization": 88600000,
    "ebitda": 253300000,
    "ebitdaratio": 0.1774928176,
    "operatingIncome": 177900000,
    "operatingIncomeRatio": 0.1246583982,
    "totalOtherIncomeExpensesNet": -40400000,
    "incomeBeforeTax": 137500000,
    "incomeBeforeTaxRatio": 0.0963492397,
    "incomeTaxExpense": -18200000,
    "netIncome": 150000000,
    "netIncomeRatio": 0.1051082615,
    "eps": 0.85,
    "epsdiluted": 0.84,
    "weightedAverageShsOut": 177415000,
    "weightedAverageShsOutDil": 178272000,
    "link": "https://www.sec.gov/Archives/edgar/data/354190/000119312516664146/0001193125-16-664146-index.htm",
    "finalLink": "https://www.sec.gov/Archives/edgar/data/354190/000119312516664146/d223702d10q.htm"
  },
  {
    "date": "2016-03-31",
    "symbol": "AJG",
    "reportedCurrency": "USD",
    "cik": "0000354190",
    "fillingDate": "2016-05-02",
    "acceptedDate": "2016-05-02 17:19:55",
    "calendarYear": "2016",
    "period": "Q1",
    "revenue": 1300400000,
    "costOfRevenue": 926500000,
    "grossProfit": 373900000,
    "grossProfitRatio": 0.2875269148,
    "researchAndDevelopmentExpenses": 0,
    "generalAndAdministrativeExpenses": 622100000,
    "sellingAndMarketingExpenses": 0,
    "sellingGeneralAndAdministrativeExpenses": 622100000,
    "otherExpenses": -333600000,
    "operatingExpenses": 288500000,
    "costAndExpenses": 1215000000,
    "interestIncome": 0,
    "interestExpense": 25800000,
    "depreciationAndAmortization": 84000000,
    "ebitda": 165500000,
    "ebitdaratio": 0.1272685328,
    "operatingIncome": 85400000,
    "operatingIncomeRatio": 0.0656721009,
    "totalOtherIncomeExpensesNet": -29700000,
    "incomeBeforeTax": 55700000,
    "incomeBeforeTaxRatio": 0.0428329745,
    "incomeTaxExpense": -2200000,
    "netIncome": 46500000,
    "netIncomeRatio": 0.0357582282,
    "eps": 0.26,
    "epsdiluted": 0.26,
    "weightedAverageShsOut": 177038000,
    "weightedAverageShsOutDil": 177615000,
    "link": "https://www.sec.gov/Archives/edgar/data/354190/000119312516572899/0001193125-16-572899-index.htm",
    "finalLink": "https://www.sec.gov/Archives/edgar/data/354190/000119312516572899/d169870d10q.htm"
  },
  {
    "date": "2015-12-31",
    "symbol": "AJG",
    "reportedCurrency": "USD",
    "cik": "0000354190",
    "fillingDate": "2016-02-10",
    "acceptedDate": "2016-02-10 17:02:26",
    "calendarYear": "2015",
    "period": "Q4",
    "revenue": 1334900000,
    "costOfRevenue": 950200000,
    "grossProfit": 384700000,
    "grossProfitRatio": 0.288186381,
    "researchAndDevelopmentExpenses": 0,
    "generalAndAdministrativeExpenses": 2428900000,
    "sellingAndMarketingExpenses": 0,
    "sellingGeneralAndAdministrativeExpenses": 2428900000,
    "otherExpenses": -2113100000,
    "operatingExpenses": 315800000,
    "costAndExpenses": 1266000000,
    "interestIncome": 0,
    "interestExpense": 25800000,
    "depreciationAndAmortization": 93800000,
    "ebitda": 148000000,
    "ebitdaratio": 0.1108697281,
    "operatingIncome": 68900000,
    "operatingIncomeRatio": 0.0516143531,
    "totalOtherIncomeExpensesNet": -40500000,
    "incomeBeforeTax": 28400000,
    "incomeBeforeTaxRatio": 0.0212750019,
    "incomeTaxExpense": -39800000,
    "netIncome": 62300000,
    "netIncomeRatio": 0.0466701626,
    "eps": 0.35,
    "epsdiluted": 0.35,
    "weightedAverageShsOut": 176810000,
    "weightedAverageShsOutDil": 177551000,
    "link": "https://www.sec.gov/Archives/edgar/data/354190/000119312516457703/0001193125-16-457703-index.htm",
    "finalLink": "https://www.sec.gov/Archives/edgar/data/354190/000119312516457703/d118346d10k.htm"
  },
  {
    "date": "2015-09-30",
    "symbol": "AJG",
    "reportedCurrency": "USD",
    "cik": "0000354190",
    "fillingDate": "2015-10-28",
    "acceptedDate": "2015-10-28 16:44:42",
    "calendarYear": "2015",
    "period": "Q3",
    "revenue": 1454800000,
    "costOfRevenue": 1023800000,
    "grossProfit": 431000000,
    "grossProfitRatio": 0.2962606544,
    "researchAndDevelopmentExpenses": 0,
    "generalAndAdministrativeExpenses": 604900000,
    "sellingAndMarketingExpenses": 0,
    "sellingGeneralAndAdministrativeExpenses": 604900000,
    "otherExpenses": -314900000,
    "operatingExpenses": 290000000,
    "costAndExpenses": 1313800000,
    "interestIncome": 0,
    "interestExpense": 25600000,
    "depreciationAndAmortization": 81900000,
    "ebitda": 213200000,
    "ebitdaratio": 0.1465493539,
    "operatingIncome": 141000000,
    "operatingIncomeRatio": 0.0969205389,
    "totalOtherIncomeExpensesNet": -35300000,
    "incomeBeforeTax": 105700000,
    "incomeBeforeTaxRatio": 0.0726560352,
    "incomeTaxExpense": -35200000,
    "netIncome": 133300000,
    "netIncomeRatio": 0.0916277151,
    "eps": 0.76,
    "epsdiluted": 0.75,
    "weightedAverageShsOut": 175956000,
    "weightedAverageShsOutDil": 176808000,
    "link": "https://www.sec.gov/Archives/edgar/data/354190/000119312515356371/0001193125-15-356371-index.htm",
    "finalLink": "https://www.sec.gov/Archives/edgar/data/354190/000119312515356371/d56697d10q.htm"
  },
  {
    "date": "2015-06-30",
    "symbol": "AJG",
    "reportedCurrency": "USD",
    "cik": "0000354190",
    "fillingDate": "2015-07-31",
    "acceptedDate": "2015-07-31 16:02:09",
    "calendarYear": "2015",
    "period": "Q2",
    "revenue": 1371400000,
    "costOfRevenue": 921900000,
    "grossProfit": 449500000,
    "grossProfitRatio": 0.3277672452,
    "researchAndDevelopmentExpenses": 0,
    "generalAndAdministrativeExpenses": 615100000,
    "sellingAndMarketingExpenses": 0,
    "sellingGeneralAndAdministrativeExpenses": 615100000,
    "otherExpenses": -325700000,
    "operatingExpenses": 289400000,
    "costAndExpenses": 1211300000,
    "interestIncome": 0,
    "interestExpense": 26000000,
    "depreciationAndAmortization": 82300000,
    "ebitda": 236800000,
    "ebitdaratio": 0.172670264,
    "operatingIncome": 160100000,
    "operatingIncomeRatio": 0.1167420155,
    "totalOtherIncomeExpensesNet": -31600000,
    "incomeBeforeTax": 128500000,
    "incomeBeforeTaxRatio": 0.0936998687,
    "incomeTaxExpense": -19100000,
    "netIncome": 139300000,
    "netIncomeRatio": 0.1015750328,
    "eps": 0.82,
    "epsdiluted": 0.81,
    "weightedAverageShsOut": 170613000,
    "weightedAverageShsOutDil": 171731000,
    "link": "https://www.sec.gov/Archives/edgar/data/354190/000119312515272917/0001193125-15-272917-index.htm",
    "finalLink": "https://www.sec.gov/Archives/edgar/data/354190/000119312515272917/d940839d10q.htm"
  },
  {
    "date": "2015-03-31",
    "symbol": "AJG",
    "reportedCurrency": "USD",
    "cik": "0000354190",
    "fillingDate": "2015-04-28",
    "acceptedDate": "2015-04-28 16:29:25",
    "calendarYear": "2015",
    "period": "Q1",
    "revenue": 1231300000,
    "costOfRevenue": 884500000,
    "grossProfit": 346800000,
    "grossProfitRatio": 0.2816535369,
    "researchAndDevelopmentExpenses": 0,
    "generalAndAdministrativeExpenses": 575200000,
    "sellingAndMarketingExpenses": 0,
    "sellingGeneralAndAdministrativeExpenses": 575200000,
    "otherExpenses": -295500000,
    "operatingExpenses": 279700000,
    "costAndExpenses": 1164200000,
    "interestIncome": 0,
    "interestExpense": 25600000,
    "depreciationAndAmortization": 76200000,
    "ebitda": 132700000,
    "ebitdaratio": 0.1077722732,
    "operatingIncome": 67100000,
    "operatingIncomeRatio": 0.0544952489,
    "totalOtherIncomeExpensesNet": -36200000,
    "incomeBeforeTax": 30900000,
    "incomeBeforeTaxRatio": 0.0250954276,
    "incomeTaxExpense": -1500000,
    "netIncome": 21900000,
    "netIncomeRatio": 0.0177860798,
    "eps": 0.13,
    "epsdiluted": 0.13,
    "weightedAverageShsOut": 165574000,
    "weightedAverageShsOutDil": 166777000,
    "link": "https://www.sec.gov/Archives/edgar/data/354190/000119312515152993/0001193125-15-152993-index.htm",
    "finalLink": "https://www.sec.gov/Archives/edgar/data/354190/000119312515152993/d912299d10q.htm"
  },
  {
    "date": "2014-12-31",
    "symbol": "AJG",
    "reportedCurrency": "USD",
    "cik": "0000354190",
    "fillingDate": "2015-02-13",
    "acceptedDate": "2015-02-12 18:52:49",
    "calendarYear": "2014",
    "period": "Q4",
    "revenue": 1245400000,
    "costOfRevenue": 897900000,
    "grossProfit": 347500000,
    "grossProfitRatio": 0.2790268187,
    "researchAndDevelopmentExpenses": 0,
    "generalAndAdministrativeExpenses": 2167600000,
    "sellingAndMarketingExpenses": 0,
    "sellingGeneralAndAdministrativeExpenses": 2167600000,
    "otherExpenses": -1873000000,
    "operatingExpenses": 294600000,
    "costAndExpenses": 1192500000,
    "interestIncome": 0,
    "interestExpense": 25700000,
    "depreciationAndAmortization": 73600000,
    "ebitda": 125600000,
    "ebitdaratio": 0.1008511322,
    "operatingIncome": 52900000,
    "operatingIncomeRatio": 0.0424763128,
    "totalOtherIncomeExpensesNet": -26600000,
    "incomeBeforeTax": 26300000,
    "incomeBeforeTaxRatio": 0.0211177132,
    "incomeTaxExpense": -25200000,
    "netIncome": 51500000,
    "netIncomeRatio": 0.041352176,
    "eps": 0.31,
    "epsdiluted": 0.31,
    "weightedAverageShsOut": 162705000,
    "weightedAverageShsOutDil": 164007000,
    "link": "https://www.sec.gov/Archives/edgar/data/354190/000119312515047308/0001193125-15-047308-index.htm",
    "finalLink": "https://www.sec.gov/Archives/edgar/data/354190/000119312515047308/d853008d10k.htm"
  },
  {
    "date": "2014-09-30",
    "symbol": "AJG",
    "reportedCurrency": "USD",
    "cik": "0000354190",
    "fillingDate": "2014-10-29",
    "acceptedDate": "2014-10-29 17:09:13",
    "calendarYear": "2014",
    "period": "Q3",
    "revenue": 1286800000,
    "costOfRevenue": 890800000,
    "grossProfit": 396000000,
    "grossProfitRatio": 0.3077401306,
    "researchAndDevelopmentExpenses": 0,
    "generalAndAdministrativeExpenses": 564600000,
    "sellingAndMarketingExpenses": 0,
    "sellingGeneralAndAdministrativeExpenses": 564600000,
    "otherExpenses": -294400000,
    "operatingExpenses": 270200000,
    "costAndExpenses": 1161000000,
    "interestIncome": 0,
    "interestExpense": 25900000,
    "depreciationAndAmortization": 72900000,
    "ebitda": 194200000,
    "ebitdaratio": 0.1509170034,
    "operatingIncome": 125800000,
    "operatingIncomeRatio": 0.09776189,
    "totalOtherIncomeExpensesNet": -30400000,
    "incomeBeforeTax": 95400000,
    "incomeBeforeTaxRatio": 0.0741373951,
    "incomeTaxExpense": -5900000,
    "netIncome": 93600000,
    "netIncomeRatio": 0.0727385763,
    "eps": 0.58,
    "epsdiluted": 0.58,
    "weightedAverageShsOut": 160231000,
    "weightedAverageShsOutDil": 161503000,
    "link": "https://www.sec.gov/Archives/edgar/data/354190/000119312514387410/0001193125-14-387410-index.htm",
    "finalLink": "https://www.sec.gov/Archives/edgar/data/354190/000119312514387410/d799569d10q.htm"
  },
  {
    "date": "2014-06-30",
    "symbol": "AJG",
    "reportedCurrency": "USD",
    "cik": "0000354190",
    "fillingDate": "2014-08-01",
    "acceptedDate": "2014-07-31 21:02:40",
    "calendarYear": "2014",
    "period": "Q2",
    "revenue": 1179300000,
    "costOfRevenue": 800500000,
    "grossProfit": 378800000,
    "grossProfitRatio": 0.321207496,
    "researchAndDevelopmentExpenses": 0,
    "generalAndAdministrativeExpenses": 530000000,
    "sellingAndMarketingExpenses": 0,
    "sellingGeneralAndAdministrativeExpenses": 530000000,
    "otherExpenses": -291300000,
    "operatingExpenses": 238700000,
    "costAndExpenses": 1039200000,
    "interestIncome": 0,
    "interestExpense": 21200000,
    "depreciationAndAmortization": 59500000,
    "ebitda": 192600000,
    "ebitdaratio": 0.1633172221,
    "operatingIncome": 140100000,
    "operatingIncomeRatio": 0.1187992877,
    "totalOtherIncomeExpensesNet": -28200000,
    "incomeBeforeTax": 111900000,
    "incomeBeforeTaxRatio": 0.0948867973,
    "incomeTaxExpense": -1800000,
    "netIncome": 109000000,
    "netIncomeRatio": 0.0924277114,
    "eps": 0.71,
    "epsdiluted": 0.7,
    "weightedAverageShsOut": 154252000,
    "weightedAverageShsOutDil": 155672000,
    "link": "https://www.sec.gov/Archives/edgar/data/354190/000119312514290283/0001193125-14-290283-index.htm",
    "finalLink": "https://www.sec.gov/Archives/edgar/data/354190/000119312514290283/d732524d10q.htm"
  },
  {
    "date": "2014-03-31",
    "symbol": "AJG",
    "reportedCurrency": "USD",
    "cik": "0000354190",
    "fillingDate": "2014-04-24",
    "acceptedDate": "2014-04-24 09:46:01",
    "calendarYear": "2014",
    "period": "Q1",
    "revenue": 915000000,
    "costOfRevenue": 637300000,
    "grossProfit": 277700000,
    "grossProfitRatio": 0.3034972678,
    "researchAndDevelopmentExpenses": 0,
    "generalAndAdministrativeExpenses": 466300000,
    "sellingAndMarketingExpenses": 0,
    "sellingGeneralAndAdministrativeExpenses": 466300000,
    "otherExpenses": -264600000,
    "operatingExpenses": 201700000,
    "costAndExpenses": 839000000,
    "interestIncome": 0,
    "interestExpense": 16200000,
    "depreciationAndAmortization": 52900000,
    "ebitda": 123800000,
    "ebitdaratio": 0.1353005464,
    "operatingIncome": 76000000,
    "operatingIncomeRatio": 0.0830601093,
    "totalOtherIncomeExpensesNet": -21300000,
    "incomeBeforeTax": 54700000,
    "incomeBeforeTaxRatio": 0.0597814208,
    "incomeTaxExpense": -3100000,
    "netIncome": 49300000,
    "netIncomeRatio": 0.0538797814,
    "eps": 0.37,
    "epsdiluted": 0.36,
    "weightedAverageShsOut": 134200000,
    "weightedAverageShsOutDil": 135800000,
    "link": "https://www.sec.gov/Archives/edgar/data/354190/000119312514156062/0001193125-14-156062-index.htm",
    "finalLink": "https://www.sec.gov/Archives/edgar/data/354190/000119312514156062/d699206d10q.htm"
  },
  {
    "date": "2013-12-31",
    "symbol": "AJG",
    "reportedCurrency": "USD",
    "cik": "0000354190",
    "fillingDate": "2014-02-07",
    "acceptedDate": "2014-02-07 16:39:18",
    "calendarYear": "2013",
    "period": "Q4",
    "revenue": 890200000,
    "costOfRevenue": 628800000,
    "grossProfit": 261400000,
    "grossProfitRatio": 0.2936418782,
    "researchAndDevelopmentExpenses": 0,
    "generalAndAdministrativeExpenses": 1685000000,
    "sellingAndMarketingExpenses": 0,
    "sellingGeneralAndAdministrativeExpenses": 1685000000,
    "otherExpenses": -1487000000,
    "operatingExpenses": 198000000,
    "costAndExpenses": 826800000,
    "interestIncome": 0,
    "interestExpense": 13900000,
    "depreciationAndAmortization": 50300000,
    "ebitda": 113500000,
    "ebitdaratio": 0.1274994383,
    "operatingIncome": 63400000,
    "operatingIncomeRatio": 0.0712199506,
    "totalOtherIncomeExpensesNet": -14100000,
    "incomeBeforeTax": 49300000,
    "incomeBeforeTaxRatio": 0.0553808133,
    "incomeTaxExpense": -10700000,
    "netIncome": 60000000,
    "netIncomeRatio": 0.0674005841,
    "eps": 0.45,
    "epsdiluted": 0.45,
    "weightedAverageShsOut": 132334000,
    "weightedAverageShsOutDil": 133990000,
    "link": "https://www.sec.gov/Archives/edgar/data/354190/000119312514040834/0001193125-14-040834-index.htm",
    "finalLink": "https://www.sec.gov/Archives/edgar/data/354190/000119312514040834/d661245d10k.htm"
  },
  {
    "date": "2013-09-30",
    "symbol": "AJG",
    "reportedCurrency": "USD",
    "cik": "0000354190",
    "fillingDate": "2013-10-30",
    "acceptedDate": "2013-10-30 16:12:04",
    "calendarYear": "2013",
    "period": "Q3",
    "revenue": 835800000,
    "costOfRevenue": 559400000,
    "grossProfit": 276400000,
    "grossProfitRatio": 0.3307011247,
    "researchAndDevelopmentExpenses": 0,
    "generalAndAdministrativeExpenses": 412500000,
    "sellingAndMarketingExpenses": 0,
    "sellingGeneralAndAdministrativeExpenses": 412500000,
    "otherExpenses": -234300000,
    "operatingExpenses": 178200000,
    "costAndExpenses": 737600000,
    "interestIncome": 0,
    "interestExpense": 13100000,
    "depreciationAndAmortization": 45100000,
    "ebitda": 143700000,
    "ebitdaratio": 0.171931084,
    "operatingIncome": 98200000,
    "operatingIncomeRatio": 0.117492223,
    "totalOtherIncomeExpensesNet": -12700000,
    "incomeBeforeTax": 85500000,
    "incomeBeforeTaxRatio": 0.1022972003,
    "incomeTaxExpense": 10900000,
    "netIncome": 74600000,
    "netIncomeRatio": 0.0892558028,
    "eps": 0.57,
    "epsdiluted": 0.57,
    "weightedAverageShsOut": 129816000,
    "weightedAverageShsOutDil": 131322000,
    "link": "https://www.sec.gov/Archives/edgar/data/354190/000119312513418540/0001193125-13-418540-index.htm",
    "finalLink": "https://www.sec.gov/Archives/edgar/data/354190/000119312513418540/d609498d10q.htm"
  },
  {
    "date": "2013-06-30",
    "symbol": "AJG",
    "reportedCurrency": "USD",
    "cik": "0000354190",
    "fillingDate": "2013-07-31",
    "acceptedDate": "2013-07-31 16:49:07",
    "calendarYear": "2013",
    "period": "Q2",
    "revenue": 779500000,
    "costOfRevenue": 492100000,
    "grossProfit": 287400000,
    "grossProfitRatio": 0.3686978833,
    "researchAndDevelopmentExpenses": 0,
    "generalAndAdministrativeExpenses": 415500000,
    "sellingAndMarketingExpenses": 0,
    "sellingGeneralAndAdministrativeExpenses": 415500000,
    "otherExpenses": -234900000,
    "operatingExpenses": 180600000,
    "costAndExpenses": 672700000,
    "interestIncome": 0,
    "interestExpense": 11900000,
    "depreciationAndAmortization": 42800000,
    "ebitda": 152100000,
    "ebitdaratio": 0.1951250802,
    "operatingIncome": 106800000,
    "operatingIncomeRatio": 0.1370109044,
    "totalOtherIncomeExpensesNet": -9400000,
    "incomeBeforeTax": 97400000,
    "incomeBeforeTaxRatio": 0.1249518922,
    "incomeTaxExpense": 3900000,
    "netIncome": 93500000,
    "netIncomeRatio": 0.1199486851,
    "eps": 0.73,
    "epsdiluted": 0.73,
    "weightedAverageShsOut": 127260000,
    "weightedAverageShsOutDil": 128874000,
    "link": "https://www.sec.gov/Archives/edgar/data/354190/000119312513312714/0001193125-13-312714-index.htm",
    "finalLink": "https://www.sec.gov/Archives/edgar/data/354190/000119312513312714/d560699d10q.htm"
  },
  {
    "date": "2013-03-31",
    "symbol": "AJG",
    "reportedCurrency": "USD",
    "cik": "0000354190",
    "fillingDate": "2013-05-01",
    "acceptedDate": "2013-05-01 16:59:45",
    "calendarYear": "2013",
    "period": "Q1",
    "revenue": 674100000,
    "costOfRevenue": 442000000,
    "grossProfit": 232100000,
    "grossProfitRatio": 0.3443109331,
    "researchAndDevelopmentExpenses": 0,
    "generalAndAdministrativeExpenses": 383900000,
    "sellingAndMarketingExpenses": 0,
    "sellingGeneralAndAdministrativeExpenses": 383900000,
    "otherExpenses": -209700000,
    "operatingExpenses": 174200000,
    "costAndExpenses": 616200000,
    "interestIncome": 0,
    "interestExpense": 11200000,
    "depreciationAndAmortization": 40400000,
    "ebitda": 93900000,
    "ebitdaratio": 0.1392968402,
    "operatingIncome": 57900000,
    "operatingIncomeRatio": 0.0858923008,
    "totalOtherIncomeExpensesNet": -15600000,
    "incomeBeforeTax": 42300000,
    "incomeBeforeTaxRatio": 0.0627503338,
    "incomeTaxExpense": 1800000,
    "netIncome": 40500000,
    "netIncomeRatio": 0.0600801068,
    "eps": 0.32,
    "epsdiluted": 0.32,
    "weightedAverageShsOut": 126165000,
    "weightedAverageShsOutDil": 127543000,
    "link": "https://www.sec.gov/Archives/edgar/data/354190/000119312513192735/0001193125-13-192735-index.htm",
    "finalLink": "https://www.sec.gov/Archives/edgar/data/354190/000119312513192735/d521719d10q.htm"
  },
  {
    "date": "2012-12-31",
    "symbol": "AJG",
    "reportedCurrency": "USD",
    "cik": "0000354190",
    "fillingDate": "2013-02-08",
    "acceptedDate": "2013-02-08 16:09:24",
    "calendarYear": "2012",
    "period": "Q4",
    "revenue": 673200000,
    "costOfRevenue": 448200000,
    "grossProfit": 225000000,
    "grossProfitRatio": 0.3342245989,
    "researchAndDevelopmentExpenses": 0,
    "generalAndAdministrativeExpenses": 411000000,
    "sellingAndMarketingExpenses": 0,
    "sellingGeneralAndAdministrativeExpenses": 124300000,
    "otherExpenses": 42000000,
    "operatingExpenses": 166300000,
    "costAndExpenses": 614500000,
    "interestIncome": 0,
    "interestExpense": 10900000,
    "depreciationAndAmortization": 36700000,
    "ebitda": 93000000,
    "ebitdaratio": 0.1381461676,
    "operatingIncome": 58700000,
    "operatingIncomeRatio": 0.0871954843,
    "totalOtherIncomeExpensesNet": -13300000,
    "incomeBeforeTax": 45400000,
    "incomeBeforeTaxRatio": 0.0674390969,
    "incomeTaxExpense": 11900000,
    "netIncome": 33500000,
    "netIncomeRatio": 0.0497623292,
    "eps": 0.27,
    "epsdiluted": 0.27,
    "weightedAverageShsOut": 124941000,
    "weightedAverageShsOutDil": 126315000,
    "link": "https://www.sec.gov/Archives/edgar/data/354190/000119312513046126/0001193125-13-046126-index.htm",
    "finalLink": "https://www.sec.gov/Archives/edgar/data/354190/000119312513046126/d460219d10k.htm"
  },
  {
    "date": "2012-09-30",
    "symbol": "AJG",
    "reportedCurrency": "USD",
    "cik": "0000354190",
    "fillingDate": "2012-10-31",
    "acceptedDate": "2012-10-31 16:53:53",
    "calendarYear": "2012",
    "period": "Q3",
    "revenue": 650400000,
    "costOfRevenue": 401600000,
    "grossProfit": 248800000,
    "grossProfitRatio": 0.3825338253,
    "researchAndDevelopmentExpenses": 0,
    "generalAndAdministrativeExpenses": 373900000,
    "sellingAndMarketingExpenses": 0,
    "sellingGeneralAndAdministrativeExpenses": 121600000,
    "otherExpenses": 36500000,
    "operatingExpenses": 158100000,
    "costAndExpenses": 559700000,
    "interestIncome": 0,
    "interestExpense": 10700000,
    "depreciationAndAmortization": 36500000,
    "ebitda": 123500000,
    "ebitdaratio": 0.1898831488,
    "operatingIncome": 90700000,
    "operatingIncomeRatio": 0.1394526445,
    "totalOtherIncomeExpensesNet": -14400000,
    "incomeBeforeTax": 76300000,
    "incomeBeforeTaxRatio": 0.1173124231,
    "incomeTaxExpense": 14600000,
    "netIncome": 61700000,
    "netIncomeRatio": 0.0948646986,
    "eps": 0.5,
    "epsdiluted": 0.5,
    "weightedAverageShsOut": 123052000,
    "weightedAverageShsOutDil": 124489000,
    "link": "https://www.sec.gov/Archives/edgar/data/354190/000119312512444000/0001193125-12-444000-index.htm",
    "finalLink": "https://www.sec.gov/Archives/edgar/data/354190/000119312512444000/d423819d10q.htm"
  },
  {
    "date": "2012-06-30",
    "symbol": "AJG",
    "reportedCurrency": "USD",
    "cik": "0000354190",
    "fillingDate": "2012-08-01",
    "acceptedDate": "2012-08-01 15:02:03",
    "calendarYear": "2012",
    "period": "Q2",
    "revenue": 649900000,
    "costOfRevenue": 393100000,
    "grossProfit": 256800000,
    "grossProfitRatio": 0.3951377135,
    "researchAndDevelopmentExpenses": 0,
    "generalAndAdministrativeExpenses": 364100000,
    "sellingAndMarketingExpenses": 0,
    "sellingGeneralAndAdministrativeExpenses": 123700000,
    "otherExpenses": 36400000,
    "operatingExpenses": 160100000,
    "costAndExpenses": 553200000,
    "interestIncome": 0,
    "interestExpense": 10800000,
    "depreciationAndAmortization": 36400000,
    "ebitda": 138300000,
    "ebitdaratio": 0.2128019695,
    "operatingIncome": 96700000,
    "operatingIncomeRatio": 0.1487921219,
    "totalOtherIncomeExpensesNet": -5600000,
    "incomeBeforeTax": 91100000,
    "incomeBeforeTaxRatio": 0.1401754116,
    "incomeTaxExpense": 19400000,
    "netIncome": 71700000,
    "netIncomeRatio": 0.1103246653,
    "eps": 0.59,
    "epsdiluted": 0.59,
    "weightedAverageShsOut": 119704000,
    "weightedAverageShsOutDil": 121187000,
    "link": "https://www.sec.gov/Archives/edgar/data/354190/000119312512328459/0001193125-12-328459-index.htm",
    "finalLink": "https://www.sec.gov/Archives/edgar/data/354190/000119312512328459/d372397d10q.htm"
  },
  {
    "date": "2012-03-31",
    "symbol": "AJG",
    "reportedCurrency": "USD",
    "cik": "0000354190",
    "fillingDate": "2012-05-02",
    "acceptedDate": "2012-05-02 16:27:24",
    "calendarYear": "2012",
    "period": "Q1",
    "revenue": 546800000,
    "costOfRevenue": 362100000,
    "grossProfit": 184700000,
    "grossProfitRatio": 0.3377834674,
    "researchAndDevelopmentExpenses": 0,
    "generalAndAdministrativeExpenses": 344400000,
    "sellingAndMarketingExpenses": 0,
    "sellingGeneralAndAdministrativeExpenses": 108300000,
    "otherExpenses": 30800000,
    "operatingExpenses": 139100000,
    "costAndExpenses": 501200000,
    "interestIncome": 0,
    "interestExpense": 10600000,
    "depreciationAndAmortization": 30800000,
    "ebitda": 73900000,
    "ebitdaratio": 0.1351499634,
    "operatingIncome": 45600000,
    "operatingIncomeRatio": 0.0833942941,
    "totalOtherIncomeExpensesNet": -13100000,
    "incomeBeforeTax": 32500000,
    "incomeBeforeTaxRatio": 0.0594367228,
    "incomeTaxExpense": 4400000,
    "netIncome": 28100000,
    "netIncomeRatio": 0.0513899049,
    "eps": 0.24,
    "epsdiluted": 0.24,
    "weightedAverageShsOut": 116376000,
    "weightedAverageShsOutDil": 117849000,
    "link": "https://www.sec.gov/Archives/edgar/data/354190/000119312512204653/0001193125-12-204653-index.htm",
    "finalLink": "https://www.sec.gov/Archives/edgar/data/354190/000119312512204653/d327124d10q.htm"
  },
  {
    "date": "2011-12-31",
    "symbol": "AJG",
    "reportedCurrency": "USD",
    "cik": "0000354190",
    "fillingDate": "2012-02-14",
    "acceptedDate": "2012-02-14 17:08:58",
    "calendarYear": "2011",
    "period": "Q4",
    "revenue": 578400000,
    "costOfRevenue": 384000000,
    "grossProfit": 194400000,
    "grossProfitRatio": 0.3360995851,
    "researchAndDevelopmentExpenses": 0,
    "generalAndAdministrativeExpenses": 364400000,
    "sellingAndMarketingExpenses": 0,
    "sellingGeneralAndAdministrativeExpenses": 102900000,
    "otherExpenses": 33900000,
    "operatingExpenses": 136800000,
    "costAndExpenses": 520800000,
    "interestIncome": 0,
    "interestExpense": 10400000,
    "depreciationAndAmortization": 33900000,
    "ebitda": 91700000,
    "ebitdaratio": 0.1585408022,
    "operatingIncome": 57600000,
    "operatingIncomeRatio": 0.0995850622,
    "totalOtherIncomeExpensesNet": -10200000,
    "incomeBeforeTax": 47400000,
    "incomeBeforeTaxRatio": 0.0819502075,
    "incomeTaxExpense": 6900000,
    "netIncome": 40500000,
    "netIncomeRatio": 0.0700207469,
    "eps": 0.35,
    "epsdiluted": 0.34,
    "weightedAverageShsOut": 116376000,
    "weightedAverageShsOutDil": 117849000,
    "link": "https://www.sec.gov/Archives/edgar/data/354190/000119312512061292/0001193125-12-061292-index.htm",
    "finalLink": "https://www.sec.gov/Archives/edgar/data/354190/000119312512061292/d287012d10k.htm"
  },
  {
    "date": "2011-09-30",
    "symbol": "AJG",
    "reportedCurrency": "USD",
    "cik": "0000354190",
    "fillingDate": "2011-10-28",
    "acceptedDate": "2011-10-28 14:33:50",
    "calendarYear": "2011",
    "period": "Q3",
    "revenue": 562800000,
    "costOfRevenue": 345900000,
    "grossProfit": 216900000,
    "grossProfitRatio": 0.3853944563,
    "researchAndDevelopmentExpenses": 0,
    "generalAndAdministrativeExpenses": 341800000,
    "sellingAndMarketingExpenses": 0,
    "sellingGeneralAndAdministrativeExpenses": 110500000,
    "otherExpenses": 29400000,
    "operatingExpenses": 139900000,
    "costAndExpenses": 485800000,
    "interestIncome": 0,
    "interestExpense": 10300000,
    "depreciationAndAmortization": 29400000,
    "ebitda": 110700000,
    "ebitdaratio": 0.1966950959,
    "operatingIncome": 77000000,
    "operatingIncomeRatio": 0.1368159204,
    "totalOtherIncomeExpensesNet": -6000000,
    "incomeBeforeTax": 71000000,
    "incomeBeforeTaxRatio": 0.1261549396,
    "incomeTaxExpense": 24300000,
    "netIncome": 46700000,
    "netIncomeRatio": 0.0829779673,
    "eps": 0.41,
    "epsdiluted": 0.41,
    "weightedAverageShsOut": 112632000,
    "weightedAverageShsOutDil": 113120000,
    "link": "https://www.sec.gov/Archives/edgar/data/354190/000119312511285927/0001193125-11-285927-index.htm",
    "finalLink": "https://www.sec.gov/Archives/edgar/data/354190/000119312511285927/d236758d10q.htm"
  },
  {
    "date": "2011-06-30",
    "symbol": "AJG",
    "reportedCurrency": "USD",
    "cik": "0000354190",
    "fillingDate": "2011-08-03",
    "acceptedDate": "2011-08-02 19:50:32",
    "calendarYear": "2011",
    "period": "Q2",
    "revenue": 546100000,
    "costOfRevenue": 336500000,
    "grossProfit": 209600000,
    "grossProfitRatio": 0.3838124886,
    "researchAndDevelopmentExpenses": 0,
    "generalAndAdministrativeExpenses": 324800000,
    "sellingAndMarketingExpenses": 0,
    "sellingGeneralAndAdministrativeExpenses": 108200000,
    "otherExpenses": 27400000,
    "operatingExpenses": 135600000,
    "costAndExpenses": 472100000,
    "interestIncome": 0,
    "interestExpense": 10600000,
    "depreciationAndAmortization": 27400000,
    "ebitda": 103900000,
    "ebitdaratio": 0.1902581945,
    "operatingIncome": 74000000,
    "operatingIncomeRatio": 0.1355063175,
    "totalOtherIncomeExpensesNet": -8100000,
    "incomeBeforeTax": 65900000,
    "incomeBeforeTaxRatio": 0.1206738693,
    "incomeTaxExpense": 24200000,
    "netIncome": 41700000,
    "netIncomeRatio": 0.0763596411,
    "eps": 0.38,
    "epsdiluted": 0.37,
    "weightedAverageShsOut": 110158000,
    "weightedAverageShsOutDil": 111093000,
    "link": "https://www.sec.gov/Archives/edgar/data/354190/000119312511206741/0001193125-11-206741-index.htm",
    "finalLink": "https://www.sec.gov/Archives/edgar/data/354190/000119312511206741/d10q.htm"
  },
  {
    "date": "2011-03-31",
    "symbol": "AJG",
    "reportedCurrency": "USD",
    "cik": "0000354190",
    "fillingDate": "2011-04-29",
    "acceptedDate": "2011-04-29 15:32:02",
    "calendarYear": "2011",
    "period": "Q1",
    "revenue": 447400000,
    "costOfRevenue": 295100000,
    "grossProfit": 152300000,
    "grossProfitRatio": 0.3404112651,
    "researchAndDevelopmentExpenses": 0,
    "generalAndAdministrativeExpenses": 295100000,
    "sellingAndMarketingExpenses": 0,
    "sellingGeneralAndAdministrativeExpenses": 94000000,
    "otherExpenses": 24500000,
    "operatingExpenses": 118500000,
    "costAndExpenses": 413600000,
    "interestIncome": 0,
    "interestExpense": 9500000,
    "depreciationAndAmortization": 24500000,
    "ebitda": 57500000,
    "ebitdaratio": 0.1285203397,
    "operatingIncome": 33800000,
    "operatingIncomeRatio": 0.0755476084,
    "totalOtherIncomeExpensesNet": -10300000,
    "incomeBeforeTax": 23500000,
    "incomeBeforeTaxRatio": 0.0525257041,
    "incomeTaxExpense": 8300000,
    "netIncome": 15200000,
    "netIncomeRatio": 0.0339740724,
    "eps": 0.14,
    "epsdiluted": 0.14,
    "weightedAverageShsOut": 109265000,
    "weightedAverageShsOutDil": 110315000,
    "link": "https://www.sec.gov/Archives/edgar/data/354190/000119312511118334/0001193125-11-118334-index.htm",
    "finalLink": "https://www.sec.gov/Archives/edgar/data/354190/000119312511118334/d10q.htm"
  },
  {
    "date": "2010-12-31",
    "symbol": "AJG",
    "reportedCurrency": "USD",
    "cik": "0000354190",
    "fillingDate": "2011-02-07",
    "acceptedDate": "2011-02-07 13:16:12",
    "calendarYear": "2010",
    "period": "Q4",
    "revenue": 459100000,
    "costOfRevenue": 864100000,
    "grossProfit": -405000000,
    "grossProfitRatio": -0.8821607493,
    "researchAndDevelopmentExpenses": 0,
    "generalAndAdministrativeExpenses": 299000000,
    "sellingAndMarketingExpenses": 0,
    "sellingGeneralAndAdministrativeExpenses": -463900000,
    "otherExpenses": 24100000,
    "operatingExpenses": -439800000,
    "costAndExpenses": 424300000,
    "interestIncome": 0,
    "interestExpense": 8700000,
    "depreciationAndAmortization": 24100000,
    "ebitda": 58600000,
    "ebitdaratio": 0.1276410368,
    "operatingIncome": 34800000,
    "operatingIncomeRatio": 0.0758004792,
    "totalOtherIncomeExpensesNet": -9000000,
    "incomeBeforeTax": 25800000,
    "incomeBeforeTaxRatio": 0.056196907,
    "incomeTaxExpense": -20200000,
    "netIncome": 54700000,
    "netIncomeRatio": 0.1191461555,
    "eps": 0.5,
    "epsdiluted": 0.5,
    "weightedAverageShsOut": 109265000,
    "weightedAverageShsOutDil": 110315000,
    "link": "https://www.sec.gov/Archives/edgar/data/354190/000119312511025625/0001193125-11-025625-index.htm",
    "finalLink": "https://www.sec.gov/Archives/edgar/data/354190/000119312511025625/d10k.htm"
  },
  {
    "date": "2010-09-30",
    "symbol": "AJG",
    "reportedCurrency": "USD",
    "cik": "0000354190",
    "fillingDate": "2010-10-29",
    "acceptedDate": "2010-10-29 14:22:47",
    "calendarYear": "2010",
    "period": "Q3",
    "revenue": 463200000,
    "costOfRevenue": 280500000,
    "grossProfit": 182700000,
    "grossProfitRatio": 0.3944300518,
    "researchAndDevelopmentExpenses": 0,
    "generalAndAdministrativeExpenses": 280500000,
    "sellingAndMarketingExpenses": -195700000,
    "sellingGeneralAndAdministrativeExpenses": 84800000,
    "otherExpenses": 22800000,
    "operatingExpenses": 107600000,
    "costAndExpenses": 388100000,
    "interestIncome": 0,
    "interestExpense": 8600000,
    "depreciationAndAmortization": 22800000,
    "ebitda": 101800000,
    "ebitdaratio": 0.219775475,
    "operatingIncome": 75100000,
    "operatingIncomeRatio": 0.1621329879,
    "totalOtherIncomeExpensesNet": -4700000,
    "incomeBeforeTax": 70400000,
    "incomeBeforeTaxRatio": 0.1519861831,
    "incomeTaxExpense": 24200000,
    "netIncome": 46200000,
    "netIncomeRatio": 0.0997409326,
    "eps": 0.44,
    "epsdiluted": 0.44,
    "weightedAverageShsOut": 105499000,
    "weightedAverageShsOutDil": 105736000,
    "link": "https://www.sec.gov/Archives/edgar/data/354190/000119312510241058/0001193125-10-241058-index.htm",
    "finalLink": "https://www.sec.gov/Archives/edgar/data/354190/000119312510241058/d10q.htm"
  },
  {
    "date": "2010-06-30",
    "symbol": "AJG",
    "reportedCurrency": "USD",
    "cik": "0000354190",
    "fillingDate": "2010-07-30",
    "acceptedDate": "2010-07-30 16:52:41",
    "calendarYear": "2010",
    "period": "Q2",
    "revenue": 459500000,
    "costOfRevenue": 275800000,
    "grossProfit": 183700000,
    "grossProfitRatio": 0.3997823721,
    "researchAndDevelopmentExpenses": 0,
    "generalAndAdministrativeExpenses": 275800000,
    "sellingAndMarketingExpenses": -188400000,
    "sellingGeneralAndAdministrativeExpenses": 87400000,
    "otherExpenses": 24600000,
    "operatingExpenses": 112000000,
    "costAndExpenses": 387800000,
    "interestIncome": 0,
    "interestExpense": 8700000,
    "depreciationAndAmortization": 24600000,
    "ebitda": 97200000,
    "ebitdaratio": 0.2115342764,
    "operatingIncome": 71700000,
    "operatingIncomeRatio": 0.156039173,
    "totalOtherIncomeExpensesNet": -7800000,
    "incomeBeforeTax": 63900000,
    "incomeBeforeTaxRatio": 0.1390642002,
    "incomeTaxExpense": 22000000,
    "netIncome": 44000000,
    "netIncomeRatio": 0.0957562568,
    "eps": 0.42,
    "epsdiluted": 0.42,
    "weightedAverageShsOut": 102700000,
    "weightedAverageShsOutDil": 104761905,
    "link": "https://www.sec.gov/Archives/edgar/data/354190/000119312510172299/0001193125-10-172299-index.htm",
    "finalLink": "https://www.sec.gov/Archives/edgar/data/354190/000119312510172299/d10q.htm"
  },
  {
    "date": "2010-03-31",
    "symbol": "AJG",
    "reportedCurrency": "USD",
    "cik": "0000354190",
    "fillingDate": "2010-04-26",
    "acceptedDate": "2010-04-26 16:43:39",
    "calendarYear": "2010",
    "period": "Q1",
    "revenue": 482400000,
    "costOfRevenue": 326200000,
    "grossProfit": 156200000,
    "grossProfitRatio": 0.3237976783,
    "researchAndDevelopmentExpenses": 0,
    "generalAndAdministrativeExpenses": 262200000,
    "sellingAndMarketingExpenses": 0,
    "sellingGeneralAndAdministrativeExpenses": 262200000,
    "otherExpenses": -159400000,
    "operatingExpenses": 102800000,
    "costAndExpenses": 429000000,
    "interestIncome": 0,
    "interestExpense": 8600000,
    "depreciationAndAmortization": 21600000,
    "ebitda": 73100000,
    "ebitdaratio": 0.1515339967,
    "operatingIncome": 53400000,
    "operatingIncomeRatio": 0.1106965174,
    "totalOtherIncomeExpensesNet": -10500000,
    "incomeBeforeTax": 42900000,
    "incomeBeforeTaxRatio": 0.0889303483,
    "incomeTaxExpense": 13700000,
    "netIncome": 29200000,
    "netIncomeRatio": 0.0605306799,
    "eps": 0.28,
    "epsdiluted": 0.28,
    "weightedAverageShsOut": 102737000,
    "weightedAverageShsOutDil": 102936000,
    "link": "https://www.sec.gov/Archives/edgar/data/354190/000119312510093395/0001193125-10-093395-index.htm",
    "finalLink": "https://www.sec.gov/Archives/edgar/data/354190/000119312510093395/d10q.htm"
  },
  {
    "date": "2009-12-31",
    "symbol": "AJG",
    "reportedCurrency": "USD",
    "cik": "0000354190",
    "fillingDate": "2010-02-05",
    "acceptedDate": "2010-02-05 16:18:49",
    "calendarYear": "2009",
    "period": "Q4",
    "revenue": 435100000,
    "costOfRevenue": 87800000,
    "grossProfit": 347300000,
    "grossProfitRatio": 0.7982073087,
    "researchAndDevelopmentExpenses": 0,
    "generalAndAdministrativeExpenses": 285600000,
    "sellingAndMarketingExpenses": 0,
    "sellingGeneralAndAdministrativeExpenses": 285600000,
    "otherExpenses": 22400000,
    "operatingExpenses": 308000000,
    "costAndExpenses": 395800000,
    "interestIncome": 0,
    "interestExpense": 7400000,
    "depreciationAndAmortization": 22400000,
    "ebitda": 60200000,
    "ebitdaratio": 0.1383589979,
    "operatingIncome": 39300000,
    "operatingIncomeRatio": 0.0903240634,
    "totalOtherIncomeExpensesNet": -8900000,
    "incomeBeforeTax": 30400000,
    "incomeBeforeTaxRatio": 0.0698689956,
    "incomeTaxExpense": 11000000,
    "netIncome": 16800000,
    "netIncomeRatio": 0.0386118134,
    "eps": 0.16,
    "epsdiluted": 0.16,
    "weightedAverageShsOut": 102737000,
    "weightedAverageShsOutDil": 102936000,
    "link": "https://www.sec.gov/Archives/edgar/data/354190/000119312510023360/0001193125-10-023360-index.htm",
    "finalLink": "https://www.sec.gov/Archives/edgar/data/354190/000119312510023360/d10k.htm"
  },
  {
    "date": "2009-09-30",
    "symbol": "AJG",
    "reportedCurrency": "USD",
    "cik": "0000354190",
    "fillingDate": "2009-10-29",
    "acceptedDate": "2009-10-29 15:55:15",
    "calendarYear": "2009",
    "period": "Q3",
    "revenue": 439500000,
    "costOfRevenue": 83700000,
    "grossProfit": 355800000,
    "grossProfitRatio": 0.809556314,
    "researchAndDevelopmentExpenses": 0,
    "generalAndAdministrativeExpenses": 263200000,
    "sellingAndMarketingExpenses": 0,
    "sellingGeneralAndAdministrativeExpenses": 263200000,
    "otherExpenses": 21500000,
    "operatingExpenses": 284700000,
    "costAndExpenses": 368400000,
    "interestIncome": 0,
    "interestExpense": 6800000,
    "depreciationAndAmortization": 21500000,
    "ebitda": 91400000,
    "ebitdaratio": 0.207963595,
    "operatingIncome": 71100000,
    "operatingIncomeRatio": 0.161774744,
    "totalOtherIncomeExpensesNet": -8000000,
    "incomeBeforeTax": 63100000,
    "incomeBeforeTaxRatio": 0.1435722412,
    "incomeTaxExpense": 21500000,
    "netIncome": 41600000,
    "netIncomeRatio": 0.0946530148,
    "eps": 0.41,
    "epsdiluted": 0.41,
    "weightedAverageShsOut": 101352000,
    "weightedAverageShsOutDil": 101550000,
    "link": "https://www.sec.gov/Archives/edgar/data/354190/000119312509217406/0001193125-09-217406-index.htm",
    "finalLink": "https://www.sec.gov/Archives/edgar/data/354190/000119312509217406/d10q.htm"
  },
  {
    "date": "2009-06-30",
    "symbol": "AJG",
    "reportedCurrency": "USD",
    "cik": "0000354190",
    "fillingDate": "2009-07-30",
    "acceptedDate": "2009-07-30 12:22:56",
    "calendarYear": "2009",
    "period": "Q2",
    "revenue": 453600000,
    "costOfRevenue": 79100000,
    "grossProfit": 374500000,
    "grossProfitRatio": 0.825617284,
    "researchAndDevelopmentExpenses": 0,
    "generalAndAdministrativeExpenses": 270400000,
    "sellingAndMarketingExpenses": 0,
    "sellingGeneralAndAdministrativeExpenses": 270400000,
    "otherExpenses": 21600000,
    "operatingExpenses": 292000000,
    "costAndExpenses": 371100000,
    "interestIncome": 0,
    "interestExpense": 7000000,
    "depreciationAndAmortization": 21600000,
    "ebitda": 102700000,
    "ebitdaratio": 0.2264109347,
    "operatingIncome": 82500000,
    "operatingIncomeRatio": 0.1818783069,
    "totalOtherIncomeExpensesNet": -8400000,
    "incomeBeforeTax": 74100000,
    "incomeBeforeTaxRatio": 0.1633597884,
    "incomeTaxExpense": 30300000,
    "netIncome": 43800000,
    "netIncomeRatio": 0.0965608466,
    "eps": 0.44,
    "epsdiluted": 0.44,
    "weightedAverageShsOut": 100623000,
    "weightedAverageShsOutDil": 100717000,
    "link": "https://www.sec.gov/Archives/edgar/data/354190/000119312509159198/0001193125-09-159198-index.htm",
    "finalLink": "https://www.sec.gov/Archives/edgar/data/354190/000119312509159198/d10q.htm"
  },
  {
    "date": "2009-03-31",
    "symbol": "AJG",
    "reportedCurrency": "USD",
    "cik": "0000354190",
    "fillingDate": "2009-05-01",
    "acceptedDate": "2009-04-30 19:14:45",
    "calendarYear": "2009",
    "period": "Q1",
    "revenue": 401100000,
    "costOfRevenue": 78900000,
    "grossProfit": 322200000,
    "grossProfitRatio": 0.8032909499,
    "researchAndDevelopmentExpenses": 0,
    "generalAndAdministrativeExpenses": 251300000,
    "sellingAndMarketingExpenses": 0,
    "sellingGeneralAndAdministrativeExpenses": 251300000,
    "otherExpenses": 20100000,
    "operatingExpenses": 271400000,
    "costAndExpenses": 350300000,
    "interestIncome": 0,
    "interestExpense": 7300000,
    "depreciationAndAmortization": 20100000,
    "ebitda": 70900000,
    "ebitdaratio": 0.1767638993,
    "operatingIncome": 50800000,
    "operatingIncomeRatio": 0.1266517078,
    "totalOtherIncomeExpensesNet": -7300000,
    "incomeBeforeTax": 43500000,
    "incomeBeforeTaxRatio": 0.1084517577,
    "incomeTaxExpense": 15200000,
    "netIncome": 26400000,
    "netIncomeRatio": 0.0658189978,
    "eps": 0.27,
    "epsdiluted": 0.27,
    "weightedAverageShsOut": 98000000,
    "weightedAverageShsOutDil": 98100000,
    "link": "https://www.sec.gov/Archives/edgar/data/354190/000119312509094859/0001193125-09-094859-index.htm",
    "finalLink": "https://www.sec.gov/Archives/edgar/data/354190/000119312509094859/d10q.htm"
  },
  {
    "date": "2008-12-31",
    "symbol": "AJG",
    "reportedCurrency": "USD",
    "cik": "0000354190",
    "fillingDate": "2009-02-06",
    "acceptedDate": "2009-02-06 16:51:59",
    "calendarYear": "2008",
    "period": "Q4",
    "revenue": 378300000,
    "costOfRevenue": 118100000,
    "grossProfit": 260200000,
    "grossProfitRatio": 0.6878139043,
    "researchAndDevelopmentExpenses": 0,
    "generalAndAdministrativeExpenses": 256700000,
    "sellingAndMarketingExpenses": 0,
    "sellingGeneralAndAdministrativeExpenses": 246800000,
    "otherExpenses": 21500000,
    "operatingExpenses": 268300000,
    "costAndExpenses": 386400000,
    "interestIncome": 0,
    "interestExpense": 0,
    "depreciationAndAmortization": 28400000,
    "ebitda": 20300000,
    "ebitdaratio": 0.0536611155,
    "operatingIncome": -8100000,
    "operatingIncomeRatio": -0.0214115781,
    "totalOtherIncomeExpensesNet": 26100000,
    "incomeBeforeTax": 18000000,
    "incomeBeforeTaxRatio": 0.0475812847,
    "incomeTaxExpense": 6300000,
    "netIncome": 4700000,
    "netIncomeRatio": 0.0124240021,
    "eps": 0.048,
    "epsdiluted": 0.048,
    "weightedAverageShsOut": 95600000,
    "weightedAverageShsOutDil": 98000000,
    "link": "https://www.sec.gov/Archives/edgar/data/354190/000119312509021344/0001193125-09-021344-index.htm",
    "finalLink": "https://www.sec.gov/Archives/edgar/data/354190/000119312509021344/d10k.htm"
  },
  {
    "date": "2008-09-30",
    "symbol": "AJG",
    "reportedCurrency": "USD",
    "cik": "0000354190",
    "fillingDate": "2008-10-30",
    "acceptedDate": "2008-10-30 17:03:23",
    "calendarYear": "2008",
    "period": "Q3",
    "revenue": 428200000,
    "costOfRevenue": 99900000,
    "grossProfit": 328300000,
    "grossProfitRatio": 0.7666978048,
    "researchAndDevelopmentExpenses": 0,
    "generalAndAdministrativeExpenses": 253600000,
    "sellingAndMarketingExpenses": 0,
    "sellingGeneralAndAdministrativeExpenses": 253600000,
    "otherExpenses": 18200000,
    "operatingExpenses": 271800000,
    "costAndExpenses": 371700000,
    "interestIncome": 0,
    "interestExpense": 7100000,
    "depreciationAndAmortization": 18200000,
    "ebitda": 74700000,
    "ebitdaratio": 0.174451191,
    "operatingIncome": 56500000,
    "operatingIncomeRatio": 0.131947688,
    "totalOtherIncomeExpensesNet": -7100000,
    "incomeBeforeTax": 49400000,
    "incomeBeforeTaxRatio": 0.1153666511,
    "incomeTaxExpense": 7700000,
    "netIncome": 37800000,
    "netIncomeRatio": 0.0882765063,
    "eps": 0.4,
    "epsdiluted": 0.4,
    "weightedAverageShsOut": 94100000,
    "weightedAverageShsOutDil": 94600000,
    "link": "https://www.sec.gov/Archives/edgar/data/354190/000119312508220407/0001193125-08-220407-index.htm",
    "finalLink": "https://www.sec.gov/Archives/edgar/data/354190/000119312508220407/d10q.htm"
  },
  {
    "date": "2008-06-30",
    "symbol": "AJG",
    "reportedCurrency": "USD",
    "cik": "0000354190",
    "fillingDate": "2008-07-31",
    "acceptedDate": "2008-07-31 16:41:12",
    "calendarYear": "2008",
    "period": "Q2",
    "revenue": 428900000,
    "costOfRevenue": 85200000,
    "grossProfit": 343700000,
    "grossProfitRatio": 0.8013522966,
    "researchAndDevelopmentExpenses": 0,
    "generalAndAdministrativeExpenses": 248900000,
    "sellingAndMarketingExpenses": 0,
    "sellingGeneralAndAdministrativeExpenses": 248900000,
    "otherExpenses": 18200000,
    "operatingExpenses": 267100000,
    "costAndExpenses": 352300000,
    "interestIncome": 0,
    "interestExpense": 7300000,
    "depreciationAndAmortization": 18200000,
    "ebitda": 94800000,
    "ebitdaratio": 0.2210305433,
    "operatingIncome": 76600000,
    "operatingIncomeRatio": 0.1785964094,
    "totalOtherIncomeExpensesNet": -7300000,
    "incomeBeforeTax": 69300000,
    "incomeBeforeTaxRatio": 0.161576125,
    "incomeTaxExpense": 27600000,
    "netIncome": 40800000,
    "netIncomeRatio": 0.0951270692,
    "eps": 0.44,
    "epsdiluted": 0.44,
    "weightedAverageShsOut": 93000000,
    "weightedAverageShsOutDil": 93500000,
    "link": "https://www.sec.gov/Archives/edgar/data/354190/000119312508162675/0001193125-08-162675-index.htm",
    "finalLink": "https://www.sec.gov/Archives/edgar/data/354190/000119312508162675/d10q.htm"
  },
  {
    "date": "2008-03-31",
    "symbol": "AJG",
    "reportedCurrency": "USD",
    "cik": "0000354190",
    "fillingDate": "2008-04-29",
    "acceptedDate": "2008-04-28 21:53:46",
    "calendarYear": "2008",
    "period": "Q1",
    "revenue": 375800000,
    "costOfRevenue": 87900000,
    "grossProfit": 287900000,
    "grossProfitRatio": 0.7660989888,
    "researchAndDevelopmentExpenses": 0,
    "generalAndAdministrativeExpenses": 238700000,
    "sellingAndMarketingExpenses": 0,
    "sellingGeneralAndAdministrativeExpenses": 238700000,
    "otherExpenses": 15800000,
    "operatingExpenses": 254500000,
    "costAndExpenses": 342400000,
    "interestIncome": 0,
    "interestExpense": 6500000,
    "depreciationAndAmortization": 15800000,
    "ebitda": 49200000,
    "ebitdaratio": 0.1309207025,
    "operatingIncome": 33400000,
    "operatingIncomeRatio": 0.0888770623,
    "totalOtherIncomeExpensesNet": -6500000,
    "incomeBeforeTax": 26900000,
    "incomeBeforeTaxRatio": 0.071580628,
    "incomeTaxExpense": 10600000,
    "netIncome": -6000000,
    "netIncomeRatio": -0.0159659393,
    "eps": -0.065,
    "epsdiluted": -0.0646,
    "weightedAverageShsOut": 92300000,
    "weightedAverageShsOutDil": 92900000,
    "link": "https://www.sec.gov/Archives/edgar/data/354190/000119312508093491/0001193125-08-093491-index.htm",
    "finalLink": "https://www.sec.gov/Archives/edgar/data/354190/000119312508093491/d10q.htm"
  },
  {
    "date": "2007-12-31",
    "symbol": "AJG",
    "reportedCurrency": "USD",
    "cik": "0000354190",
    "fillingDate": "2008-02-04",
    "acceptedDate": "2008-02-01 20:39:30",
    "calendarYear": "2007",
    "period": "Q4",
    "revenue": 370200000,
    "costOfRevenue": 174600000,
    "grossProfit": 195600000,
    "grossProfitRatio": 0.528363047,
    "researchAndDevelopmentExpenses": 0,
    "generalAndAdministrativeExpenses": 0,
    "sellingAndMarketingExpenses": 0,
    "sellingGeneralAndAdministrativeExpenses": 211400000,
    "otherExpenses": 13100000,
    "operatingExpenses": 224500000,
    "costAndExpenses": 399100000,
    "interestIncome": 0,
    "interestExpense": 0,
    "depreciationAndAmortization": 14500000,
    "ebitda": -14400000,
    "ebitdaratio": -0.038897893,
    "operatingIncome": -28900000,
    "operatingIncomeRatio": -0.0780659103,
    "totalOtherIncomeExpensesNet": 84900000,
    "incomeBeforeTax": 56000000,
    "incomeBeforeTaxRatio": 0.151269584,
    "incomeTaxExpense": 16800000,
    "netIncome": 23400000,
    "netIncomeRatio": 0.0632090762,
    "eps": 0.27,
    "epsdiluted": 0.27,
    "weightedAverageShsOut": 85714286,
    "weightedAverageShsOutDil": 85714286,
    "link": "https://www.sec.gov/Archives/edgar/data/354190/000119312508018228/0001193125-08-018228-index.htm",
    "finalLink": "https://www.sec.gov/Archives/edgar/data/354190/000119312508018228/d10k.htm"
  },
  {
    "date": "2007-09-30",
    "symbol": "AJG",
    "reportedCurrency": "USD",
    "cik": "0000354190",
    "fillingDate": "2007-10-25",
    "acceptedDate": "2007-10-25 17:18:17",
    "calendarYear": "2007",
    "period": "Q3",
    "revenue": 410700000,
    "costOfRevenue": 86000000,
    "grossProfit": 324700000,
    "grossProfitRatio": 0.7906014122,
    "researchAndDevelopmentExpenses": 0,
    "generalAndAdministrativeExpenses": 238500,
    "sellingAndMarketingExpenses": 0,
    "sellingGeneralAndAdministrativeExpenses": 238800000,
    "otherExpenses": 13900000,
    "operatingExpenses": 252700000,
    "costAndExpenses": 338700000,
    "interestIncome": 0,
    "interestExpense": 0,
    "depreciationAndAmortization": 8500000,
    "ebitda": 85900000,
    "ebitdaratio": 0.209155101,
    "operatingIncome": 72000000,
    "operatingIncomeRatio": 0.1753104456,
    "totalOtherIncomeExpensesNet": -5600000,
    "incomeBeforeTax": 66400000,
    "incomeBeforeTaxRatio": 0.1616751887,
    "incomeTaxExpense": 14000000,
    "netIncome": 51800000,
    "netIncomeRatio": 0.1261261261,
    "eps": 0.55,
    "epsdiluted": 0.54,
    "weightedAverageShsOut": 94181818,
    "weightedAverageShsOutDil": 95925926,
    "link": "https://www.sec.gov/Archives/edgar/data/354190/000119312507225958/0001193125-07-225958-index.htm",
    "finalLink": "https://www.sec.gov/Archives/edgar/data/354190/000119312507225958/d10q.htm"
  },
  {
    "date": "2007-06-30",
    "symbol": "AJG",
    "reportedCurrency": "USD",
    "cik": "0000354190",
    "fillingDate": "2007-07-26",
    "acceptedDate": "2007-07-26 17:22:37",
    "calendarYear": "2007",
    "period": "Q2",
    "revenue": 440800000,
    "costOfRevenue": 90100000,
    "grossProfit": 350700000,
    "grossProfitRatio": 0.7955989111,
    "researchAndDevelopmentExpenses": 0,
    "generalAndAdministrativeExpenses": 238100,
    "sellingAndMarketingExpenses": 0,
    "sellingGeneralAndAdministrativeExpenses": 238100000,
    "otherExpenses": 15200000,
    "operatingExpenses": 253300000,
    "costAndExpenses": 343400000,
    "interestIncome": 0,
    "interestExpense": 0,
    "depreciationAndAmortization": 17500000,
    "ebitda": 114900000,
    "ebitdaratio": 0.2606624319,
    "operatingIncome": 97400000,
    "operatingIncomeRatio": 0.2209618875,
    "totalOtherIncomeExpensesNet": -6800000,
    "incomeBeforeTax": 90600000,
    "incomeBeforeTaxRatio": 0.2055353902,
    "incomeTaxExpense": 46800000,
    "netIncome": 43800000,
    "netIncomeRatio": 0.0993647913,
    "eps": 0.45,
    "epsdiluted": 0.44,
    "weightedAverageShsOut": 97333333,
    "weightedAverageShsOutDil": 99545455,
    "link": "https://www.sec.gov/Archives/edgar/data/354190/000119312507163176/0001193125-07-163176-index.htm",
    "finalLink": "https://www.sec.gov/Archives/edgar/data/354190/000119312507163176/d10q.htm"
  },
  {
    "date": "2007-03-31",
    "symbol": "AJG",
    "reportedCurrency": "USD",
    "cik": "0000354190",
    "fillingDate": "2007-04-26",
    "acceptedDate": "2007-04-26 17:14:25",
    "calendarYear": "2007",
    "period": "Q1",
    "revenue": 375000000,
    "costOfRevenue": 213900000,
    "grossProfit": 161100000,
    "grossProfitRatio": 0.4296,
    "researchAndDevelopmentExpenses": 0,
    "generalAndAdministrativeExpenses": 223600,
    "sellingAndMarketingExpenses": 0,
    "sellingGeneralAndAdministrativeExpenses": 77600000,
    "otherExpenses": 14700000,
    "operatingExpenses": 92300000,
    "costAndExpenses": 306200000,
    "interestIncome": 0,
    "interestExpense": 0,
    "depreciationAndAmortization": 16900000,
    "ebitda": 85700000,
    "ebitdaratio": 0.2285333333,
    "operatingIncome": 68800000,
    "operatingIncomeRatio": 0.1834666667,
    "totalOtherIncomeExpensesNet": -45000000,
    "incomeBeforeTax": 23800000,
    "incomeBeforeTaxRatio": 0.0634666667,
    "incomeTaxExpense": 2500000,
    "netIncome": 19800000,
    "netIncomeRatio": 0.0528,
    "eps": 0.2,
    "epsdiluted": 0.2,
    "weightedAverageShsOut": 99000000,
    "weightedAverageShsOutDil": 99000000,
    "link": "https://www.sec.gov/Archives/edgar/data/354190/000119312507091955/0001193125-07-091955-index.htm",
    "finalLink": "https://www.sec.gov/Archives/edgar/data/354190/000119312507091955/d10q.htm"
  },
  {
    "date": "2006-12-31",
    "symbol": "AJG",
    "reportedCurrency": "USD",
    "cik": "0000354190",
    "fillingDate": "2007-02-05",
    "acceptedDate": "2007-02-02 19:03:27",
    "calendarYear": "2006",
    "period": "Q4",
    "revenue": 414700000,
    "costOfRevenue": 91400000,
    "grossProfit": 323300000,
    "grossProfitRatio": 0.7795997106,
    "researchAndDevelopmentExpenses": 0,
    "generalAndAdministrativeExpenses": 0,
    "sellingAndMarketingExpenses": 0,
    "sellingGeneralAndAdministrativeExpenses": 245000000,
    "otherExpenses": 15700000,
    "operatingExpenses": 260700000,
    "costAndExpenses": 352100000,
    "interestIncome": 0,
    "interestExpense": 0,
    "depreciationAndAmortization": 17200000,
    "ebitda": 79800000,
    "ebitdaratio": 0.1924282614,
    "operatingIncome": 62600000,
    "operatingIncomeRatio": 0.1509524958,
    "totalOtherIncomeExpensesNet": -47000000,
    "incomeBeforeTax": 15600000,
    "incomeBeforeTaxRatio": 0.0376175549,
    "incomeTaxExpense": -9000000,
    "netIncome": 24600000,
    "netIncomeRatio": 0.0593199904,
    "eps": 0.25,
    "epsdiluted": 0.25,
    "weightedAverageShsOut": 98085528,
    "weightedAverageShsOutDil": 99000000,
    "link": "https://www.sec.gov/Archives/edgar/data/354190/000119312507019450/0001193125-07-019450-index.htm",
    "finalLink": "https://www.sec.gov/Archives/edgar/data/354190/000119312507019450/d10k.htm"
  },
  {
    "date": "2006-09-30",
    "symbol": "AJG",
    "reportedCurrency": "USD",
    "cik": "0000354190",
    "fillingDate": "2006-10-26",
    "acceptedDate": "2006-10-26 16:28:21",
    "calendarYear": "2006",
    "period": "Q3",
    "revenue": 421200000,
    "costOfRevenue": 80900000,
    "grossProfit": 340300000,
    "grossProfitRatio": 0.8079297246,
    "researchAndDevelopmentExpenses": 0,
    "generalAndAdministrativeExpenses": 220100000,
    "sellingAndMarketingExpenses": 0,
    "sellingGeneralAndAdministrativeExpenses": 220100000,
    "otherExpenses": 14800000,
    "operatingExpenses": 234900000,
    "costAndExpenses": 315800000,
    "interestIncome": 0,
    "interestExpense": 0,
    "depreciationAndAmortization": 16200000,
    "ebitda": 121600000,
    "ebitdaratio": 0.2886989554,
    "operatingIncome": 105400000,
    "operatingIncomeRatio": 0.2502374169,
    "totalOtherIncomeExpensesNet": -44600000,
    "incomeBeforeTax": 60800000,
    "incomeBeforeTaxRatio": 0.1443494777,
    "incomeTaxExpense": 10600000,
    "netIncome": 50200000,
    "netIncomeRatio": 0.1191832858,
    "eps": 0.52,
    "epsdiluted": 0.51,
    "weightedAverageShsOut": 96538462,
    "weightedAverageShsOutDil": 98431373,
    "link": "https://www.sec.gov/Archives/edgar/data/354190/000119312506215937/0001193125-06-215937-index.htm",
    "finalLink": "https://www.sec.gov/Archives/edgar/data/354190/000119312506215937/d10q.htm"
  },
  {
    "date": "2006-06-30",
    "symbol": "AJG",
    "reportedCurrency": "USD",
    "cik": "0000354190",
    "fillingDate": "2006-07-28",
    "acceptedDate": "2006-07-27 18:13:33",
    "calendarYear": "2006",
    "period": "Q2",
    "revenue": 370600000,
    "costOfRevenue": 76500000,
    "grossProfit": 294100000,
    "grossProfitRatio": 0.7935779817,
    "researchAndDevelopmentExpenses": 0,
    "generalAndAdministrativeExpenses": 219300,
    "sellingAndMarketingExpenses": 0,
    "sellingGeneralAndAdministrativeExpenses": 219300000,
    "otherExpenses": 13000000,
    "operatingExpenses": 232300000,
    "costAndExpenses": 308800000,
    "interestIncome": 0,
    "interestExpense": 0,
    "depreciationAndAmortization": 16900000,
    "ebitda": 78700000,
    "ebitdaratio": 0.2123583378,
    "operatingIncome": 61800000,
    "operatingIncomeRatio": 0.1667566109,
    "totalOtherIncomeExpensesNet": -14100000,
    "incomeBeforeTax": 47700000,
    "incomeBeforeTaxRatio": 0.1287101997,
    "incomeTaxExpense": 11100000,
    "netIncome": 36600000,
    "netIncomeRatio": 0.0987587696,
    "eps": 0.38,
    "epsdiluted": 0.37,
    "weightedAverageShsOut": 96315789,
    "weightedAverageShsOutDil": 98918919,
    "link": "https://www.sec.gov/Archives/edgar/data/354190/000119312506155055/0001193125-06-155055-index.htm",
    "finalLink": "https://www.sec.gov/Archives/edgar/data/354190/000119312506155055/d10q.htm"
  },
  {
    "date": "2006-03-31",
    "symbol": "AJG",
    "reportedCurrency": "USD",
    "cik": "0000354190",
    "fillingDate": "2006-04-25",
    "acceptedDate": "2006-04-25 10:48:26",
    "calendarYear": "2006",
    "period": "Q1",
    "revenue": 327500000,
    "costOfRevenue": 73600000,
    "grossProfit": 253900000,
    "grossProfitRatio": 0.7752671756,
    "researchAndDevelopmentExpenses": 0,
    "generalAndAdministrativeExpenses": 205500000,
    "sellingAndMarketingExpenses": 0,
    "sellingGeneralAndAdministrativeExpenses": 205500000,
    "otherExpenses": 12900000,
    "operatingExpenses": 218400000,
    "costAndExpenses": 292000000,
    "interestIncome": 0,
    "interestExpense": 0,
    "depreciationAndAmortization": 14700000,
    "ebitda": 50200000,
    "ebitdaratio": 0.1532824427,
    "operatingIncome": 35500000,
    "operatingIncomeRatio": 0.1083969466,
    "totalOtherIncomeExpensesNet": -6500000,
    "incomeBeforeTax": 29000000,
    "incomeBeforeTaxRatio": 0.0885496183,
    "incomeTaxExpense": 11900000,
    "netIncome": 17100000,
    "netIncomeRatio": 0.0522137405,
    "eps": 0.18,
    "epsdiluted": 0.17,
    "weightedAverageShsOut": 95000000,
    "weightedAverageShsOutDil": 100588235,
    "link": "https://www.sec.gov/Archives/edgar/data/354190/000119312506087508/0001193125-06-087508-index.htm",
    "finalLink": "https://www.sec.gov/Archives/edgar/data/354190/000119312506087508/d10q.htm"
  },
  {
    "date": "2005-12-31",
    "symbol": "AJG",
    "reportedCurrency": "USD",
    "cik": "0000354190",
    "fillingDate": "2006-02-08",
    "acceptedDate": "2006-02-08 08:56:15",
    "calendarYear": "2005",
    "period": "Q4",
    "revenue": 376100000,
    "costOfRevenue": 103000000,
    "grossProfit": 273100000,
    "grossProfitRatio": 0.7261366658,
    "researchAndDevelopmentExpenses": 0,
    "generalAndAdministrativeExpenses": 0,
    "sellingAndMarketingExpenses": 0,
    "sellingGeneralAndAdministrativeExpenses": 310500000,
    "otherExpenses": 12100000,
    "operatingExpenses": 322600000,
    "costAndExpenses": 425600000,
    "interestIncome": 0,
    "interestExpense": 0,
    "depreciationAndAmortization": 13600000,
    "ebitda": -35900000,
    "ebitdaratio": -0.0954533369,
    "operatingIncome": -49500000,
    "operatingIncomeRatio": -0.1316139325,
    "totalOtherIncomeExpensesNet": 48400000,
    "incomeBeforeTax": -1100000,
    "incomeBeforeTaxRatio": -0.0029247541,
    "incomeTaxExpense": -8600000,
    "netIncome": 2500000,
    "netIncomeRatio": 0.0066471683,
    "eps": 0.026,
    "epsdiluted": 0.025,
    "weightedAverageShsOut": 95000000,
    "weightedAverageShsOutDil": 100588235,
    "link": "https://www.sec.gov/Archives/edgar/data/354190/000119312506023110/0001193125-06-023110-index.htm",
    "finalLink": "https://www.sec.gov/Archives/edgar/data/354190/000119312506023110/d10k.htm"
  },
  {
    "date": "2005-09-30",
    "symbol": "AJG",
    "reportedCurrency": "USD",
    "cik": "0000354190",
    "fillingDate": "2005-10-27",
    "acceptedDate": "2005-10-27 09:48:11",
    "calendarYear": "2005",
    "period": "Q3",
    "revenue": 389900000,
    "costOfRevenue": 75700000,
    "grossProfit": 314200000,
    "grossProfitRatio": 0.8058476532,
    "researchAndDevelopmentExpenses": 0,
    "generalAndAdministrativeExpenses": 202000000,
    "sellingAndMarketingExpenses": 0,
    "sellingGeneralAndAdministrativeExpenses": 202000000,
    "otherExpenses": 13200000,
    "operatingExpenses": 215200000,
    "costAndExpenses": 290900000,
    "interestIncome": 0,
    "interestExpense": 0,
    "depreciationAndAmortization": 14700000,
    "ebitda": 113700000,
    "ebitdaratio": 0.2916132342,
    "operatingIncome": 99000000,
    "operatingIncomeRatio": 0.2539112593,
    "totalOtherIncomeExpensesNet": -33400000,
    "incomeBeforeTax": 65600000,
    "incomeBeforeTaxRatio": 0.1682482688,
    "incomeTaxExpense": 15100000,
    "netIncome": 50500000,
    "netIncomeRatio": 0.1295203898,
    "eps": 0.53,
    "epsdiluted": 0.52,
    "weightedAverageShsOut": 95283019,
    "weightedAverageShsOutDil": 97115385,
    "link": "https://www.sec.gov/Archives/edgar/data/354190/000119312505209553/0001193125-05-209553-index.htm",
    "finalLink": "https://www.sec.gov/Archives/edgar/data/354190/000119312505209553/d10q.htm"
  },
  {
    "date": "2005-06-30",
    "symbol": "AJG",
    "reportedCurrency": "USD",
    "cik": "0000354190",
    "fillingDate": "2005-07-28",
    "acceptedDate": "2005-07-28 11:21:22",
    "calendarYear": "2005",
    "period": "Q2",
    "revenue": 371100000,
    "costOfRevenue": 74100000,
    "grossProfit": 297000000,
    "grossProfitRatio": 0.800323363,
    "researchAndDevelopmentExpenses": 0,
    "generalAndAdministrativeExpenses": 189100,
    "sellingAndMarketingExpenses": 0,
    "sellingGeneralAndAdministrativeExpenses": 189100000,
    "otherExpenses": 14300000,
    "operatingExpenses": 203400000,
    "costAndExpenses": 277500000,
    "interestIncome": 0,
    "interestExpense": 0,
    "depreciationAndAmortization": 15700000,
    "ebitda": 109300000,
    "ebitdaratio": 0.2945297763,
    "operatingIncome": 93600000,
    "operatingIncomeRatio": 0.2522231205,
    "totalOtherIncomeExpensesNet": -36200000,
    "incomeBeforeTax": 57400000,
    "incomeBeforeTaxRatio": 0.1546752897,
    "incomeTaxExpense": 13200000,
    "netIncome": 51800000,
    "netIncomeRatio": 0.1395850175,
    "eps": 0.55,
    "epsdiluted": 0.54,
    "weightedAverageShsOut": 94181818,
    "weightedAverageShsOutDil": 95925926,
    "link": "https://www.sec.gov/Archives/edgar/data/354190/000119312505150938/0001193125-05-150938-index.htm",
    "finalLink": "https://www.sec.gov/Archives/edgar/data/354190/000119312505150938/d10q.htm"
  },
  {
    "date": "2005-03-31",
    "symbol": "AJG",
    "reportedCurrency": "USD",
    "cik": "0000354190",
    "fillingDate": "2005-05-02",
    "acceptedDate": "2005-05-02 10:16:41",
    "calendarYear": "2005",
    "period": "Q1",
    "revenue": 346800000,
    "costOfRevenue": 69500000,
    "grossProfit": 277300000,
    "grossProfitRatio": 0.7995963091,
    "researchAndDevelopmentExpenses": 0,
    "generalAndAdministrativeExpenses": 193200000,
    "sellingAndMarketingExpenses": 0,
    "sellingGeneralAndAdministrativeExpenses": 193200000,
    "otherExpenses": 13800000,
    "operatingExpenses": 207000000,
    "costAndExpenses": 276500000,
    "interestIncome": 0,
    "interestExpense": 0,
    "depreciationAndAmortization": 16500000,
    "ebitda": 86800000,
    "ebitdaratio": 0.2502883506,
    "operatingIncome": 70300000,
    "operatingIncomeRatio": 0.202710496,
    "totalOtherIncomeExpensesNet": -195000000,
    "incomeBeforeTax": -124700000,
    "incomeBeforeTaxRatio": -0.3595732411,
    "incomeTaxExpense": -51100000,
    "netIncome": -73800000,
    "netIncomeRatio": -0.2128027682,
    "eps": -0.85,
    "epsdiluted": -0.85,
    "weightedAverageShsOut": 86823529,
    "weightedAverageShsOutDil": 86823529,
    "link": "https://www.sec.gov/Archives/edgar/data/354190/000119312505091448/0001193125-05-091448-index.htm",
    "finalLink": "https://www.sec.gov/Archives/edgar/data/354190/000119312505091448/d10q.htm"
  },
  {
    "date": "2004-12-31",
    "symbol": "AJG",
    "reportedCurrency": "USD",
    "cik": "0000354190",
    "fillingDate": "2005-01-28",
    "acceptedDate": "2005-01-27 19:56:08",
    "calendarYear": "2004",
    "period": "Q4",
    "revenue": 386900000,
    "costOfRevenue": 72300000,
    "grossProfit": 314600000,
    "grossProfitRatio": 0.8131300078,
    "researchAndDevelopmentExpenses": 0,
    "generalAndAdministrativeExpenses": 0,
    "sellingAndMarketingExpenses": 0,
    "sellingGeneralAndAdministrativeExpenses": 68100000,
    "otherExpenses": 13500000,
    "operatingExpenses": 81600000,
    "costAndExpenses": 153900000,
    "interestIncome": 0,
    "interestExpense": 0,
    "depreciationAndAmortization": 16200000,
    "ebitda": 249200000,
    "ebitdaratio": 0.6440940812,
    "operatingIncome": 233000000,
    "operatingIncomeRatio": 0.6022227966,
    "totalOtherIncomeExpensesNet": -171700000,
    "incomeBeforeTax": 61300000,
    "incomeBeforeTaxRatio": 0.1584388731,
    "incomeTaxExpense": 12200000,
    "netIncome": 49100000,
    "netIncomeRatio": 0.1269061773,
    "eps": 0.53,
    "epsdiluted": 0.53,
    "weightedAverageShsOut": 91111111,
    "weightedAverageShsOutDil": 92500000,
    "link": "https://www.sec.gov/Archives/edgar/data/354190/000119312505013417/0001193125-05-013417-index.htm",
    "finalLink": "https://www.sec.gov/Archives/edgar/data/354190/000119312505013417/d10k.htm"
  },
  {
    "date": "2004-09-30",
    "symbol": "AJG",
    "reportedCurrency": "USD",
    "cik": "0000354190",
    "fillingDate": "2004-10-28",
    "acceptedDate": "2004-10-28 08:24:45",
    "calendarYear": "2004",
    "period": "Q3",
    "revenue": 363500000,
    "costOfRevenue": 67600000,
    "grossProfit": 295900000,
    "grossProfitRatio": 0.8140302613,
    "researchAndDevelopmentExpenses": 0,
    "generalAndAdministrativeExpenses": 183800000,
    "sellingAndMarketingExpenses": 0,
    "sellingGeneralAndAdministrativeExpenses": 178800000,
    "otherExpenses": 12300000,
    "operatingExpenses": 191100000,
    "costAndExpenses": 258700000,
    "interestIncome": 0,
    "interestExpense": 0,
    "depreciationAndAmortization": 14800000,
    "ebitda": 119600000,
    "ebitdaratio": 0.3290233838,
    "operatingIncome": 104800000,
    "operatingIncomeRatio": 0.2883081155,
    "totalOtherIncomeExpensesNet": -36300000,
    "incomeBeforeTax": 68500000,
    "incomeBeforeTaxRatio": 0.1884456671,
    "incomeTaxExpense": 13800000,
    "netIncome": 54400000,
    "netIncomeRatio": 0.149656121,
    "eps": 0.59,
    "epsdiluted": 0.57,
    "weightedAverageShsOut": 92203390,
    "weightedAverageShsOutDil": 95438596,
    "link": "https://www.sec.gov/Archives/edgar/data/354190/000119312504179965/0001193125-04-179965-index.htm",
    "finalLink": "https://www.sec.gov/Archives/edgar/data/354190/000119312504179965/d10q.htm"
  },
  {
    "date": "2004-06-30",
    "symbol": "AJG",
    "reportedCurrency": "USD",
    "cik": "0000354190",
    "fillingDate": "2004-07-28",
    "acceptedDate": "2004-07-28 16:28:08",
    "calendarYear": "2004",
    "period": "Q2",
    "revenue": 368700000,
    "costOfRevenue": 65700000,
    "grossProfit": 303000000,
    "grossProfitRatio": 0.8218063466,
    "researchAndDevelopmentExpenses": 0,
    "generalAndAdministrativeExpenses": 179700000,
    "sellingAndMarketingExpenses": 0,
    "sellingGeneralAndAdministrativeExpenses": 174400000,
    "otherExpenses": 14300000,
    "operatingExpenses": 188700000,
    "costAndExpenses": 254400000,
    "interestIncome": 0,
    "interestExpense": 0,
    "depreciationAndAmortization": 16200000,
    "ebitda": 130500000,
    "ebitdaratio": 0.3539462978,
    "operatingIncome": 114300000,
    "operatingIncomeRatio": 0.3100081367,
    "totalOtherIncomeExpensesNet": -56400000,
    "incomeBeforeTax": 57900000,
    "incomeBeforeTaxRatio": 0.1570382425,
    "incomeTaxExpense": 11600000,
    "netIncome": 46100000,
    "netIncomeRatio": 0.1250339029,
    "eps": 0.51,
    "epsdiluted": 0.49,
    "weightedAverageShsOut": 90392157,
    "weightedAverageShsOutDil": 94081633,
    "link": "https://www.sec.gov/Archives/edgar/data/354190/000119312504126301/0001193125-04-126301-index.htm",
    "finalLink": "https://www.sec.gov/Archives/edgar/data/354190/000119312504126301/d10q.htm"
  },
  {
    "date": "2004-03-31",
    "symbol": "AJG",
    "reportedCurrency": "USD",
    "cik": "0000354190",
    "fillingDate": "2004-04-30",
    "acceptedDate": "2004-04-30 13:01:49",
    "calendarYear": "2004",
    "period": "Q1",
    "revenue": 332900000,
    "costOfRevenue": 64600000,
    "grossProfit": 268300000,
    "grossProfitRatio": 0.8059477321,
    "researchAndDevelopmentExpenses": 0,
    "generalAndAdministrativeExpenses": 170700000,
    "sellingAndMarketingExpenses": 0,
    "sellingGeneralAndAdministrativeExpenses": 165300000,
    "otherExpenses": 11200000,
    "operatingExpenses": 176500000,
    "costAndExpenses": 241100000,
    "interestIncome": 0,
    "interestExpense": 0,
    "depreciationAndAmortization": 13900000,
    "ebitda": 105700000,
    "ebitdaratio": 0.3175127666,
    "operatingIncome": 91800000,
    "operatingIncomeRatio": 0.275758486,
    "totalOtherIncomeExpensesNet": -43400000,
    "incomeBeforeTax": 48400000,
    "incomeBeforeTaxRatio": 0.1453890057,
    "incomeTaxExpense": 9600000,
    "netIncome": 38900000,
    "netIncomeRatio": 0.1168519075,
    "eps": 0.43,
    "epsdiluted": 0.41,
    "weightedAverageShsOut": 90465116,
    "weightedAverageShsOutDil": 94878049,
    "link": "https://www.sec.gov/Archives/edgar/data/354190/000119312504075191/0001193125-04-075191-index.htm",
    "finalLink": "https://www.sec.gov/Archives/edgar/data/354190/000119312504075191/d10q.htm"
  },
  {
    "date": "2003-12-31",
    "symbol": "AJG",
    "reportedCurrency": "USD",
    "cik": "0000354190",
    "fillingDate": "2004-02-09",
    "acceptedDate": "2004-02-09 10:55:55",
    "calendarYear": "2003",
    "period": "Q4",
    "revenue": 365500000,
    "costOfRevenue": 72200000,
    "grossProfit": 293300000,
    "grossProfitRatio": 0.8024623803,
    "researchAndDevelopmentExpenses": 0,
    "generalAndAdministrativeExpenses": 0,
    "sellingAndMarketingExpenses": 0,
    "sellingGeneralAndAdministrativeExpenses": 215000000,
    "otherExpenses": 11600000,
    "operatingExpenses": 226600000,
    "costAndExpenses": 298800000,
    "interestIncome": 0,
    "interestExpense": 0,
    "depreciationAndAmortization": 13600000,
    "ebitda": 80300000,
    "ebitdaratio": 0.2196990424,
    "operatingIncome": 66700000,
    "operatingIncomeRatio": 0.1824897401,
    "totalOtherIncomeExpensesNet": -1900000,
    "incomeBeforeTax": 64800000,
    "incomeBeforeTaxRatio": 0.1772913817,
    "incomeTaxExpense": 15600000,
    "netIncome": 49200000,
    "netIncomeRatio": 0.1346101231,
    "eps": 0.54,
    "epsdiluted": 0.52,
    "weightedAverageShsOut": 90465116,
    "weightedAverageShsOutDil": 94878049,
    "link": "https://www.sec.gov/Archives/edgar/data/354190/000119312504016970/0001193125-04-016970-index.htm",
    "finalLink": "https://www.sec.gov/Archives/edgar/data/354190/000119312504016970/d10k.htm"
  },
  {
    "date": "2003-09-30",
    "symbol": "AJG",
    "reportedCurrency": "USD",
    "cik": "0000354190",
    "fillingDate": "2003-10-23",
    "acceptedDate": "2003-10-23 15:36:02",
    "calendarYear": "2003",
    "period": "Q3",
    "revenue": 345000000,
    "costOfRevenue": 64300000,
    "grossProfit": 280700000,
    "grossProfitRatio": 0.8136231884,
    "researchAndDevelopmentExpenses": 0,
    "generalAndAdministrativeExpenses": 166900000,
    "sellingAndMarketingExpenses": 0,
    "sellingGeneralAndAdministrativeExpenses": 203500000,
    "otherExpenses": 10800000,
    "operatingExpenses": 214300000,
    "costAndExpenses": 278600000,
    "interestIncome": 0,
    "interestExpense": 0,
    "depreciationAndAmortization": 16300000,
    "ebitda": 82700000,
    "ebitdaratio": 0.2397101449,
    "operatingIncome": 66400000,
    "operatingIncomeRatio": 0.1924637681,
    "totalOtherIncomeExpensesNet": -2000000,
    "incomeBeforeTax": 64400000,
    "incomeBeforeTaxRatio": 0.1866666667,
    "incomeTaxExpense": 15500000,
    "netIncome": 48900000,
    "netIncomeRatio": 0.1417391304,
    "eps": 0.54,
    "epsdiluted": 0.52,
    "weightedAverageShsOut": 90555556,
    "weightedAverageShsOutDil": 94038462,
    "link": "https://www.sec.gov/Archives/edgar/data/354190/000119312503066203/0001193125-03-066203-index.htm",
    "finalLink": "https://www.sec.gov/Archives/edgar/data/354190/000119312503066203/d10q.htm"
  },
  {
    "date": "2003-06-30",
    "symbol": "AJG",
    "reportedCurrency": "USD",
    "cik": "0000354190",
    "fillingDate": "2003-07-24",
    "acceptedDate": "2003-07-24 16:16:52",
    "calendarYear": "2003",
    "period": "Q2",
    "revenue": 299000000,
    "costOfRevenue": 63500000,
    "grossProfit": 235500000,
    "grossProfitRatio": 0.7876254181,
    "researchAndDevelopmentExpenses": 0,
    "generalAndAdministrativeExpenses": 161600000,
    "sellingAndMarketingExpenses": 0,
    "sellingGeneralAndAdministrativeExpenses": 175800000,
    "otherExpenses": 9400000,
    "operatingExpenses": 185200000,
    "costAndExpenses": 248700000,
    "interestIncome": 0,
    "interestExpense": 0,
    "depreciationAndAmortization": 8400000,
    "ebitda": 59700000,
    "ebitdaratio": 0.1996655518,
    "operatingIncome": 50300000,
    "operatingIncomeRatio": 0.1682274247,
    "totalOtherIncomeExpensesNet": -2000000,
    "incomeBeforeTax": 48300000,
    "incomeBeforeTaxRatio": 0.1615384615,
    "incomeTaxExpense": 12100000,
    "netIncome": 36200000,
    "netIncomeRatio": 0.1210702341,
    "eps": 0.4,
    "epsdiluted": 0.39,
    "weightedAverageShsOut": 90500000,
    "weightedAverageShsOutDil": 92820513,
    "link": "https://www.sec.gov/Archives/edgar/data/354190/000119312503023443/0001193125-03-023443-index.htm",
    "finalLink": "https://www.sec.gov/Archives/edgar/data/354190/000119312503023443/d10q.htm"
  },
  {
    "date": "2003-03-31",
    "symbol": "AJG",
    "reportedCurrency": "USD",
    "cik": "0000354190",
    "fillingDate": "2003-05-15",
    "acceptedDate": "2003-05-15 10:17:40",
    "calendarYear": "2003",
    "period": "Q1",
    "revenue": 254000000,
    "costOfRevenue": 63000000,
    "grossProfit": 191000000,
    "grossProfitRatio": 0.7519685039,
    "researchAndDevelopmentExpenses": 0,
    "generalAndAdministrativeExpenses": 0,
    "sellingAndMarketingExpenses": 0,
    "sellingGeneralAndAdministrativeExpenses": 168000000,
    "otherExpenses": 7000000,
    "operatingExpenses": 175000000,
    "costAndExpenses": 238000000,
    "interestIncome": 0,
    "interestExpense": 0,
    "depreciationAndAmortization": 10300000,
    "ebitda": 26300000,
    "ebitdaratio": 0.1035433071,
    "operatingIncome": 16000000,
    "operatingIncomeRatio": 0.062992126,
    "totalOtherIncomeExpensesNet": 0,
    "incomeBeforeTax": 16000000,
    "incomeBeforeTaxRatio": 0.062992126,
    "incomeTaxExpense": 4000000,
    "netIncome": 12000000,
    "netIncomeRatio": 0.0472440945,
    "eps": 0.13,
    "epsdiluted": 0.13,
    "weightedAverageShsOut": 92307692,
    "weightedAverageShsOutDil": 92307692,
    "link": "https://www.sec.gov/Archives/edgar/data/354190/000095013103002915/0000950131-03-002915-index.htm",
    "finalLink": "https://www.sec.gov/Archives/edgar/data/354190/000095013103002915/d10q.txt"
  },
  {
    "date": "2002-12-31",
    "symbol": "AJG",
    "reportedCurrency": "USD",
    "cik": "0000354190",
    "fillingDate": "2003-03-25",
    "acceptedDate": "2003-03-25 12:19:28",
    "calendarYear": "2002",
    "period": "Q4",
    "revenue": 306782000,
    "costOfRevenue": 86486000,
    "grossProfit": 220296000,
    "grossProfitRatio": 0.7180864588,
    "researchAndDevelopmentExpenses": 0,
    "generalAndAdministrativeExpenses": 0,
    "sellingAndMarketingExpenses": 0,
    "sellingGeneralAndAdministrativeExpenses": 157205000,
    "otherExpenses": 8386000,
    "operatingExpenses": 165591000,
    "costAndExpenses": 252077000,
    "interestIncome": 0,
    "interestExpense": 0,
    "depreciationAndAmortization": 8386000,
    "ebitda": 63091000,
    "ebitdaratio": 0.2056541779,
    "operatingIncome": 54705000,
    "operatingIncomeRatio": 0.1783188062,
    "totalOtherIncomeExpensesNet": 0,
    "incomeBeforeTax": 54705000,
    "incomeBeforeTaxRatio": 0.1783188062,
    "incomeTaxExpense": 16412000,
    "netIncome": 38293000,
    "netIncomeRatio": 0.1248215345,
    "eps": 0.41,
    "epsdiluted": 0.41,
    "weightedAverageShsOut": 92307692,
    "weightedAverageShsOutDil": 92307692,
    "link": "https://www.sec.gov/Archives/edgar/data/354190/000095013103001589/0000950131-03-001589-index.htm",
    "finalLink": "https://www.sec.gov/Archives/edgar/data/354190/000095013103001589/d10k.txt"
  },
  {
    "date": "2002-09-30",
    "symbol": "AJG",
    "reportedCurrency": "USD",
    "cik": "0000354190",
    "fillingDate": "2002-11-14",
    "acceptedDate": "2002-11-14 13:24:58",
    "calendarYear": "2002",
    "period": "Q3",
    "revenue": 256500000,
    "costOfRevenue": 56900000,
    "grossProfit": 199600000,
    "grossProfitRatio": 0.7781676413,
    "researchAndDevelopmentExpenses": 0,
    "generalAndAdministrativeExpenses": 0,
    "sellingAndMarketingExpenses": 0,
    "sellingGeneralAndAdministrativeExpenses": 155000000,
    "otherExpenses": 8900000,
    "operatingExpenses": 163900000,
    "costAndExpenses": 220800000,
    "interestIncome": 0,
    "interestExpense": 0,
    "depreciationAndAmortization": 11071000,
    "ebitda": 46771000,
    "ebitdaratio": 0.1823430799,
    "operatingIncome": 35700000,
    "operatingIncomeRatio": 0.1391812865,
    "totalOtherIncomeExpensesNet": -2400000,
    "incomeBeforeTax": 33300000,
    "incomeBeforeTaxRatio": 0.1298245614,
    "incomeTaxExpense": 10000000,
    "netIncome": 23300000,
    "netIncomeRatio": 0.0908382066,
    "eps": 0.26,
    "epsdiluted": 0.25,
    "weightedAverageShsOut": 88100000,
    "weightedAverageShsOutDil": 92100000,
    "link": "https://www.sec.gov/Archives/edgar/data/354190/000095013102004450/0000950131-02-004450-index.htm",
    "finalLink": "https://www.sec.gov/Archives/edgar/data/354190/000095013102004450/d10q.txt"
  },
  {
    "date": "2002-06-30",
    "symbol": "AJG",
    "reportedCurrency": "USD",
    "cik": "0000354190",
    "fillingDate": "2002-08-14",
    "acceptedDate": "2002-08-14 14:02:25",
    "calendarYear": "2002",
    "period": "Q2",
    "revenue": 248644000,
    "costOfRevenue": 72004000,
    "grossProfit": 176640000,
    "grossProfitRatio": 0.7104132816,
    "researchAndDevelopmentExpenses": 0,
    "generalAndAdministrativeExpenses": 0,
    "sellingAndMarketingExpenses": 0,
    "sellingGeneralAndAdministrativeExpenses": 145333000,
    "otherExpenses": 8389000,
    "operatingExpenses": 153722000,
    "costAndExpenses": 225726000,
    "interestIncome": 0,
    "interestExpense": 0,
    "depreciationAndAmortization": 8129000,
    "ebitda": 31307000,
    "ebitdaratio": 0.1259109409,
    "operatingIncome": 22918000,
    "operatingIncomeRatio": 0.0921719406,
    "totalOtherIncomeExpensesNet": 25614000,
    "incomeBeforeTax": 48532000,
    "incomeBeforeTaxRatio": 0.1951866926,
    "incomeTaxExpense": 14071000,
    "netIncome": 34461000,
    "netIncomeRatio": 0.1385957433,
    "eps": 0.39,
    "epsdiluted": 0.37,
    "weightedAverageShsOut": 88361538,
    "weightedAverageShsOutDil": 93137838,
    "link": "https://www.sec.gov/Archives/edgar/data/354190/000095013102003221/0000950131-02-003221-index.htm",
    "finalLink": "https://www.sec.gov/Archives/edgar/data/354190/000095013102003221/d10q.txt"
  },
  {
    "date": "2002-03-31",
    "symbol": "AJG",
    "reportedCurrency": "USD",
    "cik": "0000354190",
    "fillingDate": "2002-05-14",
    "acceptedDate": "2002-05-14 13:17:07",
    "calendarYear": "2002",
    "period": "Q1",
    "revenue": 249000000,
    "costOfRevenue": 67000000,
    "grossProfit": 182000000,
    "grossProfitRatio": 0.7309236948,
    "researchAndDevelopmentExpenses": 0,
    "generalAndAdministrativeExpenses": 0,
    "sellingAndMarketingExpenses": 0,
    "sellingGeneralAndAdministrativeExpenses": 126000000,
    "otherExpenses": 6000000,
    "operatingExpenses": 132000000,
    "costAndExpenses": 199000000,
    "interestIncome": 0,
    "interestExpense": 0,
    "depreciationAndAmortization": 7000000,
    "ebitda": 57000000,
    "ebitdaratio": 0.2289156627,
    "operatingIncome": 50000000,
    "operatingIncomeRatio": 0.2008032129,
    "totalOtherIncomeExpensesNet": -1000000,
    "incomeBeforeTax": 49000000,
    "incomeBeforeTaxRatio": 0.1967871486,
    "incomeTaxExpense": 15000000,
    "netIncome": 34000000,
    "netIncomeRatio": 0.1365461847,
    "eps": 0.39,
    "epsdiluted": 0.37,
    "weightedAverageShsOut": 85405000,
    "weightedAverageShsOutDil": 90595000,
    "link": "https://www.sec.gov/Archives/edgar/data/354190/000095013102001966/0000950131-02-001966-index.htm",
    "finalLink": "https://www.sec.gov/Archives/edgar/data/354190/000095013102001966/d10q.txt"
  },
  {
    "date": "2001-12-31",
    "symbol": "AJG",
    "reportedCurrency": "USD",
    "cik": "0000354190",
    "fillingDate": "2002-03-22",
    "acceptedDate": "2002-03-22 00:00:00",
    "calendarYear": "2001",
    "period": "Q4",
    "revenue": 253956000,
    "costOfRevenue": 73760000,
    "grossProfit": 180196000,
    "grossProfitRatio": 0.7095559861,
    "researchAndDevelopmentExpenses": 0,
    "generalAndAdministrativeExpenses": 0,
    "sellingAndMarketingExpenses": 0,
    "sellingGeneralAndAdministrativeExpenses": 141099000,
    "otherExpenses": 0,
    "operatingExpenses": 141099000,
    "costAndExpenses": 214859000,
    "interestIncome": 0,
    "interestExpense": 0,
    "depreciationAndAmortization": 6065000,
    "ebitda": 45162000,
    "ebitdaratio": 0.1778339555,
    "operatingIncome": 39097000,
    "operatingIncomeRatio": 0.1539518657,
    "totalOtherIncomeExpensesNet": -2108000,
    "incomeBeforeTax": 36989000,
    "incomeBeforeTaxRatio": 0.1456512152,
    "incomeTaxExpense": 3916000,
    "netIncome": 33073000,
    "netIncomeRatio": 0.1302312212,
    "eps": 0.38,
    "epsdiluted": 0.36,
    "weightedAverageShsOut": 86346154,
    "weightedAverageShsOutDil": 91013514,
    "link": "https://www.sec.gov/Archives/edgar/data/354190/000095013102001033/0000950131-02-001033-index.htm",
    "finalLink": "https://www.sec.gov/Archives/edgar/data/354190/000095013102001033/d10k405.txt"
  },
  {
    "date": "2001-09-30",
    "symbol": "AJG",
    "reportedCurrency": "USD",
    "cik": "0000354190",
    "fillingDate": "2001-11-13",
    "acceptedDate": "2001-11-13 00:00:00",
    "calendarYear": "2001",
    "period": "Q3",
    "revenue": 235664000,
    "costOfRevenue": 73109000,
    "grossProfit": 162555000,
    "grossProfitRatio": 0.6897744246,
    "researchAndDevelopmentExpenses": 0,
    "generalAndAdministrativeExpenses": 0,
    "sellingAndMarketingExpenses": 0,
    "sellingGeneralAndAdministrativeExpenses": 115139000,
    "otherExpenses": 5397000,
    "operatingExpenses": 120536000,
    "costAndExpenses": 193645000,
    "interestIncome": 0,
    "interestExpense": 0,
    "depreciationAndAmortization": 5397000,
    "ebitda": 47416000,
    "ebitdaratio": 0.2012017109,
    "operatingIncome": 42019000,
    "operatingIncomeRatio": 0.1783004617,
    "totalOtherIncomeExpensesNet": 0,
    "incomeBeforeTax": 42019000,
    "incomeBeforeTaxRatio": 0.1783004617,
    "incomeTaxExpense": 116000,
    "netIncome": 41903000,
    "netIncomeRatio": 0.1778082355,
    "eps": 0.49,
    "epsdiluted": 0.47,
    "weightedAverageShsOut": 84785000,
    "weightedAverageShsOutDil": 90074000,
    "link": "https://www.sec.gov/Archives/edgar/data/354190/000094018001500583/0000940180-01-500583-index.htm",
    "finalLink": "https://www.sec.gov/Archives/edgar/data/354190/000094018001500583/d10q.txt"
  },
  {
    "date": "2001-06-30",
    "symbol": "AJG",
    "reportedCurrency": "USD",
    "cik": "0000354190",
    "fillingDate": "2001-08-13",
    "acceptedDate": "2001-08-13 00:00:00",
    "calendarYear": "2001",
    "period": "Q2",
    "revenue": 203517000,
    "costOfRevenue": 59943000,
    "grossProfit": 143574000,
    "grossProfitRatio": 0.7054644084,
    "researchAndDevelopmentExpenses": 0,
    "generalAndAdministrativeExpenses": 0,
    "sellingAndMarketingExpenses": 0,
    "sellingGeneralAndAdministrativeExpenses": 111001000,
    "otherExpenses": 5417000,
    "operatingExpenses": 116418000,
    "costAndExpenses": 176361000,
    "interestIncome": 0,
    "interestExpense": 0,
    "depreciationAndAmortization": 5417000,
    "ebitda": 32573000,
    "ebitdaratio": 0.1600505118,
    "operatingIncome": 27156000,
    "operatingIncomeRatio": 0.1334335707,
    "totalOtherIncomeExpensesNet": 1616000,
    "incomeBeforeTax": 28772000,
    "incomeBeforeTaxRatio": 0.1413739393,
    "incomeTaxExpense": 5575000,
    "netIncome": 23197000,
    "netIncomeRatio": 0.1139806503,
    "eps": 0.27,
    "epsdiluted": 0.26,
    "weightedAverageShsOut": 84618000,
    "weightedAverageShsOutDil": 89756000,
    "link": "https://www.sec.gov/Archives/edgar/data/354190/000094018001500133/0000940180-01-500133-index.htm",
    "finalLink": "https://www.sec.gov/Archives/edgar/data/354190/000094018001500133/d10q.txt"
  },
  {
    "date": "2001-03-31",
    "symbol": "AJG",
    "reportedCurrency": "USD",
    "cik": "0000354190",
    "fillingDate": "2001-05-14",
    "acceptedDate": "2001-05-14 00:00:00",
    "calendarYear": "2001",
    "period": "Q1",
    "revenue": 216652000,
    "costOfRevenue": 65993000,
    "grossProfit": 150659000,
    "grossProfitRatio": 0.6953963037,
    "researchAndDevelopmentExpenses": 0,
    "generalAndAdministrativeExpenses": 0,
    "sellingAndMarketingExpenses": 0,
    "sellingGeneralAndAdministrativeExpenses": 110923000,
    "otherExpenses": 5663000,
    "operatingExpenses": 116586000,
    "costAndExpenses": 182579000,
    "interestIncome": 0,
    "interestExpense": 0,
    "depreciationAndAmortization": 5663000,
    "ebitda": 39736000,
    "ebitdaratio": 0.1834093385,
    "operatingIncome": 34073000,
    "operatingIncomeRatio": 0.157270646,
    "totalOtherIncomeExpensesNet": 0,
    "incomeBeforeTax": 34073000,
    "incomeBeforeTaxRatio": 0.157270646,
    "incomeTaxExpense": 6990000,
    "netIncome": 27083000,
    "netIncomeRatio": 0.1250069235,
    "eps": 0.32,
    "epsdiluted": 0.32,
    "weightedAverageShsOut": 80684000,
    "weightedAverageShsOutDil": 86063000,
    "link": "https://www.sec.gov/Archives/edgar/data/354190/000095013101501412/0000950131-01-501412-index.htm",
    "finalLink": "https://www.sec.gov/Archives/edgar/data/354190/000095013101501412/d10q.txt"
  },
  {
    "date": "2000-12-31",
    "symbol": "AJG",
    "reportedCurrency": "USD",
    "cik": "0000354190",
    "fillingDate": "2001-03-27",
    "acceptedDate": "2001-03-27 00:00:00",
    "calendarYear": "2000",
    "period": "Q4",
    "revenue": 201627000,
    "costOfRevenue": 65318000,
    "grossProfit": 136309000,
    "grossProfitRatio": 0.6760453709,
    "researchAndDevelopmentExpenses": 0,
    "generalAndAdministrativeExpenses": 0,
    "sellingAndMarketingExpenses": 0,
    "sellingGeneralAndAdministrativeExpenses": 112114000,
    "otherExpenses": 3923000,
    "operatingExpenses": 116037000,
    "costAndExpenses": 181355000,
    "interestIncome": 0,
    "interestExpense": 0,
    "depreciationAndAmortization": 3923000,
    "ebitda": 24195000,
    "ebitdaratio": 0.1199988097,
    "operatingIncome": 20272000,
    "operatingIncomeRatio": 0.1005420901,
    "totalOtherIncomeExpensesNet": 12025000,
    "incomeBeforeTax": 32297000,
    "incomeBeforeTaxRatio": 0.1601819201,
    "incomeTaxExpense": 6896000,
    "netIncome": 25401000,
    "netIncomeRatio": 0.1259801515,
    "eps": 0.31,
    "epsdiluted": 0.29,
    "weightedAverageShsOut": 80903448,
    "weightedAverageShsOutDil": 86896296,
    "link": "https://www.sec.gov/Archives/edgar/data/354190/000095013101500324/0000950131-01-500324-index.htm",
    "finalLink": "https://www.sec.gov/Archives/edgar/data/354190/000095013101500324/d10k.txt"
  },
  {
    "date": "2000-09-30",
    "symbol": "AJG",
    "reportedCurrency": "USD",
    "cik": "0000354190",
    "fillingDate": "2000-11-14",
    "acceptedDate": "2000-11-14 00:00:00",
    "calendarYear": "2000",
    "period": "Q3",
    "revenue": 209119000,
    "costOfRevenue": 60332000,
    "grossProfit": 148787000,
    "grossProfitRatio": 0.7114944123,
    "researchAndDevelopmentExpenses": 0,
    "generalAndAdministrativeExpenses": 0,
    "sellingAndMarketingExpenses": 0,
    "sellingGeneralAndAdministrativeExpenses": 103145000,
    "otherExpenses": 0,
    "operatingExpenses": 103145000,
    "costAndExpenses": 163477000,
    "interestIncome": 0,
    "interestExpense": 0,
    "depreciationAndAmortization": 5346000,
    "ebitda": 50988000,
    "ebitdaratio": 0.2438228951,
    "operatingIncome": 45642000,
    "operatingIncomeRatio": 0.2182585035,
    "totalOtherIncomeExpensesNet": 0,
    "incomeBeforeTax": 45642000,
    "incomeBeforeTaxRatio": 0.2182585035,
    "incomeTaxExpense": 13579000,
    "netIncome": 32063000,
    "netIncomeRatio": 0.1533241838,
    "eps": 0.38,
    "epsdiluted": 0.37,
    "weightedAverageShsOut": 84001000,
    "weightedAverageShsOutDil": 89663000,
    "link": "https://www.sec.gov/Archives/edgar/data/354190/000095013100006411/0000950131-00-006411-index.htm",
    "finalLink": "https://www.sec.gov/Archives/edgar/data/354190/000095013100006411/0000950131-00-006411-0001.txt"
  },
  {
    "date": "2000-06-30",
    "symbol": "AJG",
    "reportedCurrency": "USD",
    "cik": "0000354190",
    "fillingDate": "2000-08-10",
    "acceptedDate": "2000-08-10 00:00:00",
    "calendarYear": "2000",
    "period": "Q2",
    "revenue": 180978000,
    "costOfRevenue": 58038000,
    "grossProfit": 122940000,
    "grossProfitRatio": 0.6793090873,
    "researchAndDevelopmentExpenses": 0,
    "generalAndAdministrativeExpenses": 0,
    "sellingAndMarketingExpenses": 0,
    "sellingGeneralAndAdministrativeExpenses": 96821000,
    "otherExpenses": 0,
    "operatingExpenses": 96821000,
    "costAndExpenses": 154859000,
    "interestIncome": 0,
    "interestExpense": 0,
    "depreciationAndAmortization": 3841000,
    "ebitda": 29960000,
    "ebitdaratio": 0.1655449834,
    "operatingIncome": 26119000,
    "operatingIncomeRatio": 0.1443214092,
    "totalOtherIncomeExpensesNet": 0,
    "incomeBeforeTax": 26119000,
    "incomeBeforeTaxRatio": 0.1443214092,
    "incomeTaxExpense": 9035000,
    "netIncome": 17084000,
    "netIncomeRatio": 0.0943982141,
    "eps": 0.21,
    "epsdiluted": 0.19,
    "weightedAverageShsOut": 82924000,
    "weightedAverageShsOutDil": 87687000,
    "link": "https://www.sec.gov/Archives/edgar/data/354190/000095013100004773/0000950131-00-004773-index.htm",
    "finalLink": "https://www.sec.gov/Archives/edgar/data/354190/000095013100004773/0000950131-00-004773-0001.txt"
  },
  {
    "date": "2000-03-31",
    "symbol": "AJG",
    "reportedCurrency": "USD",
    "cik": "0000354190",
    "fillingDate": "2000-05-12",
    "acceptedDate": "2000-05-12 00:00:00",
    "calendarYear": "2000",
    "period": "Q1",
    "revenue": 169208000,
    "costOfRevenue": 52211000,
    "grossProfit": 116997000,
    "grossProfitRatio": 0.6914389391,
    "researchAndDevelopmentExpenses": 0,
    "generalAndAdministrativeExpenses": 0,
    "sellingAndMarketingExpenses": 0,
    "sellingGeneralAndAdministrativeExpenses": 91330000,
    "otherExpenses": 0,
    "operatingExpenses": 91330000,
    "costAndExpenses": 143541000,
    "interestIncome": 0,
    "interestExpense": 0,
    "depreciationAndAmortization": 3996000,
    "ebitda": 29663000,
    "ebitdaratio": 0.1753049501,
    "operatingIncome": 25667000,
    "operatingIncomeRatio": 0.1516890454,
    "totalOtherIncomeExpensesNet": 0,
    "incomeBeforeTax": 25667000,
    "incomeBeforeTaxRatio": 0.1516890454,
    "incomeTaxExpense": 8850000,
    "netIncome": 16817000,
    "netIncomeRatio": 0.0993865538,
    "eps": 0.21,
    "epsdiluted": 0.2,
    "weightedAverageShsOut": 78319000,
    "weightedAverageShsOutDil": 82398000,
    "link": "https://www.sec.gov/Archives/edgar/data/354190/000095013100003359/0000950131-00-003359-index.htm",
    "finalLink": "https://www.sec.gov/Archives/edgar/data/354190/000095013100003359/0000950131-00-003359.txt"
  },
  {
    "date": "1999-12-31",
    "symbol": "AJG",
    "reportedCurrency": "USD",
    "cik": "0000354190",
    "fillingDate": "2000-03-23",
    "acceptedDate": "2000-03-23 00:00:00",
    "calendarYear": "1999",
    "period": "Q4",
    "revenue": 188600000,
    "costOfRevenue": 174100000,
    "grossProfit": 14500000,
    "grossProfitRatio": 0.0768822906,
    "researchAndDevelopmentExpenses": 0,
    "generalAndAdministrativeExpenses": 0,
    "sellingAndMarketingExpenses": 0,
    "sellingGeneralAndAdministrativeExpenses": -38000000,
    "otherExpenses": 4600000,
    "operatingExpenses": -33400000,
    "costAndExpenses": 140700000,
    "interestIncome": 0,
    "interestExpense": 0,
    "depreciationAndAmortization": 4600000,
    "ebitda": 52500000,
    "ebitdaratio": 0.2783669141,
    "operatingIncome": 47900000,
    "operatingIncomeRatio": 0.2539766702,
    "totalOtherIncomeExpensesNet": -19000000,
    "incomeBeforeTax": 28900000,
    "incomeBeforeTaxRatio": 0.1532343584,
    "incomeTaxExpense": 10100000,
    "netIncome": 18800000,
    "netIncomeRatio": 0.0996818664,
    "eps": 0.25,
    "epsdiluted": 0.24,
    "weightedAverageShsOut": 73926829,
    "weightedAverageShsOutDil": 77717949,
    "link": "https://www.sec.gov/Archives/edgar/data/354190/000095013100001929/0000950131-00-001929-index.htm",
    "finalLink": "https://www.sec.gov/Archives/edgar/data/354190/000095013100001929/0000950131-00-001929.txt"
  },
  {
    "date": "1999-09-30",
    "symbol": "AJG",
    "reportedCurrency": "USD",
    "cik": "0000354190",
    "fillingDate": "1999-11-12",
    "acceptedDate": "1999-11-12 00:00:00",
    "calendarYear": "1999",
    "period": "Q3",
    "revenue": 165942000,
    "costOfRevenue": 46944000,
    "grossProfit": 118998000,
    "grossProfitRatio": 0.7171059768,
    "researchAndDevelopmentExpenses": 0,
    "generalAndAdministrativeExpenses": 0,
    "sellingAndMarketingExpenses": 0,
    "sellingGeneralAndAdministrativeExpenses": 83833000,
    "otherExpenses": 3800000,
    "operatingExpenses": 87633000,
    "costAndExpenses": 134577000,
    "interestIncome": 0,
    "interestExpense": 0,
    "depreciationAndAmortization": 4349000,
    "ebitda": 35714000,
    "ebitdaratio": 0.2152197756,
    "operatingIncome": 31365000,
    "operatingIncomeRatio": 0.1890118234,
    "totalOtherIncomeExpensesNet": 5141000,
    "incomeBeforeTax": 36506000,
    "incomeBeforeTaxRatio": 0.2199925275,
    "incomeTaxExpense": 12807000,
    "netIncome": 23699000,
    "netIncomeRatio": 0.1428149594,
    "eps": 0.32,
    "epsdiluted": 0.3,
    "weightedAverageShsOut": 74059375,
    "weightedAverageShsOutDil": 78996667,
    "link": "https://www.sec.gov/Archives/edgar/data/354190/000095013199006245/0000950131-99-006245-index.htm",
    "finalLink": "https://www.sec.gov/Archives/edgar/data/354190/000095013199006245/0000950131-99-006245.txt"
  },
  {
    "date": "1999-06-30",
    "symbol": "AJG",
    "reportedCurrency": "USD",
    "cik": "0000354190",
    "fillingDate": "1999-08-10",
    "acceptedDate": "1999-08-10 00:00:00",
    "calendarYear": "1999",
    "period": "Q2",
    "revenue": 134832000,
    "costOfRevenue": 43726000,
    "grossProfit": 91106000,
    "grossProfitRatio": 0.6757001305,
    "researchAndDevelopmentExpenses": 0,
    "generalAndAdministrativeExpenses": 0,
    "sellingAndMarketingExpenses": 0,
    "sellingGeneralAndAdministrativeExpenses": 77440000,
    "otherExpenses": 3747000,
    "operatingExpenses": 81187000,
    "costAndExpenses": 124913000,
    "interestIncome": 0,
    "interestExpense": 0,
    "depreciationAndAmortization": 3747000,
    "ebitda": 13666000,
    "ebitdaratio": 0.1013557612,
    "operatingIncome": 9919000,
    "operatingIncomeRatio": 0.0735656224,
    "totalOtherIncomeExpensesNet": 9902000,
    "incomeBeforeTax": 19821000,
    "incomeBeforeTaxRatio": 0.147005162,
    "incomeTaxExpense": 6775000,
    "netIncome": 13046000,
    "netIncomeRatio": 0.0967574463,
    "eps": 0.18,
    "epsdiluted": 0.17,
    "weightedAverageShsOut": 73736000,
    "weightedAverageShsOutDil": 77434000,
    "link": "https://www.sec.gov/Archives/edgar/data/354190/000095013199004759/0000950131-99-004759-index.htm",
    "finalLink": "https://www.sec.gov/Archives/edgar/data/354190/000095013199004759/0000950131-99-004759.txt"
  },
  {
    "date": "1999-03-31",
    "symbol": "AJG",
    "reportedCurrency": "USD",
    "cik": "0000354190",
    "fillingDate": "1999-05-17",
    "acceptedDate": "1999-05-17 00:00:00",
    "calendarYear": "1999",
    "period": "Q1",
    "revenue": 132921000,
    "costOfRevenue": 38398000,
    "grossProfit": 94523000,
    "grossProfitRatio": 0.7111216437,
    "researchAndDevelopmentExpenses": 0,
    "generalAndAdministrativeExpenses": 0,
    "sellingAndMarketingExpenses": 0,
    "sellingGeneralAndAdministrativeExpenses": 75265000,
    "otherExpenses": 3320000,
    "operatingExpenses": 78585000,
    "costAndExpenses": 116983000,
    "interestIncome": 0,
    "interestExpense": 0,
    "depreciationAndAmortization": 3320000,
    "ebitda": 19258000,
    "ebitdaratio": 0.1448830508,
    "operatingIncome": 15938000,
    "operatingIncomeRatio": 0.1199058087,
    "totalOtherIncomeExpensesNet": 4687000,
    "incomeBeforeTax": 20625000,
    "incomeBeforeTaxRatio": 0.155167355,
    "incomeTaxExpense": 7149000,
    "netIncome": 13476000,
    "netIncomeRatio": 0.1013835286,
    "eps": 0.19,
    "epsdiluted": 0.18,
    "weightedAverageShsOut": 70926316,
    "weightedAverageShsOutDil": 74866667,
    "link": "https://www.sec.gov/Archives/edgar/data/354190/000095013199003197/0000950131-99-003197-index.html",
    "finalLink": "https://www.sec.gov/Archives/edgar/data/354190/"
  },
  {
    "date": "1998-12-31",
    "symbol": "AJG",
    "reportedCurrency": "USD",
    "cik": "0000354190",
    "fillingDate": "1999-03-26",
    "acceptedDate": "1999-03-26 00:00:00",
    "calendarYear": "1998",
    "period": "Q4",
    "revenue": 154400000,
    "costOfRevenue": 53000000,
    "grossProfit": 101400000,
    "grossProfitRatio": 0.6567357513,
    "researchAndDevelopmentExpenses": 0,
    "generalAndAdministrativeExpenses": 0,
    "sellingAndMarketingExpenses": 0,
    "sellingGeneralAndAdministrativeExpenses": 77900000,
    "otherExpenses": 3200000,
    "operatingExpenses": 81100000,
    "costAndExpenses": 134100000,
    "interestIncome": 0,
    "interestExpense": 0,
    "depreciationAndAmortization": 3200000,
    "ebitda": 23500000,
    "ebitdaratio": 0.1522020725,
    "operatingIncome": 20300000,
    "operatingIncomeRatio": 0.1314766839,
    "totalOtherIncomeExpensesNet": 4800000,
    "incomeBeforeTax": 25100000,
    "incomeBeforeTaxRatio": 0.1625647668,
    "incomeTaxExpense": 8300000,
    "netIncome": 16800000,
    "netIncomeRatio": 0.1088082902,
    "eps": 0.24,
    "epsdiluted": 0.24,
    "weightedAverageShsOut": 70000000,
    "weightedAverageShsOutDil": 70000000,
    "link": "https://www.sec.gov/Archives/edgar/data/354190/000095013199001752/0000950131-99-001752-index.html",
    "finalLink": "https://www.sec.gov/Archives/edgar/data/354190/"
  },
  {
    "date": "1998-09-30",
    "symbol": "AJG",
    "reportedCurrency": "USD",
    "cik": "0000354190",
    "fillingDate": "1998-11-09",
    "acceptedDate": "1998-11-09 00:00:00",
    "calendarYear": "1998",
    "period": "Q3",
    "revenue": 146400000,
    "costOfRevenue": 41600000,
    "grossProfit": 104800000,
    "grossProfitRatio": 0.7158469945,
    "researchAndDevelopmentExpenses": 0,
    "generalAndAdministrativeExpenses": 0,
    "sellingAndMarketingExpenses": 0,
    "sellingGeneralAndAdministrativeExpenses": 73900000,
    "otherExpenses": 2800000,
    "operatingExpenses": 76700000,
    "costAndExpenses": 118300000,
    "interestIncome": 0,
    "interestExpense": 0,
    "depreciationAndAmortization": 3100000,
    "ebitda": 31200000,
    "ebitdaratio": 0.2131147541,
    "operatingIncome": 28100000,
    "operatingIncomeRatio": 0.1919398907,
    "totalOtherIncomeExpensesNet": 1300000,
    "incomeBeforeTax": 29400000,
    "incomeBeforeTaxRatio": 0.2008196721,
    "incomeTaxExpense": 9300000,
    "netIncome": 20100000,
    "netIncomeRatio": 0.137295082,
    "eps": 0.28,
    "epsdiluted": 0.27,
    "weightedAverageShsOut": 71785714,
    "weightedAverageShsOutDil": 74444444,
    "link": "https://www.sec.gov/Archives/edgar/data/354190/000095013198005854/0000950131-98-005854-index.html",
    "finalLink": "https://www.sec.gov/Archives/edgar/data/354190/"
  },
  {
    "date": "1998-06-30",
    "symbol": "AJG",
    "reportedCurrency": "USD",
    "cik": "0000354190",
    "fillingDate": "1998-08-03",
    "acceptedDate": "1998-08-03 00:00:00",
    "calendarYear": "1998",
    "period": "Q2",
    "revenue": 121900000,
    "costOfRevenue": 40000000,
    "grossProfit": 81900000,
    "grossProfitRatio": 0.6718621821,
    "researchAndDevelopmentExpenses": 0,
    "generalAndAdministrativeExpenses": 0,
    "sellingAndMarketingExpenses": 0,
    "sellingGeneralAndAdministrativeExpenses": 70000000,
    "otherExpenses": 2800000,
    "operatingExpenses": 72800000,
    "costAndExpenses": 112800000,
    "interestIncome": 0,
    "interestExpense": 0,
    "depreciationAndAmortization": 2700000,
    "ebitda": 11900000,
    "ebitdaratio": 0.0976210008,
    "operatingIncome": 9100000,
    "operatingIncomeRatio": 0.0746513536,
    "totalOtherIncomeExpensesNet": 5600000,
    "incomeBeforeTax": 14700000,
    "incomeBeforeTaxRatio": 0.1205906481,
    "incomeTaxExpense": 4800000,
    "netIncome": 9900000,
    "netIncomeRatio": 0.0812141099,
    "eps": 0.14,
    "epsdiluted": 0.14,
    "weightedAverageShsOut": 70714286,
    "weightedAverageShsOutDil": 70714286,
    "link": "https://www.sec.gov/Archives/edgar/data/354190/000095013198004540/0000950131-98-004540-index.html",
    "finalLink": "https://www.sec.gov/Archives/edgar/data/354190/"
  },
  {
    "date": "1998-03-31",
    "symbol": "AJG",
    "reportedCurrency": "USD",
    "cik": "0000354190",
    "fillingDate": "1998-04-29",
    "acceptedDate": "1998-04-29 00:00:00",
    "calendarYear": "1998",
    "period": "Q1",
    "revenue": 119000000,
    "costOfRevenue": 37300000,
    "grossProfit": 81700000,
    "grossProfitRatio": 0.6865546218,
    "researchAndDevelopmentExpenses": 0,
    "generalAndAdministrativeExpenses": 0,
    "sellingAndMarketingExpenses": 0,
    "sellingGeneralAndAdministrativeExpenses": 68500000,
    "otherExpenses": 3000000,
    "operatingExpenses": 71500000,
    "costAndExpenses": 108800000,
    "interestIncome": 0,
    "interestExpense": 0,
    "depreciationAndAmortization": 3000000,
    "ebitda": 13200000,
    "ebitdaratio": 0.1109243697,
    "operatingIncome": 10200000,
    "operatingIncomeRatio": 0.0857142857,
    "totalOtherIncomeExpensesNet": 7200000,
    "incomeBeforeTax": 17400000,
    "incomeBeforeTaxRatio": 0.1462184874,
    "incomeTaxExpense": 5700000,
    "netIncome": 11700000,
    "netIncomeRatio": 0.0983193277,
    "eps": 0.17,
    "epsdiluted": 0.17,
    "weightedAverageShsOut": 68823529,
    "weightedAverageShsOutDil": 68823529,
    "link": "https://www.sec.gov/Archives/edgar/data/354190/000095013198002859/0000950131-98-002859-index.htm",
    "finalLink": "https://www.sec.gov/Archives/edgar/data/354190/0000950131-98-002859.txt"
  },
  {
    "date": "1997-12-31",
    "symbol": "AJG",
    "reportedCurrency": "USD",
    "cik": "0000354190",
    "fillingDate": "1998-02-27",
    "acceptedDate": "1998-02-27 00:00:00",
    "calendarYear": "1997",
    "period": "Q4",
    "revenue": 122500000,
    "costOfRevenue": 40100000,
    "grossProfit": 82400000,
    "grossProfitRatio": 0.6726530612,
    "researchAndDevelopmentExpenses": 0,
    "generalAndAdministrativeExpenses": 0,
    "sellingAndMarketingExpenses": 0,
    "sellingGeneralAndAdministrativeExpenses": 67200000,
    "otherExpenses": 3100000,
    "operatingExpenses": 70300000,
    "costAndExpenses": 110400000,
    "interestIncome": 0,
    "interestExpense": 0,
    "depreciationAndAmortization": 3100000,
    "ebitda": 15200000,
    "ebitdaratio": 0.1240816327,
    "operatingIncome": 12100000,
    "operatingIncomeRatio": 0.0987755102,
    "totalOtherIncomeExpensesNet": 7200000,
    "incomeBeforeTax": 19300000,
    "incomeBeforeTaxRatio": 0.1575510204,
    "incomeTaxExpense": 6600000,
    "netIncome": 12700000,
    "netIncomeRatio": 0.1036734694,
    "eps": 0.2,
    "epsdiluted": 0.18,
    "weightedAverageShsOut": 64705882,
    "weightedAverageShsOutDil": 68750000,
    "link": "https://www.sec.gov/Archives/edgar/data/354190/000095013198001419/0000950131-98-001419-index.html",
    "finalLink": "https://www.sec.gov/Archives/edgar/data/354190/"
  },
  {
    "date": "1997-09-30",
    "symbol": "AJG",
    "reportedCurrency": "USD",
    "cik": "0000354190",
    "fillingDate": "1997-11-07",
    "acceptedDate": "1997-11-07 00:00:00",
    "calendarYear": "1997",
    "period": "Q3",
    "revenue": 120800000,
    "costOfRevenue": 36000000,
    "grossProfit": 84800000,
    "grossProfitRatio": 0.701986755,
    "researchAndDevelopmentExpenses": 0,
    "generalAndAdministrativeExpenses": 0,
    "sellingAndMarketingExpenses": 0,
    "sellingGeneralAndAdministrativeExpenses": 63500000,
    "otherExpenses": 2700000,
    "operatingExpenses": 66200000,
    "costAndExpenses": 102200000,
    "interestIncome": 0,
    "interestExpense": 0,
    "depreciationAndAmortization": 2700000,
    "ebitda": 21300000,
    "ebitdaratio": 0.1763245033,
    "operatingIncome": 18600000,
    "operatingIncomeRatio": 0.1539735099,
    "totalOtherIncomeExpensesNet": 9600000,
    "incomeBeforeTax": 28200000,
    "incomeBeforeTaxRatio": 0.2334437086,
    "incomeTaxExpense": 9600000,
    "netIncome": 18600000,
    "netIncomeRatio": 0.1539735099,
    "eps": 0.29,
    "epsdiluted": 0.27,
    "weightedAverageShsOut": 64137931,
    "weightedAverageShsOutDil": 68888889,
    "link": "https://www.sec.gov/Archives/edgar/data/354190/000095013197006562/0000950131-97-006562-index.htm",
    "finalLink": "https://www.sec.gov/Archives/edgar/data/354190/0000950131-97-006562.txt"
  },
  {
    "date": "1997-06-30",
    "symbol": "AJG",
    "reportedCurrency": "USD",
    "cik": "0000354190",
    "fillingDate": "1997-08-01",
    "acceptedDate": "1997-08-01 00:00:00",
    "calendarYear": "1997",
    "period": "Q2",
    "revenue": 106600000,
    "costOfRevenue": 36500000,
    "grossProfit": 70100000,
    "grossProfitRatio": 0.6575984991,
    "researchAndDevelopmentExpenses": 0,
    "generalAndAdministrativeExpenses": 0,
    "sellingAndMarketingExpenses": 0,
    "sellingGeneralAndAdministrativeExpenses": 58000000,
    "otherExpenses": 2700000,
    "operatingExpenses": 60700000,
    "costAndExpenses": 97200000,
    "interestIncome": 0,
    "interestExpense": 0,
    "depreciationAndAmortization": 2700000,
    "ebitda": 12100000,
    "ebitdaratio": 0.1135084428,
    "operatingIncome": 9400000,
    "operatingIncomeRatio": 0.0881801126,
    "totalOtherIncomeExpensesNet": 10000000,
    "incomeBeforeTax": 19400000,
    "incomeBeforeTaxRatio": 0.181988743,
    "incomeTaxExpense": 6600000,
    "netIncome": 12800000,
    "netIncomeRatio": 0.1200750469,
    "eps": 0.2,
    "epsdiluted": 0.19,
    "weightedAverageShsOut": 64000000,
    "weightedAverageShsOutDil": 67368421,
    "link": "https://www.sec.gov/Archives/edgar/data/354190/000095013197004719/0000950131-97-004719-index.htm",
    "finalLink": "https://www.sec.gov/Archives/edgar/data/354190/0000950131-97-004719.txt"
  },
  {
    "date": "1997-03-31",
    "symbol": "AJG",
    "reportedCurrency": "USD",
    "cik": "0000354190",
    "fillingDate": "1997-05-05",
    "acceptedDate": "1997-05-05 00:00:00",
    "calendarYear": "1997",
    "period": "Q1",
    "revenue": 105100000,
    "costOfRevenue": 33700000,
    "grossProfit": 71400000,
    "grossProfitRatio": 0.6793529971,
    "researchAndDevelopmentExpenses": 0,
    "generalAndAdministrativeExpenses": 0,
    "sellingAndMarketingExpenses": 0,
    "sellingGeneralAndAdministrativeExpenses": 61200000,
    "otherExpenses": 2600000,
    "operatingExpenses": 63800000,
    "costAndExpenses": 97500000,
    "interestIncome": 0,
    "interestExpense": 0,
    "depreciationAndAmortization": 2600000,
    "ebitda": 10200000,
    "ebitdaratio": 0.0970504282,
    "operatingIncome": 7600000,
    "operatingIncomeRatio": 0.0723120837,
    "totalOtherIncomeExpensesNet": 6400000,
    "incomeBeforeTax": 14000000,
    "incomeBeforeTaxRatio": 0.13320647,
    "incomeTaxExpense": 4800000,
    "netIncome": 9200000,
    "netIncomeRatio": 0.0875356803,
    "eps": 0.14,
    "epsdiluted": 0.14,
    "weightedAverageShsOut": 65714286,
    "weightedAverageShsOutDil": 65714286,
    "link": "https://www.sec.gov/Archives/edgar/data/354190/000095013197003059/0000950131-97-003059-index.html",
    "finalLink": "https://www.sec.gov/Archives/edgar/data/354190/"
  },
  {
    "date": "1996-12-31",
    "symbol": "AJG",
    "reportedCurrency": "USD",
    "cik": "0000354190",
    "fillingDate": "1997-03-21",
    "acceptedDate": "1997-03-21 00:00:00",
    "calendarYear": "1996",
    "period": "Q4",
    "revenue": 119600000,
    "costOfRevenue": 38400000,
    "grossProfit": 81200000,
    "grossProfitRatio": 0.6789297659,
    "researchAndDevelopmentExpenses": 0,
    "generalAndAdministrativeExpenses": 0,
    "sellingAndMarketingExpenses": 0,
    "sellingGeneralAndAdministrativeExpenses": 61800000,
    "otherExpenses": 2500000,
    "operatingExpenses": 64300000,
    "costAndExpenses": 102700000,
    "interestIncome": 0,
    "interestExpense": 0,
    "depreciationAndAmortization": 2500000,
    "ebitda": 19400000,
    "ebitdaratio": 0.1622073579,
    "operatingIncome": 16900000,
    "operatingIncomeRatio": 0.1413043478,
    "totalOtherIncomeExpensesNet": 100000,
    "incomeBeforeTax": 17000000,
    "incomeBeforeTaxRatio": 0.1421404682,
    "incomeTaxExpense": 5700000,
    "netIncome": 11300000,
    "netIncomeRatio": 0.0944816054,
    "eps": 0.17,
    "epsdiluted": 0.17,
    "weightedAverageShsOut": 65714286,
    "weightedAverageShsOutDil": 65714286,
    "link": "https://www.sec.gov/Archives/edgar/data/354190/000095013197001973/0000950131-97-001973-index.html",
    "finalLink": "https://www.sec.gov/Archives/edgar/data/354190/"
  },
  {
    "date": "1996-09-30",
    "symbol": "AJG",
    "reportedCurrency": "USD",
    "cik": "0000354190",
    "fillingDate": "1996-11-12",
    "acceptedDate": "1996-11-12 00:00:00",
    "calendarYear": "1996",
    "period": "Q3",
    "revenue": 121700000,
    "costOfRevenue": 33700000,
    "grossProfit": 88000000,
    "grossProfitRatio": 0.7230895645,
    "researchAndDevelopmentExpenses": 0,
    "generalAndAdministrativeExpenses": 0,
    "sellingAndMarketingExpenses": 0,
    "sellingGeneralAndAdministrativeExpenses": 60000000,
    "otherExpenses": 2500000,
    "operatingExpenses": 62500000,
    "costAndExpenses": 96200000,
    "interestIncome": 0,
    "interestExpense": 0,
    "depreciationAndAmortization": 1900000,
    "ebitda": 28000000,
    "ebitdaratio": 0.2300739523,
    "operatingIncome": 25500000,
    "operatingIncomeRatio": 0.2095316352,
    "totalOtherIncomeExpensesNet": 100000,
    "incomeBeforeTax": 25600000,
    "incomeBeforeTaxRatio": 0.2103533279,
    "incomeTaxExpense": 7500000,
    "netIncome": 18100000,
    "netIncomeRatio": 0.1487263763,
    "eps": 0.27,
    "epsdiluted": 0.26,
    "weightedAverageShsOut": 67037037,
    "weightedAverageShsOutDil": 69615385,
    "link": "https://www.sec.gov/Archives/edgar/data/354190/000095013196005648/0000950131-96-005648-index.html",
    "finalLink": "https://www.sec.gov/Archives/edgar/data/354190/"
  },
  {
    "date": "1996-06-30",
    "symbol": "AJG",
    "reportedCurrency": "USD",
    "cik": "0000354190",
    "fillingDate": "1996-07-31",
    "acceptedDate": "1996-07-31 00:00:00",
    "calendarYear": "1996",
    "period": "Q2",
    "revenue": 103500000,
    "costOfRevenue": 34600000,
    "grossProfit": 68900000,
    "grossProfitRatio": 0.6657004831,
    "researchAndDevelopmentExpenses": 0,
    "generalAndAdministrativeExpenses": 0,
    "sellingAndMarketingExpenses": 0,
    "sellingGeneralAndAdministrativeExpenses": 61100000,
    "otherExpenses": 2600000,
    "operatingExpenses": 63700000,
    "costAndExpenses": 98300000,
    "interestIncome": 0,
    "interestExpense": 0,
    "depreciationAndAmortization": 3200000,
    "ebitda": 8400000,
    "ebitdaratio": 0.0811594203,
    "operatingIncome": 5200000,
    "operatingIncomeRatio": 0.0502415459,
    "totalOtherIncomeExpensesNet": 6400000,
    "incomeBeforeTax": 11600000,
    "incomeBeforeTaxRatio": 0.1120772947,
    "incomeTaxExpense": 4600000,
    "netIncome": 7000000,
    "netIncomeRatio": 0.0676328502,
    "eps": 0.1,
    "epsdiluted": 0.1,
    "weightedAverageShsOut": 70000000,
    "weightedAverageShsOutDil": 70000000,
    "link": "https://www.sec.gov/Archives/edgar/data/354190/000095013196003539/0000950131-96-003539-index.html",
    "finalLink": "https://www.sec.gov/Archives/edgar/data/354190/"
  },
  {
    "date": "1996-03-31",
    "symbol": "AJG",
    "reportedCurrency": "USD",
    "cik": "0000354190",
    "fillingDate": "1996-04-29",
    "acceptedDate": "1996-04-29 00:00:00",
    "calendarYear": "1996",
    "period": "Q1",
    "revenue": 100700000,
    "costOfRevenue": 30700000,
    "grossProfit": 70000000,
    "grossProfitRatio": 0.6951340616,
    "researchAndDevelopmentExpenses": 0,
    "generalAndAdministrativeExpenses": 0,
    "sellingAndMarketingExpenses": 0,
    "sellingGeneralAndAdministrativeExpenses": 55400000,
    "otherExpenses": 2200000,
    "operatingExpenses": 57600000,
    "costAndExpenses": 88300000,
    "interestIncome": 0,
    "interestExpense": 0,
    "depreciationAndAmortization": 2200000,
    "ebitda": 14600000,
    "ebitdaratio": 0.1449851043,
    "operatingIncome": 12400000,
    "operatingIncomeRatio": 0.1231380338,
    "totalOtherIncomeExpensesNet": 0,
    "incomeBeforeTax": 12400000,
    "incomeBeforeTaxRatio": 0.1231380338,
    "incomeTaxExpense": 4200000,
    "netIncome": 8200000,
    "netIncomeRatio": 0.0814299901,
    "eps": 0.13,
    "epsdiluted": 0.13,
    "weightedAverageShsOut": 63076923,
    "weightedAverageShsOutDil": 63076923,
    "link": "https://www.sec.gov/Archives/edgar/data/354190/000095013196001740/0000950131-96-001740-index.htm",
    "finalLink": "https://www.sec.gov/Archives/edgar/data/354190/0000950131-96-001740.txt"
  },
  {
    "date": "1995-12-31",
    "symbol": "AJG",
    "reportedCurrency": "USD",
    "cik": "0000354190",
    "fillingDate": "1996-03-04",
    "acceptedDate": "1996-03-04 00:00:00",
    "calendarYear": "1995",
    "period": "Q4",
    "revenue": 110900000,
    "costOfRevenue": 32200000,
    "grossProfit": 78700000,
    "grossProfitRatio": 0.7096483318,
    "researchAndDevelopmentExpenses": 0,
    "generalAndAdministrativeExpenses": 0,
    "sellingAndMarketingExpenses": 0,
    "sellingGeneralAndAdministrativeExpenses": 56800000,
    "otherExpenses": 2000000,
    "operatingExpenses": 58800000,
    "costAndExpenses": 91000000,
    "interestIncome": 0,
    "interestExpense": 0,
    "depreciationAndAmortization": 2000000,
    "ebitda": 21900000,
    "ebitdaratio": 0.1974752029,
    "operatingIncome": 19900000,
    "operatingIncomeRatio": 0.1794409378,
    "totalOtherIncomeExpensesNet": 100000,
    "incomeBeforeTax": 20000000,
    "incomeBeforeTaxRatio": 0.180342651,
    "incomeTaxExpense": 6400000,
    "netIncome": 13600000,
    "netIncomeRatio": 0.1226330027,
    "eps": 0.22,
    "epsdiluted": 0.22,
    "weightedAverageShsOut": 63076923,
    "weightedAverageShsOutDil": 63076923,
    "link": "https://www.sec.gov/Archives/edgar/data/354190/000095013196000860/0000950131-96-000860-index.htm",
    "finalLink": "https://www.sec.gov/Archives/edgar/data/354190/0000950131-96-000860.txt"
  },
  {
    "date": "1995-09-30",
    "symbol": "AJG",
    "reportedCurrency": "USD",
    "cik": "0000354190",
    "fillingDate": "1995-11-06",
    "acceptedDate": "1995-11-06 00:00:00",
    "calendarYear": "1995",
    "period": "Q3",
    "revenue": 110600000,
    "costOfRevenue": 30600000,
    "grossProfit": 80000000,
    "grossProfitRatio": 0.7233273056,
    "researchAndDevelopmentExpenses": 0,
    "generalAndAdministrativeExpenses": 0,
    "sellingAndMarketingExpenses": 0,
    "sellingGeneralAndAdministrativeExpenses": 54200000,
    "otherExpenses": 2200000,
    "operatingExpenses": 56400000,
    "costAndExpenses": 87000000,
    "interestIncome": 0,
    "interestExpense": 0,
    "depreciationAndAmortization": 2200000,
    "ebitda": 25800000,
    "ebitdaratio": 0.2332730561,
    "operatingIncome": 23600000,
    "operatingIncomeRatio": 0.2133815552,
    "totalOtherIncomeExpensesNet": 100000,
    "incomeBeforeTax": 23700000,
    "incomeBeforeTaxRatio": 0.2142857143,
    "incomeTaxExpense": 8300000,
    "netIncome": 15400000,
    "netIncomeRatio": 0.1392405063,
    "eps": 0.24,
    "epsdiluted": 0.24,
    "weightedAverageShsOut": 64166667,
    "weightedAverageShsOutDil": 64166667,
    "link": "https://www.sec.gov/Archives/edgar/data/354190/000095013195003060/0000950131-95-003060-index.html",
    "finalLink": "https://www.sec.gov/Archives/edgar/data/354190/"
  }
]