[
  {
    "date": "2024-12-31",
    "symbol": "AJG",
    "reportedCurrency": "USD",
    "cik": "0000354190",
    "fillingDate": "2025-02-18",
    "acceptedDate": "2025-02-18 06:04:58",
    "calendarYear": "2024",
    "period": "FY",
    "revenue": 11554900000,
    "costOfRevenue": 6676600000,
    "grossProfit": 4878300000,
    "grossProfitRatio": 0.4221845278,
    "researchAndDevelopmentExpenses": 0,
    "generalAndAdministrativeExpenses": 6522300000,
    "sellingAndMarketingExpenses": 0,
    "sellingGeneralAndAdministrativeExpenses": 6522300000,
    "otherExpenses": -3926100000,
    "operatingExpenses": 2596200000,
    "costAndExpenses": 9272800000,
    "interestIncome": 0,
    "interestExpense": 381300000,
    "depreciationAndAmortization": 842300000,
    "ebitda": 3098400000,
    "ebitdaratio": 0.2681459814,
    "operatingIncome": 2282100000,
    "operatingIncomeRatio": 0.1975006274,
    "totalOtherIncomeExpensesNet": -407300000,
    "incomeBeforeTax": 1874800000,
    "incomeBeforeTaxRatio": 0.1622515123,
    "incomeTaxExpense": 404400000,
    "netIncome": 1462700000,
    "netIncomeRatio": 0.1265869891,
    "eps": 6.63,
    "epsdiluted": 6.53,
    "weightedAverageShsOut": 220500000,
    "weightedAverageShsOutDil": 223900000,
    "link": "https://www.sec.gov/Archives/edgar/data/354190/000095017025021775/0000950170-25-021775-index.htm",
    "finalLink": "https://www.sec.gov/Archives/edgar/data/354190/000095017025021775/ajg-20241231.htm"
  },
  {
    "date": "2023-12-31",
    "symbol": "AJG",
    "reportedCurrency": "USD",
    "cik": "0000354190",
    "fillingDate": "2024-02-09",
    "acceptedDate": "2024-02-09 17:08:03",
    "calendarYear": "2023",
    "period": "FY",
    "revenue": 10071900000,
    "costOfRevenue": 5826600000,
    "grossProfit": 4245300000,
    "grossProfitRatio": 0.4214994192,
    "researchAndDevelopmentExpenses": 0,
    "generalAndAdministrativeExpenses": 5681200000,
    "sellingAndMarketingExpenses": 0,
    "sellingGeneralAndAdministrativeExpenses": 5681200000,
    "otherExpenses": -3295000000,
    "operatingExpenses": 2386200000,
    "costAndExpenses": 8212800000,
    "interestIncome": 0,
    "interestExpense": 296700000,
    "depreciationAndAmortization": 696500000,
    "ebitda": 2178300000,
    "ebitdaratio": 0.2162749829,
    "operatingIncome": 1859100000,
    "operatingIncomeRatio": 0.1845828493,
    "totalOtherIncomeExpensesNet": -674000000,
    "incomeBeforeTax": 1185100000,
    "incomeBeforeTaxRatio": 0.1176639959,
    "incomeTaxExpense": 219100000,
    "netIncome": 969500000,
    "netIncomeRatio": 0.0962579057,
    "eps": 4.51,
    "epsdiluted": 4.42,
    "weightedAverageShsOut": 214900000,
    "weightedAverageShsOutDil": 219300000,
    "link": "https://www.sec.gov/Archives/edgar/data/354190/000095017024013370/0000950170-24-013370-index.htm",
    "finalLink": "https://www.sec.gov/Archives/edgar/data/354190/000095017024013370/ajg-20231231.htm"
  },
  {
    "date": "2022-12-31",
    "symbol": "AJG",
    "reportedCurrency": "USD",
    "cik": "0000354190",
    "fillingDate": "2023-02-10",
    "acceptedDate": "2023-02-10 15:16:33",
    "calendarYear": "2022",
    "period": "FY",
    "revenue": 8550600000,
    "costOfRevenue": 4953200000,
    "grossProfit": 3597400000,
    "grossProfitRatio": 0.4207190139,
    "researchAndDevelopmentExpenses": 0,
    "generalAndAdministrativeExpenses": 4799800000,
    "sellingAndMarketingExpenses": 0,
    "sellingGeneralAndAdministrativeExpenses": 4799800000,
    "otherExpenses": -2869300000,
    "operatingExpenses": 1930500000,
    "costAndExpenses": 6883700000,
    "interestIncome": 0,
    "interestExpense": 256900000,
    "depreciationAndAmortization": 599600000,
    "ebitda": 2183500000,
    "ebitdaratio": 0.2553621968,
    "operatingIncome": 1666900000,
    "operatingIncomeRatio": 0.1949453839,
    "totalOtherIncomeExpensesNet": -339900000,
    "incomeBeforeTax": 1327000000,
    "incomeBeforeTaxRatio": 0.1551937876,
    "incomeTaxExpense": 211000000,
    "netIncome": 1114200000,
    "netIncomeRatio": 0.1303066451,
    "eps": 5.3,
    "epsdiluted": 5.19,
    "weightedAverageShsOut": 210300000,
    "weightedAverageShsOutDil": 214700000,
    "link": "https://www.sec.gov/Archives/edgar/data/354190/000095017023002456/0000950170-23-002456-index.htm",
    "finalLink": "https://www.sec.gov/Archives/edgar/data/354190/000095017023002456/ajg-20221231.htm"
  },
  {
    "date": "2021-12-31",
    "symbol": "AJG",
    "reportedCurrency": "USD",
    "cik": "0000354190",
    "fillingDate": "2022-02-18",
    "acceptedDate": "2022-02-18 16:59:42",
    "calendarYear": "2021",
    "period": "FY",
    "revenue": 8209400000,
    "costOfRevenue": 5233700000,
    "grossProfit": 2975700000,
    "grossProfitRatio": 0.3624747241,
    "researchAndDevelopmentExpenses": 0,
    "generalAndAdministrativeExpenses": 3927500000,
    "sellingAndMarketingExpenses": 0,
    "sellingGeneralAndAdministrativeExpenses": 3927500000,
    "otherExpenses": -2288800000,
    "operatingExpenses": 1638700000,
    "costAndExpenses": 6872400000,
    "interestIncome": 0,
    "interestExpense": 226100000,
    "depreciationAndAmortization": 566300000,
    "ebitda": 1767500000,
    "ebitdaratio": 0.2153019709,
    "operatingIncome": 1337000000,
    "operatingIncomeRatio": 0.1628620849,
    "totalOtherIncomeExpensesNet": -361900000,
    "incomeBeforeTax": 975100000,
    "incomeBeforeTaxRatio": 0.1187784735,
    "incomeTaxExpense": 20100000,
    "netIncome": 906800000,
    "netIncomeRatio": 0.1104587424,
    "eps": 4.47,
    "epsdiluted": 4.37,
    "weightedAverageShsOut": 202700000,
    "weightedAverageShsOutDil": 207300000,
    "link": "https://www.sec.gov/Archives/edgar/data/354190/000156459022005714/0001564590-22-005714-index.htm",
    "finalLink": "https://www.sec.gov/Archives/edgar/data/354190/000156459022005714/ajg-10k_20211231.htm"
  },
  {
    "date": "2020-12-31",
    "symbol": "AJG",
    "reportedCurrency": "USD",
    "cik": "0000354190",
    "fillingDate": "2021-02-08",
    "acceptedDate": "2021-02-05 17:42:30",
    "calendarYear": "2020",
    "period": "FY",
    "revenue": 7009400000,
    "costOfRevenue": 4500300000,
    "grossProfit": 2509100000,
    "grossProfitRatio": 0.3579621651,
    "researchAndDevelopmentExpenses": 0,
    "generalAndAdministrativeExpenses": 3466500000,
    "sellingAndMarketingExpenses": 0,
    "sellingGeneralAndAdministrativeExpenses": 3466500000,
    "otherExpenses": -1997600000,
    "operatingExpenses": 1468900000,
    "costAndExpenses": 5969200000,
    "interestIncome": 0,
    "interestExpense": 196400000,
    "depreciationAndAmortization": 562400000,
    "ebitda": 1629700000,
    "ebitdaratio": 0.2325020687,
    "operatingIncome": 1040200000,
    "operatingIncomeRatio": 0.148400719,
    "totalOtherIncomeExpensesNet": -169300000,
    "incomeBeforeTax": 870900000,
    "incomeBeforeTaxRatio": 0.1242474392,
    "incomeTaxExpense": 12800000,
    "netIncome": 818800000,
    "netIncomeRatio": 0.1168145633,
    "eps": 4.29,
    "epsdiluted": 4.2,
    "weightedAverageShsOut": 191000000,
    "weightedAverageShsOutDil": 195000000,
    "link": "https://www.sec.gov/Archives/edgar/data/354190/000156459021004555/0001564590-21-004555-index.htm",
    "finalLink": "https://www.sec.gov/Archives/edgar/data/354190/000156459021004555/ajg-10k_20201231.htm"
  },
  {
    "date": "2019-12-31",
    "symbol": "AJG",
    "reportedCurrency": "USD",
    "cik": "0000354190",
    "fillingDate": "2020-02-07",
    "acceptedDate": "2020-02-07 16:20:36",
    "calendarYear": "2019",
    "period": "FY",
    "revenue": 7119700000,
    "costOfRevenue": 4830900000,
    "grossProfit": 2288800000,
    "grossProfitRatio": 0.3214742194,
    "researchAndDevelopmentExpenses": 0,
    "generalAndAdministrativeExpenses": 3339500000,
    "sellingAndMarketingExpenses": 0,
    "sellingGeneralAndAdministrativeExpenses": 3339500000,
    "otherExpenses": -1796600000,
    "operatingExpenses": 1542900000,
    "costAndExpenses": 6373800000,
    "interestIncome": 0,
    "interestExpense": 179800000,
    "depreciationAndAmortization": 474400000,
    "ebitda": 1280300000,
    "ebitdaratio": 0.1798249926,
    "operatingIncome": 745900000,
    "operatingIncomeRatio": 0.1047656502,
    "totalOtherIncomeExpensesNet": -119800000,
    "incomeBeforeTax": 626100000,
    "incomeBeforeTaxRatio": 0.0879390986,
    "incomeTaxExpense": -89700000,
    "netIncome": 668800000,
    "netIncomeRatio": 0.0939365423,
    "eps": 3.6,
    "epsdiluted": 3.52,
    "weightedAverageShsOut": 186000000,
    "weightedAverageShsOutDil": 190100000,
    "link": "https://www.sec.gov/Archives/edgar/data/354190/000119312520028191/0001193125-20-028191-index.htm",
    "finalLink": "https://www.sec.gov/Archives/edgar/data/354190/000119312520028191/d879025d10k.htm"
  },
  {
    "date": "2018-12-31",
    "symbol": "AJG",
    "reportedCurrency": "USD",
    "cik": "0000354190",
    "fillingDate": "2019-02-08",
    "acceptedDate": "2019-02-08 16:36:10",
    "calendarYear": "2018",
    "period": "FY",
    "revenue": 6923800000,
    "costOfRevenue": 4983900000,
    "grossProfit": 1939900000,
    "grossProfitRatio": 0.2801785147,
    "researchAndDevelopmentExpenses": 0,
    "generalAndAdministrativeExpenses": 3026300000,
    "sellingAndMarketingExpenses": 0,
    "sellingGeneralAndAdministrativeExpenses": 3026300000,
    "otherExpenses": -1703600000,
    "operatingExpenses": 1322700000,
    "costAndExpenses": 6306600000,
    "interestIncome": 0,
    "interestExpense": 138400000,
    "depreciationAndAmortization": 419000000,
    "ebitda": 1036800000,
    "ebitdaratio": 0.14974436,
    "operatingIncome": 617200000,
    "operatingIncomeRatio": 0.0891418007,
    "totalOtherIncomeExpensesNet": -137800000,
    "incomeBeforeTax": 479400000,
    "incomeBeforeTaxRatio": 0.069239435,
    "incomeTaxExpense": -196500000,
    "netIncome": 633500000,
    "netIncomeRatio": 0.0914959993,
    "eps": 3.47,
    "epsdiluted": 3.4,
    "weightedAverageShsOut": 182740000,
    "weightedAverageShsOutDil": 186164000,
    "link": "https://www.sec.gov/Archives/edgar/data/354190/000119312519032304/0001193125-19-032304-index.htm",
    "finalLink": "https://www.sec.gov/Archives/edgar/data/354190/000119312519032304/d618065d10k.htm"
  },
  {
    "date": "2017-12-31",
    "symbol": "AJG",
    "reportedCurrency": "USD",
    "cik": "0000354190",
    "fillingDate": "2018-02-12",
    "acceptedDate": "2018-02-09 17:42:22",
    "calendarYear": "2017",
    "period": "FY",
    "revenue": 6245600000,
    "costOfRevenue": 4519300000,
    "grossProfit": 1726300000,
    "grossProfitRatio": 0.2764025874,
    "researchAndDevelopmentExpenses": 0,
    "generalAndAdministrativeExpenses": 2752300000,
    "sellingAndMarketingExpenses": 0,
    "sellingGeneralAndAdministrativeExpenses": 2752300000,
    "otherExpenses": -1537400000,
    "operatingExpenses": 1214900000,
    "costAndExpenses": 5734200000,
    "interestIncome": 0,
    "interestExpense": 124100000,
    "depreciationAndAmortization": 385800000,
    "ebitda": 869700000,
    "ebitdaratio": 0.139250032,
    "operatingIncome": 511400000,
    "operatingIncomeRatio": 0.0818816447,
    "totalOtherIncomeExpensesNet": -151600000,
    "incomeBeforeTax": 359800000,
    "incomeBeforeTaxRatio": 0.0576085564,
    "incomeTaxExpense": -157100000,
    "netIncome": 481300000,
    "netIncomeRatio": 0.0770622518,
    "eps": 2.57,
    "epsdiluted": 2.54,
    "weightedAverageShsOut": 180074000,
    "weightedAverageShsOutDil": 182115000,
    "link": "https://www.sec.gov/Archives/edgar/data/354190/000119312518038261/0001193125-18-038261-index.htm",
    "finalLink": "https://www.sec.gov/Archives/edgar/data/354190/000119312518038261/d486069d10k.htm"
  },
  {
    "date": "2016-12-31",
    "symbol": "AJG",
    "reportedCurrency": "USD",
    "cik": "0000354190",
    "fillingDate": "2017-02-13",
    "acceptedDate": "2017-02-10 17:54:38",
    "calendarYear": "2016",
    "period": "FY",
    "revenue": 5680500000,
    "costOfRevenue": 4077900000,
    "grossProfit": 1602600000,
    "grossProfitRatio": 0.2821230525,
    "researchAndDevelopmentExpenses": 0,
    "generalAndAdministrativeExpenses": 2538900000,
    "sellingAndMarketingExpenses": 0,
    "sellingGeneralAndAdministrativeExpenses": 2538900000,
    "otherExpenses": -1411800000,
    "operatingExpenses": 1127100000,
    "costAndExpenses": 5205000000,
    "interestIncome": 0,
    "interestExpense": 109800000,
    "depreciationAndAmortization": 350800000,
    "ebitda": 794200000,
    "ebitdaratio": 0.1398116363,
    "operatingIncome": 475500000,
    "operatingIncomeRatio": 0.0837074201,
    "totalOtherIncomeExpensesNet": -141900000,
    "incomeBeforeTax": 333600000,
    "incomeBeforeTaxRatio": 0.0587272247,
    "incomeTaxExpense": -96700000,
    "netIncome": 396800000,
    "netIncomeRatio": 0.0698530059,
    "eps": 2.33,
    "epsdiluted": 2.32,
    "weightedAverageShsOut": 177560000,
    "weightedAverageShsOutDil": 178387000,
    "link": "https://www.sec.gov/Archives/edgar/data/354190/000119312517038619/0001193125-17-038619-index.htm",
    "finalLink": "https://www.sec.gov/Archives/edgar/data/354190/000119312517038619/d314580d10k.htm"
  },
  {
    "date": "2015-12-31",
    "symbol": "AJG",
    "reportedCurrency": "USD",
    "cik": "0000354190",
    "fillingDate": "2016-02-10",
    "acceptedDate": "2016-02-10 17:02:26",
    "calendarYear": "2015",
    "period": "FY",
    "revenue": 5392400000,
    "costOfRevenue": 3780400000,
    "grossProfit": 1612000000,
    "grossProfitRatio": 0.2989392478,
    "researchAndDevelopmentExpenses": 0,
    "generalAndAdministrativeExpenses": 2428900000,
    "sellingAndMarketingExpenses": 0,
    "sellingGeneralAndAdministrativeExpenses": 2428900000,
    "otherExpenses": -1254000000,
    "operatingExpenses": 1174900000,
    "costAndExpenses": 4955300000,
    "interestIncome": 0,
    "interestExpense": 103000000,
    "depreciationAndAmortization": 334200000,
    "ebitda": 730700000,
    "ebitdaratio": 0.1355055263,
    "operatingIncome": 437100000,
    "operatingIncomeRatio": 0.0810585268,
    "totalOtherIncomeExpensesNet": -143600000,
    "incomeBeforeTax": 293500000,
    "incomeBeforeTaxRatio": 0.0544284549,
    "incomeTaxExpense": -95600000,
    "netIncome": 356800000,
    "netIncomeRatio": 0.0661671983,
    "eps": 2.07,
    "epsdiluted": 2.06,
    "weightedAverageShsOut": 172239000,
    "weightedAverageShsOutDil": 173215000,
    "link": "https://www.sec.gov/Archives/edgar/data/354190/000119312516457703/0001193125-16-457703-index.htm",
    "finalLink": "https://www.sec.gov/Archives/edgar/data/354190/000119312516457703/d118346d10k.htm"
  },
  {
    "date": "2014-12-31",
    "symbol": "AJG",
    "reportedCurrency": "USD",
    "cik": "0000354190",
    "fillingDate": "2015-02-13",
    "acceptedDate": "2015-02-12 18:52:49",
    "calendarYear": "2014",
    "period": "FY",
    "revenue": 4626500000,
    "costOfRevenue": 3226500000,
    "grossProfit": 1400000000,
    "grossProfitRatio": 0.3026045607,
    "researchAndDevelopmentExpenses": 0,
    "generalAndAdministrativeExpenses": 2167600000,
    "sellingAndMarketingExpenses": 0,
    "sellingGeneralAndAdministrativeExpenses": 2167600000,
    "otherExpenses": -1165600000,
    "operatingExpenses": 1002000000,
    "costAndExpenses": 4228500000,
    "interestIncome": 0,
    "interestExpense": 89000000,
    "depreciationAndAmortization": 258900000,
    "ebitda": 639400000,
    "ebitdaratio": 0.1382038258,
    "operatingIncome": 398000000,
    "operatingIncomeRatio": 0.0860261537,
    "totalOtherIncomeExpensesNet": -106500000,
    "incomeBeforeTax": 291500000,
    "incomeBeforeTaxRatio": 0.0630065925,
    "incomeTaxExpense": -36000000,
    "netIncome": 303400000,
    "netIncomeRatio": 0.0655787312,
    "eps": 1.97,
    "epsdiluted": 1.97,
    "weightedAverageShsOut": 152854000,
    "weightedAverageShsOutDil": 154259000,
    "link": "https://www.sec.gov/Archives/edgar/data/354190/000119312515047308/0001193125-15-047308-index.htm",
    "finalLink": "https://www.sec.gov/Archives/edgar/data/354190/000119312515047308/d853008d10k.htm"
  },
  {
    "date": "2013-12-31",
    "symbol": "AJG",
    "reportedCurrency": "USD",
    "cik": "0000354190",
    "fillingDate": "2014-02-07",
    "acceptedDate": "2014-02-07 16:39:18",
    "calendarYear": "2013",
    "period": "FY",
    "revenue": 3179600000,
    "costOfRevenue": 2122300000,
    "grossProfit": 1057300000,
    "grossProfitRatio": 0.3325261039,
    "researchAndDevelopmentExpenses": 0,
    "generalAndAdministrativeExpenses": 1685000000,
    "sellingAndMarketingExpenses": 0,
    "sellingGeneralAndAdministrativeExpenses": 1685000000,
    "otherExpenses": -970500000,
    "operatingExpenses": 714500000,
    "costAndExpenses": 2836800000,
    "interestIncome": 0,
    "interestExpense": 50100000,
    "depreciationAndAmortization": 178600000,
    "ebitda": 519700000,
    "ebitdaratio": 0.1634482325,
    "operatingIncome": 342800000,
    "operatingIncomeRatio": 0.1078123034,
    "totalOtherIncomeExpensesNet": -51800000,
    "incomeBeforeTax": 291000000,
    "incomeBeforeTaxRatio": 0.091520946,
    "incomeTaxExpense": 6400000,
    "netIncome": 268600000,
    "netIncomeRatio": 0.0844760347,
    "eps": 2.08,
    "epsdiluted": 2.06,
    "weightedAverageShsOut": 128894000,
    "weightedAverageShsOutDil": 130467000,
    "link": "https://www.sec.gov/Archives/edgar/data/354190/000119312514040834/0001193125-14-040834-index.htm",
    "finalLink": "https://www.sec.gov/Archives/edgar/data/354190/000119312514040834/d661245d10k.htm"
  },
  {
    "date": "2012-12-31",
    "symbol": "AJG",
    "reportedCurrency": "USD",
    "cik": "0000354190",
    "fillingDate": "2013-02-08",
    "acceptedDate": "2013-02-08 16:09:24",
    "calendarYear": "2012",
    "period": "FY",
    "revenue": 2520300000,
    "costOfRevenue": 1605000000,
    "grossProfit": 915300000,
    "grossProfitRatio": 0.3631710511,
    "researchAndDevelopmentExpenses": 0,
    "generalAndAdministrativeExpenses": 1493400000,
    "sellingAndMarketingExpenses": 0,
    "sellingGeneralAndAdministrativeExpenses": 1493400000,
    "otherExpenses": -869800000,
    "operatingExpenses": 623600000,
    "costAndExpenses": 2228600000,
    "interestIncome": 0,
    "interestExpense": 43000000,
    "depreciationAndAmortization": 140400000,
    "ebitda": 428700000,
    "ebitdaratio": 0.1700987978,
    "operatingIncome": 291700000,
    "operatingIncomeRatio": 0.1157401897,
    "totalOtherIncomeExpensesNet": -46400000,
    "incomeBeforeTax": 245300000,
    "incomeBeforeTaxRatio": 0.097329683,
    "incomeTaxExpense": 50300000,
    "netIncome": 195000000,
    "netIncomeRatio": 0.0773717415,
    "eps": 1.61,
    "epsdiluted": 1.59,
    "weightedAverageShsOut": 121018000,
    "weightedAverageShsOutDil": 122478000,
    "link": "https://www.sec.gov/Archives/edgar/data/354190/000119312513046126/0001193125-13-046126-index.htm",
    "finalLink": "https://www.sec.gov/Archives/edgar/data/354190/000119312513046126/d460219d10k.htm"
  },
  {
    "date": "2011-12-31",
    "symbol": "AJG",
    "reportedCurrency": "USD",
    "cik": "0000354190",
    "fillingDate": "2012-02-14",
    "acceptedDate": "2012-02-14 17:08:58",
    "calendarYear": "2011",
    "period": "FY",
    "revenue": 2134700000,
    "costOfRevenue": 1358100000,
    "grossProfit": 776600000,
    "grossProfitRatio": 0.3637981918,
    "researchAndDevelopmentExpenses": 0,
    "generalAndAdministrativeExpenses": 1326100000,
    "sellingAndMarketingExpenses": 0,
    "sellingGeneralAndAdministrativeExpenses": 419000000,
    "otherExpenses": 115200000,
    "operatingExpenses": 534200000,
    "costAndExpenses": 1892300000,
    "interestIncome": 0,
    "interestExpense": 40800000,
    "depreciationAndAmortization": 115200000,
    "ebitda": 363800000,
    "ebitdaratio": 0.1704220734,
    "operatingIncome": 242400000,
    "operatingIncomeRatio": 0.1135522556,
    "totalOtherIncomeExpensesNet": -34600000,
    "incomeBeforeTax": 207800000,
    "incomeBeforeTaxRatio": 0.0973438891,
    "incomeTaxExpense": 63700000,
    "netIncome": 144100000,
    "netIncomeRatio": 0.0675036305,
    "eps": 1.28,
    "epsdiluted": 1.28,
    "weightedAverageShsOut": 111667000,
    "weightedAverageShsOutDil": 112465000,
    "link": "https://www.sec.gov/Archives/edgar/data/354190/000119312512061292/0001193125-12-061292-index.htm",
    "finalLink": "https://www.sec.gov/Archives/edgar/data/354190/000119312512061292/d287012d10k.htm"
  },
  {
    "date": "2010-12-31",
    "symbol": "AJG",
    "reportedCurrency": "USD",
    "cik": "0000354190",
    "fillingDate": "2011-02-07",
    "acceptedDate": "2011-02-07 13:16:12",
    "calendarYear": "2010",
    "period": "FY",
    "revenue": 1864200000,
    "costOfRevenue": 1181500000,
    "grossProfit": 682700000,
    "grossProfitRatio": 0.3662160712,
    "researchAndDevelopmentExpenses": 0,
    "generalAndAdministrativeExpenses": 1117500000,
    "sellingAndMarketingExpenses": 0,
    "sellingGeneralAndAdministrativeExpenses": 354600000,
    "otherExpenses": 93100000,
    "operatingExpenses": 447700000,
    "costAndExpenses": 1629200000,
    "interestIncome": 0,
    "interestExpense": 34600000,
    "depreciationAndAmortization": 93100000,
    "ebitda": 330700000,
    "ebitdaratio": 0.1773951293,
    "operatingIncome": 235000000,
    "operatingIncomeRatio": 0.1260594357,
    "totalOtherIncomeExpensesNet": -32000000,
    "incomeBeforeTax": 203000000,
    "incomeBeforeTaxRatio": 0.1088938955,
    "incomeTaxExpense": 39700000,
    "netIncome": 174100000,
    "netIncomeRatio": 0.093391267,
    "eps": 1.61,
    "epsdiluted": 1.61,
    "weightedAverageShsOut": 108400000,
    "weightedAverageShsOutDil": 108400000,
    "link": "https://www.sec.gov/Archives/edgar/data/354190/000119312511025625/0001193125-11-025625-index.htm",
    "finalLink": "https://www.sec.gov/Archives/edgar/data/354190/000119312511025625/d10k.htm"
  },
  {
    "date": "2009-12-31",
    "symbol": "AJG",
    "reportedCurrency": "USD",
    "cik": "0000354190",
    "fillingDate": "2010-02-05",
    "acceptedDate": "2010-02-05 16:18:49",
    "calendarYear": "2009",
    "period": "FY",
    "revenue": 1729300000,
    "costOfRevenue": 1068700000,
    "grossProfit": 660600000,
    "grossProfitRatio": 0.3820042792,
    "researchAndDevelopmentExpenses": 0,
    "generalAndAdministrativeExpenses": 1075700000,
    "sellingAndMarketingExpenses": -744400000,
    "sellingGeneralAndAdministrativeExpenses": 331300000,
    "otherExpenses": 85600000,
    "operatingExpenses": 416900000,
    "costAndExpenses": 1485600000,
    "interestIncome": 0,
    "interestExpense": 28500000,
    "depreciationAndAmortization": 85600000,
    "ebitda": 325200000,
    "ebitdaratio": 0.1880529694,
    "operatingIncome": 243700000,
    "operatingIncomeRatio": 0.1409240733,
    "totalOtherIncomeExpensesNet": -32600000,
    "incomeBeforeTax": 211100000,
    "incomeBeforeTaxRatio": 0.1220725149,
    "incomeTaxExpense": 78000000,
    "netIncome": 128600000,
    "netIncomeRatio": 0.0743653501,
    "eps": 1.28,
    "epsdiluted": 1.28,
    "weightedAverageShsOut": 100500000,
    "weightedAverageShsOutDil": 100625000,
    "link": "https://www.sec.gov/Archives/edgar/data/354190/000119312510023360/0001193125-10-023360-index.htm",
    "finalLink": "https://www.sec.gov/Archives/edgar/data/354190/000119312510023360/d10k.htm"
  },
  {
    "date": "2008-12-31",
    "symbol": "AJG",
    "reportedCurrency": "USD",
    "cik": "0000354190",
    "fillingDate": "2009-02-06",
    "acceptedDate": "2009-02-06 16:51:59",
    "calendarYear": "2008",
    "period": "FY",
    "revenue": 1645000000,
    "costOfRevenue": 381200000,
    "grossProfit": 1263800000,
    "grossProfitRatio": 0.7682674772,
    "researchAndDevelopmentExpenses": 0,
    "generalAndAdministrativeExpenses": 997900000,
    "sellingAndMarketingExpenses": 0,
    "sellingGeneralAndAdministrativeExpenses": 997900000,
    "otherExpenses": 73700000,
    "operatingExpenses": 1071600000,
    "costAndExpenses": 1452800000,
    "interestIncome": 0,
    "interestExpense": 28600000,
    "depreciationAndAmortization": 73700000,
    "ebitda": 265900000,
    "ebitdaratio": 0.1616413374,
    "operatingIncome": 192200000,
    "operatingIncomeRatio": 0.1168389058,
    "totalOtherIncomeExpensesNet": -28600000,
    "incomeBeforeTax": 163600000,
    "incomeBeforeTaxRatio": 0.0994528875,
    "incomeTaxExpense": 52200000,
    "netIncome": 77300000,
    "netIncomeRatio": 0.0469908815,
    "eps": 0.83,
    "epsdiluted": 0.82,
    "weightedAverageShsOut": 93800000,
    "weightedAverageShsOutDil": 94268293,
    "link": "https://www.sec.gov/Archives/edgar/data/354190/000119312509021344/0001193125-09-021344-index.htm",
    "finalLink": "https://www.sec.gov/Archives/edgar/data/354190/000119312509021344/d10k.htm"
  },
  {
    "date": "2007-12-31",
    "symbol": "AJG",
    "reportedCurrency": "USD",
    "cik": "0000354190",
    "fillingDate": "2008-02-04",
    "acceptedDate": "2008-02-01 20:39:30",
    "calendarYear": "2007",
    "period": "FY",
    "revenue": 1623300000,
    "costOfRevenue": 437000000,
    "grossProfit": 1186300000,
    "grossProfitRatio": 0.7307952935,
    "researchAndDevelopmentExpenses": 0,
    "generalAndAdministrativeExpenses": 0,
    "sellingAndMarketingExpenses": 0,
    "sellingGeneralAndAdministrativeExpenses": 911600000,
    "otherExpenses": 58600000,
    "operatingExpenses": 970200000,
    "costAndExpenses": 1407200000,
    "interestIncome": 0,
    "interestExpense": 0,
    "depreciationAndAmortization": 65300000,
    "ebitda": 281400000,
    "ebitdaratio": 0.1733505821,
    "operatingIncome": 216100000,
    "operatingIncomeRatio": 0.1331238834,
    "totalOtherIncomeExpensesNet": -16000000,
    "incomeBeforeTax": 200100000,
    "incomeBeforeTaxRatio": 0.1232674182,
    "incomeTaxExpense": 45500000,
    "netIncome": 138800000,
    "netIncomeRatio": 0.0855048358,
    "eps": 1.45,
    "epsdiluted": 1.43,
    "weightedAverageShsOut": 95724138,
    "weightedAverageShsOutDil": 97062937,
    "link": "https://www.sec.gov/Archives/edgar/data/354190/000119312508018228/0001193125-08-018228-index.htm",
    "finalLink": "https://www.sec.gov/Archives/edgar/data/354190/000119312508018228/d10k.htm"
  },
  {
    "date": "2006-12-31",
    "symbol": "AJG",
    "reportedCurrency": "USD",
    "cik": "0000354190",
    "fillingDate": "2007-02-05",
    "acceptedDate": "2007-02-02 19:03:27",
    "calendarYear": "2006",
    "period": "FY",
    "revenue": 1470100000,
    "costOfRevenue": 416300000,
    "grossProfit": 1053800000,
    "grossProfitRatio": 0.7168219849,
    "researchAndDevelopmentExpenses": 0,
    "generalAndAdministrativeExpenses": 0,
    "sellingAndMarketingExpenses": 0,
    "sellingGeneralAndAdministrativeExpenses": 838700000,
    "otherExpenses": 52100000,
    "operatingExpenses": 890800000,
    "costAndExpenses": 1307100000,
    "interestIncome": 0,
    "interestExpense": 0,
    "depreciationAndAmortization": 60700000,
    "ebitda": 223700000,
    "ebitdaratio": 0.1521665193,
    "operatingIncome": 163000000,
    "operatingIncomeRatio": 0.1108768111,
    "totalOtherIncomeExpensesNet": -8500000,
    "incomeBeforeTax": 154500000,
    "incomeBeforeTaxRatio": 0.1050948915,
    "incomeTaxExpense": 26100000,
    "netIncome": 128500000,
    "netIncomeRatio": 0.0874090198,
    "eps": 1.32,
    "epsdiluted": 1.31,
    "weightedAverageShsOut": 97348485,
    "weightedAverageShsOutDil": 98091603,
    "link": "https://www.sec.gov/Archives/edgar/data/354190/000119312507019450/0001193125-07-019450-index.htm",
    "finalLink": "https://www.sec.gov/Archives/edgar/data/354190/000119312507019450/d10k.htm"
  },
  {
    "date": "2005-12-31",
    "symbol": "AJG",
    "reportedCurrency": "USD",
    "cik": "0000354190",
    "fillingDate": "2006-02-08",
    "acceptedDate": "2006-02-08 08:56:15",
    "calendarYear": "2005",
    "period": "FY",
    "revenue": 1428900000,
    "costOfRevenue": 473400000,
    "grossProfit": 955500000,
    "grossProfitRatio": 0.6686961999,
    "researchAndDevelopmentExpenses": 0,
    "generalAndAdministrativeExpenses": 0,
    "sellingAndMarketingExpenses": 0,
    "sellingGeneralAndAdministrativeExpenses": 750600000,
    "otherExpenses": 49400000,
    "operatingExpenses": 800000000,
    "costAndExpenses": 1273400000,
    "interestIncome": 0,
    "interestExpense": 0,
    "depreciationAndAmortization": 56600000,
    "ebitda": 212100000,
    "ebitdaratio": 0.1484358598,
    "operatingIncome": 155500000,
    "operatingIncomeRatio": 0.1088249703,
    "totalOtherIncomeExpensesNet": -142600000,
    "incomeBeforeTax": 12900000,
    "incomeBeforeTaxRatio": 0.0090279236,
    "incomeTaxExpense": -26200000,
    "netIncome": 30800000,
    "netIncomeRatio": 0.0215550423,
    "eps": 0.32,
    "epsdiluted": 0.32,
    "weightedAverageShsOut": 94333333,
    "weightedAverageShsOutDil": 96100000,
    "link": "https://www.sec.gov/Archives/edgar/data/354190/000119312506023110/0001193125-06-023110-index.htm",
    "finalLink": "https://www.sec.gov/Archives/edgar/data/354190/000119312506023110/d10k.htm"
  },
  {
    "date": "2004-12-31",
    "symbol": "AJG",
    "reportedCurrency": "USD",
    "cik": "0000354190",
    "fillingDate": "2005-01-28",
    "acceptedDate": "2005-01-27 19:56:08",
    "calendarYear": "2004",
    "period": "FY",
    "revenue": 1437000000,
    "costOfRevenue": 267900000,
    "grossProfit": 1169100000,
    "grossProfitRatio": 0.8135699374,
    "researchAndDevelopmentExpenses": 0,
    "generalAndAdministrativeExpenses": 0,
    "sellingAndMarketingExpenses": 0,
    "sellingGeneralAndAdministrativeExpenses": 871900000,
    "otherExpenses": 50400000,
    "operatingExpenses": 922300000,
    "costAndExpenses": 1190200000,
    "interestIncome": 0,
    "interestExpense": 0,
    "depreciationAndAmortization": 63300000,
    "ebitda": 310100000,
    "ebitdaratio": 0.2157967989,
    "operatingIncome": 246800000,
    "operatingIncomeRatio": 0.1717466945,
    "totalOtherIncomeExpensesNet": -9500000,
    "incomeBeforeTax": 237300000,
    "incomeBeforeTaxRatio": 0.1651356994,
    "incomeTaxExpense": 47800000,
    "netIncome": 188500000,
    "netIncomeRatio": 0.1311760612,
    "eps": 2.05,
    "epsdiluted": 1.99,
    "weightedAverageShsOut": 91111111,
    "weightedAverageShsOutDil": 94500000,
    "link": "https://www.sec.gov/Archives/edgar/data/354190/000119312505013417/0001193125-05-013417-index.htm",
    "finalLink": "https://www.sec.gov/Archives/edgar/data/354190/000119312505013417/d10k.htm"
  },
  {
    "date": "2003-12-31",
    "symbol": "AJG",
    "reportedCurrency": "USD",
    "cik": "0000354190",
    "fillingDate": "2004-02-09",
    "acceptedDate": "2004-02-09 10:55:55",
    "calendarYear": "2003",
    "period": "FY",
    "revenue": 1221100000,
    "costOfRevenue": 251800000,
    "grossProfit": 969300000,
    "grossProfitRatio": 0.7937924822,
    "researchAndDevelopmentExpenses": 0,
    "generalAndAdministrativeExpenses": 0,
    "sellingAndMarketingExpenses": 0,
    "sellingGeneralAndAdministrativeExpenses": 730100000,
    "otherExpenses": 38400000,
    "operatingExpenses": 768500000,
    "costAndExpenses": 1020300000,
    "interestIncome": 0,
    "interestExpense": 0,
    "depreciationAndAmortization": 48700000,
    "ebitda": 249500000,
    "ebitdaratio": 0.2043239702,
    "operatingIncome": 200800000,
    "operatingIncomeRatio": 0.1644418967,
    "totalOtherIncomeExpensesNet": -8000000,
    "incomeBeforeTax": 192800000,
    "incomeBeforeTaxRatio": 0.1578904267,
    "incomeTaxExpense": 46900000,
    "netIncome": 146200000,
    "netIncomeRatio": 0.119728114,
    "eps": 1.62,
    "epsdiluted": 1.57,
    "weightedAverageShsOut": 89814815,
    "weightedAverageShsOutDil": 93121019,
    "link": "https://www.sec.gov/Archives/edgar/data/354190/000119312504016970/0001193125-04-016970-index.htm",
    "finalLink": "https://www.sec.gov/Archives/edgar/data/354190/000119312504016970/d10k.htm"
  },
  {
    "date": "2002-12-31",
    "symbol": "AJG",
    "reportedCurrency": "USD",
    "cik": "0000354190",
    "fillingDate": "2003-03-25",
    "acceptedDate": "2003-03-25 12:19:28",
    "calendarYear": "2002",
    "period": "FY",
    "revenue": 1060300000,
    "costOfRevenue": 230400000,
    "grossProfit": 829900000,
    "grossProfitRatio": 0.7827030086,
    "researchAndDevelopmentExpenses": 0,
    "generalAndAdministrativeExpenses": 0,
    "sellingAndMarketingExpenses": 0,
    "sellingGeneralAndAdministrativeExpenses": 602500000,
    "otherExpenses": 32400000,
    "operatingExpenses": 634900000,
    "costAndExpenses": 865300000,
    "interestIncome": 0,
    "interestExpense": 0,
    "depreciationAndAmortization": 35800000,
    "ebitda": 230800000,
    "ebitdaratio": 0.2176742431,
    "operatingIncome": 195000000,
    "operatingIncomeRatio": 0.1839102141,
    "totalOtherIncomeExpensesNet": -9500000,
    "incomeBeforeTax": 185500000,
    "incomeBeforeTaxRatio": 0.1749504857,
    "incomeTaxExpense": 55600000,
    "netIncome": 129900000,
    "netIncomeRatio": 0.1225124965,
    "eps": 1.47,
    "epsdiluted": 1.41,
    "weightedAverageShsOut": 87091429,
    "weightedAverageShsOutDil": 92127660,
    "link": "https://www.sec.gov/Archives/edgar/data/354190/000095013103001589/0000950131-03-001589-index.htm",
    "finalLink": "https://www.sec.gov/Archives/edgar/data/354190/000095013103001589/d10k.txt"
  },
  {
    "date": "2001-12-31",
    "symbol": "AJG",
    "reportedCurrency": "USD",
    "cik": "0000354190",
    "fillingDate": "2002-03-22",
    "acceptedDate": "2002-03-22 00:00:00",
    "calendarYear": "2001",
    "period": "FY",
    "revenue": 888000000,
    "costOfRevenue": 197500000,
    "grossProfit": 690500000,
    "grossProfitRatio": 0.7775900901,
    "researchAndDevelopmentExpenses": 0,
    "generalAndAdministrativeExpenses": 0,
    "sellingAndMarketingExpenses": 0,
    "sellingGeneralAndAdministrativeExpenses": 515100000,
    "otherExpenses": 23100000,
    "operatingExpenses": 538200000,
    "costAndExpenses": 735700000,
    "interestIncome": 0,
    "interestExpense": 0,
    "depreciationAndAmortization": 23146000,
    "ebitda": 175446000,
    "ebitdaratio": 0.1975743243,
    "operatingIncome": 152300000,
    "operatingIncomeRatio": 0.171509009,
    "totalOtherIncomeExpensesNet": -10500000,
    "incomeBeforeTax": 141800000,
    "incomeBeforeTaxRatio": 0.1596846847,
    "incomeTaxExpense": 16500000,
    "netIncome": 125300000,
    "netIncomeRatio": 0.1411036036,
    "eps": 1.47,
    "epsdiluted": 1.39,
    "weightedAverageShsOut": 84571560,
    "weightedAverageShsOutDil": 90143885,
    "link": "https://www.sec.gov/Archives/edgar/data/354190/000095013102001033/0000950131-02-001033-index.htm",
    "finalLink": "https://www.sec.gov/Archives/edgar/data/354190/000095013102001033/d10k405.txt"
  },
  {
    "date": "2000-12-31",
    "symbol": "AJG",
    "reportedCurrency": "USD",
    "cik": "0000354190",
    "fillingDate": "2001-03-27",
    "acceptedDate": "2001-03-27 00:00:00",
    "calendarYear": "2000",
    "period": "FY",
    "revenue": 800580000,
    "costOfRevenue": 232067000,
    "grossProfit": 568513000,
    "grossProfitRatio": 0.7101264084,
    "researchAndDevelopmentExpenses": 0,
    "generalAndAdministrativeExpenses": 0,
    "sellingAndMarketingExpenses": 0,
    "sellingGeneralAndAdministrativeExpenses": 415348000,
    "otherExpenses": 19426000,
    "operatingExpenses": 434774000,
    "costAndExpenses": 666841000,
    "interestIncome": 0,
    "interestExpense": 0,
    "depreciationAndAmortization": 19426000,
    "ebitda": 153165000,
    "ebitdaratio": 0.1913175448,
    "operatingIncome": 133739000,
    "operatingIncomeRatio": 0.1670526368,
    "totalOtherIncomeExpensesNet": 0,
    "incomeBeforeTax": 133739000,
    "incomeBeforeTaxRatio": 0.1670526368,
    "incomeTaxExpense": 40784000,
    "netIncome": 92955000,
    "netIncomeRatio": 0.1161095706,
    "eps": 1.11,
    "epsdiluted": 1.04,
    "weightedAverageShsOut": 83743243,
    "weightedAverageShsOutDil": 89379808,
    "link": "https://www.sec.gov/Archives/edgar/data/354190/000095013101500324/0000950131-01-500324-index.htm",
    "finalLink": "https://www.sec.gov/Archives/edgar/data/354190/000095013101500324/d10k.txt"
  },
  {
    "date": "1999-12-31",
    "symbol": "AJG",
    "reportedCurrency": "USD",
    "cik": "0000354190",
    "fillingDate": "2000-03-23",
    "acceptedDate": "2000-03-23 00:00:00",
    "calendarYear": "1999",
    "period": "FY",
    "revenue": 713530000,
    "costOfRevenue": 220817000,
    "grossProfit": 492713000,
    "grossProfitRatio": 0.6905287794,
    "researchAndDevelopmentExpenses": 0,
    "generalAndAdministrativeExpenses": 0,
    "sellingAndMarketingExpenses": 0,
    "sellingGeneralAndAdministrativeExpenses": 365689000,
    "otherExpenses": 0,
    "operatingExpenses": 365689000,
    "costAndExpenses": 586506000,
    "interestIncome": 0,
    "interestExpense": 0,
    "depreciationAndAmortization": 17676000,
    "ebitda": 144700000,
    "ebitdaratio": 0.2027945566,
    "operatingIncome": 127024000,
    "operatingIncomeRatio": 0.1780219472,
    "totalOtherIncomeExpensesNet": 0,
    "incomeBeforeTax": 127024000,
    "incomeBeforeTaxRatio": 0.1780219472,
    "incomeTaxExpense": 43784000,
    "netIncome": 83240000,
    "netIncomeRatio": 0.1166594257,
    "eps": 0.92,
    "epsdiluted": 0.87,
    "weightedAverageShsOut": 90478261,
    "weightedAverageShsOutDil": 95678161,
    "link": "https://www.sec.gov/Archives/edgar/data/354190/000095013100001929/0000950131-00-001929-index.htm",
    "finalLink": "https://www.sec.gov/Archives/edgar/data/354190/000095013100001929/0000950131-00-001929.txt"
  },
  {
    "date": "1998-12-31",
    "symbol": "AJG",
    "reportedCurrency": "USD",
    "cik": "0000354190",
    "fillingDate": "1999-03-26",
    "acceptedDate": "1999-03-26 00:00:00",
    "calendarYear": "1998",
    "period": "FY",
    "revenue": 582771000,
    "costOfRevenue": 184915000,
    "grossProfit": 397856000,
    "grossProfitRatio": 0.682696977,
    "researchAndDevelopmentExpenses": 0,
    "generalAndAdministrativeExpenses": 0,
    "sellingAndMarketingExpenses": 0,
    "sellingGeneralAndAdministrativeExpenses": 318408000,
    "otherExpenses": 13394000,
    "operatingExpenses": 331802000,
    "costAndExpenses": 516717000,
    "interestIncome": 0,
    "interestExpense": 0,
    "depreciationAndAmortization": 13394000,
    "ebitda": 79448000,
    "ebitdaratio": 0.1363279916,
    "operatingIncome": 66054000,
    "operatingIncomeRatio": 0.1133446929,
    "totalOtherIncomeExpensesNet": 20939000,
    "incomeBeforeTax": 86993000,
    "incomeBeforeTaxRatio": 0.149274758,
    "incomeTaxExpense": 28310000,
    "netIncome": 58683000,
    "netIncomeRatio": 0.1006965,
    "eps": 0.81,
    "epsdiluted": 0.77,
    "weightedAverageShsOut": 72898137,
    "weightedAverageShsOutDil": 76211688,
    "link": "https://www.sec.gov/Archives/edgar/data/354190/000095013199001752/0000950131-99-001752-index.html",
    "finalLink": "https://www.sec.gov/Archives/edgar/data/354190/"
  },
  {
    "date": "1997-12-31",
    "symbol": "AJG",
    "reportedCurrency": "USD",
    "cik": "0000354190",
    "fillingDate": "1998-02-27",
    "acceptedDate": "1998-02-27 00:00:00",
    "calendarYear": "1997",
    "period": "FY",
    "revenue": 524600000,
    "costOfRevenue": 256000000,
    "grossProfit": 268600000,
    "grossProfitRatio": 0.5120091498,
    "researchAndDevelopmentExpenses": 0,
    "generalAndAdministrativeExpenses": 0,
    "sellingAndMarketingExpenses": 0,
    "sellingGeneralAndAdministrativeExpenses": 171400000,
    "otherExpenses": 11600000,
    "operatingExpenses": 183000000,
    "costAndExpenses": 439000000,
    "interestIncome": 0,
    "interestExpense": 0,
    "depreciationAndAmortization": 11600000,
    "ebitda": 97200000,
    "ebitdaratio": 0.1852840259,
    "operatingIncome": 85600000,
    "operatingIncomeRatio": 0.1631719405,
    "totalOtherIncomeExpensesNet": 100000,
    "incomeBeforeTax": 85700000,
    "incomeBeforeTaxRatio": 0.163362562,
    "incomeTaxExpense": 28100000,
    "netIncome": 57600000,
    "netIncomeRatio": 0.1097979413,
    "eps": 0.8,
    "epsdiluted": 0.8,
    "weightedAverageShsOut": 72000000,
    "weightedAverageShsOutDil": 72000000,
    "link": "https://www.sec.gov/Archives/edgar/data/354190/000095013198001419/0000950131-98-001419-index.html",
    "finalLink": "https://www.sec.gov/Archives/edgar/data/354190/"
  },
  {
    "date": "1996-12-31",
    "symbol": "AJG",
    "reportedCurrency": "USD",
    "cik": "0000354190",
    "fillingDate": "1997-03-21",
    "acceptedDate": "1997-03-21 00:00:00",
    "calendarYear": "1996",
    "period": "FY",
    "revenue": 449700000,
    "costOfRevenue": 146400000,
    "grossProfit": 303300000,
    "grossProfitRatio": 0.6744496331,
    "researchAndDevelopmentExpenses": 0,
    "generalAndAdministrativeExpenses": 0,
    "sellingAndMarketingExpenses": 0,
    "sellingGeneralAndAdministrativeExpenses": 249700000,
    "otherExpenses": 10700000,
    "operatingExpenses": 260400000,
    "costAndExpenses": 406800000,
    "interestIncome": 0,
    "interestExpense": 0,
    "depreciationAndAmortization": 10700000,
    "ebitda": 53600000,
    "ebitdaratio": 0.1191905715,
    "operatingIncome": 42900000,
    "operatingIncomeRatio": 0.0953969313,
    "totalOtherIncomeExpensesNet": 24100000,
    "incomeBeforeTax": 67000000,
    "incomeBeforeTaxRatio": 0.1489882144,
    "incomeTaxExpense": 22800000,
    "netIncome": 44200000,
    "netIncomeRatio": 0.0982877474,
    "eps": 0.64,
    "epsdiluted": 0.64,
    "weightedAverageShsOut": 69062500,
    "weightedAverageShsOutDil": 69062500,
    "link": "https://www.sec.gov/Archives/edgar/data/354190/000095013197001973/0000950131-97-001973-index.html",
    "finalLink": "https://www.sec.gov/Archives/edgar/data/354190/"
  },
  {
    "date": "1995-12-31",
    "symbol": "AJG",
    "reportedCurrency": "USD",
    "cik": "0000354190",
    "fillingDate": "1996-03-04",
    "acceptedDate": "1996-03-04 00:00:00",
    "calendarYear": "1995",
    "period": "FY",
    "revenue": 424000000,
    "costOfRevenue": 131400000,
    "grossProfit": 292600000,
    "grossProfitRatio": 0.6900943396,
    "researchAndDevelopmentExpenses": 0,
    "generalAndAdministrativeExpenses": 0,
    "sellingAndMarketingExpenses": 0,
    "sellingGeneralAndAdministrativeExpenses": 235800000,
    "otherExpenses": 10400000,
    "operatingExpenses": 246200000,
    "costAndExpenses": 377600000,
    "interestIncome": 0,
    "interestExpense": 0,
    "depreciationAndAmortization": 10400000,
    "ebitda": 56800000,
    "ebitdaratio": 0.1339622642,
    "operatingIncome": 46400000,
    "operatingIncomeRatio": 0.1094339623,
    "totalOtherIncomeExpensesNet": 21800000,
    "incomeBeforeTax": 68200000,
    "incomeBeforeTaxRatio": 0.1608490566,
    "incomeTaxExpense": 25800000,
    "netIncome": 42400000,
    "netIncomeRatio": 0.1,
    "eps": 0.65,
    "epsdiluted": 0.61,
    "weightedAverageShsOut": 65230769,
    "weightedAverageShsOutDil": 69508197,
    "link": "https://www.sec.gov/Archives/edgar/data/354190/000095013196000860/0000950131-96-000860-index.htm",
    "finalLink": "https://www.sec.gov/Archives/edgar/data/354190/0000950131-96-000860.txt"
  },
  {
    "date": "1994-12-31",
    "symbol": "AJG",
    "reportedCurrency": "USD",
    "cik": "0000354190",
    "fillingDate": "1995-03-14",
    "acceptedDate": "1995-03-14 00:00:00",
    "calendarYear": "1994",
    "period": "FY",
    "revenue": 346900000,
    "costOfRevenue": 105100000,
    "grossProfit": 241800000,
    "grossProfitRatio": 0.6970308446,
    "researchAndDevelopmentExpenses": 0,
    "generalAndAdministrativeExpenses": 0,
    "sellingAndMarketingExpenses": 0,
    "sellingGeneralAndAdministrativeExpenses": 188900000,
    "otherExpenses": 7400000,
    "operatingExpenses": 196300000,
    "costAndExpenses": 301400000,
    "interestIncome": 0,
    "interestExpense": 0,
    "depreciationAndAmortization": 7400000,
    "ebitda": 52900000,
    "ebitdaratio": 0.152493514,
    "operatingIncome": 45500000,
    "operatingIncomeRatio": 0.1311617181,
    "totalOtherIncomeExpensesNet": 7700000,
    "incomeBeforeTax": 53200000,
    "incomeBeforeTaxRatio": 0.1533583165,
    "incomeTaxExpense": 18700000,
    "netIncome": 34500000,
    "netIncomeRatio": 0.0994522917,
    "eps": 0.54,
    "epsdiluted": 0.54,
    "weightedAverageShsOut": 63608000,
    "weightedAverageShsOutDil": 63608000,
    "link": "https://www.sec.gov/Archives/edgar/data/354190/000095013195000583/0000950131-95-000583-index.htm",
    "finalLink": "https://www.sec.gov/Archives/edgar/data/354190/000095013195000583/"
  },
  {
    "date": "1993-12-31",
    "symbol": "AJG",
    "reportedCurrency": "USD",
    "cik": "0000354190",
    "fillingDate": "1993-12-31",
    "acceptedDate": "1993-12-30 19:00:00",
    "calendarYear": "1993",
    "period": "FY",
    "revenue": 302100000,
    "costOfRevenue": 97300000,
    "grossProfit": 204800000,
    "grossProfitRatio": 0.6779212181,
    "researchAndDevelopmentExpenses": 0,
    "generalAndAdministrativeExpenses": 0,
    "sellingAndMarketingExpenses": 0,
    "sellingGeneralAndAdministrativeExpenses": 160900000,
    "otherExpenses": 6400000,
    "operatingExpenses": 167300000,
    "costAndExpenses": 264600000,
    "interestIncome": 0,
    "interestExpense": 0,
    "depreciationAndAmortization": 6400000,
    "ebitda": 43900000,
    "ebitdaratio": 0.1453161205,
    "operatingIncome": 37500000,
    "operatingIncomeRatio": 0.1241310824,
    "totalOtherIncomeExpensesNet": 13800000,
    "incomeBeforeTax": 51300000,
    "incomeBeforeTaxRatio": 0.1698113208,
    "incomeTaxExpense": 19000000,
    "netIncome": 32300000,
    "netIncomeRatio": 0.106918239,
    "eps": 0.44,
    "epsdiluted": 0.44,
    "weightedAverageShsOut": 73409091,
    "weightedAverageShsOutDil": 73409091,
    "link": "",
    "finalLink": ""
  },
  {
    "date": "1992-12-31",
    "symbol": "AJG",
    "reportedCurrency": "USD",
    "cik": "0000354190",
    "fillingDate": "1992-12-31",
    "acceptedDate": "1992-12-30 19:00:00",
    "calendarYear": "1992",
    "period": "FY",
    "revenue": 272700000,
    "costOfRevenue": 86900000,
    "grossProfit": 185800000,
    "grossProfitRatio": 0.6813348001,
    "researchAndDevelopmentExpenses": 0,
    "generalAndAdministrativeExpenses": 0,
    "sellingAndMarketingExpenses": 0,
    "sellingGeneralAndAdministrativeExpenses": 141100000,
    "otherExpenses": 6200000,
    "operatingExpenses": 147300000,
    "costAndExpenses": 234200000,
    "interestIncome": 0,
    "interestExpense": 0,
    "depreciationAndAmortization": 6200000,
    "ebitda": 44700000,
    "ebitdaratio": 0.1639163916,
    "operatingIncome": 38500000,
    "operatingIncomeRatio": 0.1411807847,
    "totalOtherIncomeExpensesNet": -2400000,
    "incomeBeforeTax": 36100000,
    "incomeBeforeTaxRatio": 0.1323799047,
    "incomeTaxExpense": 12600000,
    "netIncome": 23500000,
    "netIncomeRatio": 0.0861752842,
    "eps": 0.36,
    "epsdiluted": 0.36,
    "weightedAverageShsOut": 65277778,
    "weightedAverageShsOutDil": 65277778,
    "link": "",
    "finalLink": ""
  },
  {
    "date": "1991-12-31",
    "symbol": "AJG",
    "reportedCurrency": "USD",
    "cik": "0000354190",
    "fillingDate": "1991-12-31",
    "acceptedDate": "1991-12-30 19:00:00",
    "calendarYear": "1991",
    "period": "FY",
    "revenue": 231700000,
    "costOfRevenue": 0,
    "grossProfit": 231700000,
    "grossProfitRatio": 1,
    "researchAndDevelopmentExpenses": 0,
    "generalAndAdministrativeExpenses": 0,
    "sellingAndMarketingExpenses": 0,
    "sellingGeneralAndAdministrativeExpenses": 0,
    "otherExpenses": 203000000,
    "operatingExpenses": 203000000,
    "costAndExpenses": 203000000,
    "interestIncome": 0,
    "interestExpense": 0,
    "depreciationAndAmortization": 0,
    "ebitda": 28700000,
    "ebitdaratio": 0.1238670695,
    "operatingIncome": 28700000,
    "operatingIncomeRatio": 0.1238670695,
    "totalOtherIncomeExpensesNet": -2200000,
    "incomeBeforeTax": 26500000,
    "incomeBeforeTaxRatio": 0.1143720328,
    "incomeTaxExpense": 7700000,
    "netIncome": 18800000,
    "netIncomeRatio": 0.0811394044,
    "eps": 0.32,
    "epsdiluted": 0.32,
    "weightedAverageShsOut": 58750000,
    "weightedAverageShsOutDil": 58750000,
    "link": "",
    "finalLink": ""
  },
  {
    "date": "1990-12-31",
    "symbol": "AJG",
    "reportedCurrency": "USD",
    "cik": "0000354190",
    "fillingDate": "1990-12-31",
    "acceptedDate": "1990-12-30 19:00:00",
    "calendarYear": "1990",
    "period": "FY",
    "revenue": 198200000,
    "costOfRevenue": 0,
    "grossProfit": 198200000,
    "grossProfitRatio": 1,
    "researchAndDevelopmentExpenses": 0,
    "generalAndAdministrativeExpenses": 0,
    "sellingAndMarketingExpenses": 0,
    "sellingGeneralAndAdministrativeExpenses": 0,
    "otherExpenses": 168900000,
    "operatingExpenses": 168900000,
    "costAndExpenses": 168900000,
    "interestIncome": 0,
    "interestExpense": 0,
    "depreciationAndAmortization": 0,
    "ebitda": 29300000,
    "ebitdaratio": 0.1478304743,
    "operatingIncome": 29300000,
    "operatingIncomeRatio": 0.1478304743,
    "totalOtherIncomeExpensesNet": -2100000,
    "incomeBeforeTax": 27200000,
    "incomeBeforeTaxRatio": 0.137235116,
    "incomeTaxExpense": 9500000,
    "netIncome": 17700000,
    "netIncomeRatio": 0.0893037336,
    "eps": 0.35,
    "epsdiluted": 0.35,
    "weightedAverageShsOut": 50571429,
    "weightedAverageShsOutDil": 50571429,
    "link": "",
    "finalLink": ""
  },
  {
    "date": "1989-12-31",
    "symbol": "AJG",
    "reportedCurrency": "USD",
    "cik": "0000354190",
    "fillingDate": "1989-12-31",
    "acceptedDate": "1989-12-30 19:00:00",
    "calendarYear": "1989",
    "period": "FY",
    "revenue": 173200000,
    "costOfRevenue": 0,
    "grossProfit": 173200000,
    "grossProfitRatio": 1,
    "researchAndDevelopmentExpenses": 0,
    "generalAndAdministrativeExpenses": 0,
    "sellingAndMarketingExpenses": 0,
    "sellingGeneralAndAdministrativeExpenses": 0,
    "otherExpenses": 144600000,
    "operatingExpenses": 144600000,
    "costAndExpenses": 144600000,
    "interestIncome": 0,
    "interestExpense": 0,
    "depreciationAndAmortization": 0,
    "ebitda": 28600000,
    "ebitdaratio": 0.1651270208,
    "operatingIncome": 28600000,
    "operatingIncomeRatio": 0.1651270208,
    "totalOtherIncomeExpensesNet": -2000000,
    "incomeBeforeTax": 26600000,
    "incomeBeforeTaxRatio": 0.1535796767,
    "incomeTaxExpense": 9300000,
    "netIncome": 17300000,
    "netIncomeRatio": 0.0998845266,
    "eps": 0.34,
    "epsdiluted": 0.34,
    "weightedAverageShsOut": 50882353,
    "weightedAverageShsOutDil": 50882353,
    "link": "",
    "finalLink": ""
  },
  {
    "date": "1988-12-31",
    "symbol": "AJG",
    "reportedCurrency": "USD",
    "cik": "0000354190",
    "fillingDate": "1988-12-31",
    "acceptedDate": "1988-12-30 19:00:00",
    "calendarYear": "1988",
    "period": "FY",
    "revenue": 156000000,
    "costOfRevenue": 73500000,
    "grossProfit": 82500000,
    "grossProfitRatio": 0.5288461538,
    "researchAndDevelopmentExpenses": 0,
    "generalAndAdministrativeExpenses": 0,
    "sellingAndMarketingExpenses": 0,
    "sellingGeneralAndAdministrativeExpenses": 53700000,
    "otherExpenses": 2700000,
    "operatingExpenses": 56400000,
    "costAndExpenses": 129900000,
    "interestIncome": 0,
    "interestExpense": 0,
    "depreciationAndAmortization": 2700000,
    "ebitda": 28800000,
    "ebitdaratio": 0.1846153846,
    "operatingIncome": 26100000,
    "operatingIncomeRatio": 0.1673076923,
    "totalOtherIncomeExpensesNet": -2100000,
    "incomeBeforeTax": 24000000,
    "incomeBeforeTaxRatio": 0.1538461538,
    "incomeTaxExpense": 7100000,
    "netIncome": 16900000,
    "netIncomeRatio": 0.1083333333,
    "eps": 0.3,
    "epsdiluted": 0.3,
    "weightedAverageShsOut": 56333333,
    "weightedAverageShsOutDil": 56333333,
    "link": "",
    "finalLink": ""
  },
  {
    "date": "1987-12-31",
    "symbol": "AJG",
    "reportedCurrency": "USD",
    "cik": "0000354190",
    "fillingDate": "1987-12-31",
    "acceptedDate": "1987-12-30 19:00:00",
    "calendarYear": "1987",
    "period": "FY",
    "revenue": 122900000,
    "costOfRevenue": 42200000,
    "grossProfit": 80700000,
    "grossProfitRatio": 0.6566314076,
    "researchAndDevelopmentExpenses": 0,
    "generalAndAdministrativeExpenses": 0,
    "sellingAndMarketingExpenses": 0,
    "sellingGeneralAndAdministrativeExpenses": 61700000,
    "otherExpenses": 2100000,
    "operatingExpenses": 63800000,
    "costAndExpenses": 106000000,
    "interestIncome": 0,
    "interestExpense": 0,
    "depreciationAndAmortization": 2100000,
    "ebitda": 19000000,
    "ebitdaratio": 0.1545972335,
    "operatingIncome": 16900000,
    "operatingIncomeRatio": 0.1375101709,
    "totalOtherIncomeExpensesNet": 9700000,
    "incomeBeforeTax": 26600000,
    "incomeBeforeTaxRatio": 0.2164361269,
    "incomeTaxExpense": 10400000,
    "netIncome": 16200000,
    "netIncomeRatio": 0.1318144833,
    "eps": 0.37,
    "epsdiluted": 0.37,
    "weightedAverageShsOut": 43783784,
    "weightedAverageShsOutDil": 43783784,
    "link": "",
    "finalLink": ""
  },
  {
    "date": "1986-12-31",
    "symbol": "AJG",
    "reportedCurrency": "USD",
    "cik": "0000354190",
    "fillingDate": "1986-12-31",
    "acceptedDate": "1986-12-30 19:00:00",
    "calendarYear": "1986",
    "period": "FY",
    "revenue": 107800000,
    "costOfRevenue": 35300000,
    "grossProfit": 72500000,
    "grossProfitRatio": 0.672541744,
    "researchAndDevelopmentExpenses": 0,
    "generalAndAdministrativeExpenses": 0,
    "sellingAndMarketingExpenses": 0,
    "sellingGeneralAndAdministrativeExpenses": 53800000,
    "otherExpenses": 2000000,
    "operatingExpenses": 55800000,
    "costAndExpenses": 91100000,
    "interestIncome": 0,
    "interestExpense": 0,
    "depreciationAndAmortization": 2000000,
    "ebitda": 18700000,
    "ebitdaratio": 0.1734693878,
    "operatingIncome": 16700000,
    "operatingIncomeRatio": 0.1549165121,
    "totalOtherIncomeExpensesNet": 9000000,
    "incomeBeforeTax": 25700000,
    "incomeBeforeTaxRatio": 0.2384044527,
    "incomeTaxExpense": 10300000,
    "netIncome": 15400000,
    "netIncomeRatio": 0.1428571429,
    "eps": 0.35,
    "epsdiluted": 0.35,
    "weightedAverageShsOut": 44000000,
    "weightedAverageShsOutDil": 44000000,
    "link": "",
    "finalLink": ""
  },
  {
    "date": "1985-12-31",
    "symbol": "AJG",
    "reportedCurrency": "USD",
    "cik": "0000354190",
    "fillingDate": "1985-12-31",
    "acceptedDate": "1985-12-30 19:00:00",
    "calendarYear": "1985",
    "period": "FY",
    "revenue": 81600000,
    "costOfRevenue": 23400000,
    "grossProfit": 58200000,
    "grossProfitRatio": 0.7132352941,
    "researchAndDevelopmentExpenses": 0,
    "generalAndAdministrativeExpenses": 0,
    "sellingAndMarketingExpenses": 0,
    "sellingGeneralAndAdministrativeExpenses": 39100000,
    "otherExpenses": 1500000,
    "operatingExpenses": 40600000,
    "costAndExpenses": 64000000,
    "interestIncome": 0,
    "interestExpense": 0,
    "depreciationAndAmortization": 1500000,
    "ebitda": 19100000,
    "ebitdaratio": 0.2340686275,
    "operatingIncome": 17600000,
    "operatingIncomeRatio": 0.2156862745,
    "totalOtherIncomeExpensesNet": -2100000,
    "incomeBeforeTax": 15500000,
    "incomeBeforeTaxRatio": 0.1899509804,
    "incomeTaxExpense": 5600000,
    "netIncome": 9900000,
    "netIncomeRatio": 0.1213235294,
    "eps": 0.28,
    "epsdiluted": 0.28,
    "weightedAverageShsOut": 35357143,
    "weightedAverageShsOutDil": 35357143,
    "link": "",
    "finalLink": ""
  }
]