[
  {
    "date": "2024-12-31",
    "symbol": "AKAM",
    "reportedCurrency": "USD",
    "cik": "0001086222",
    "fillingDate": "2025-02-24",
    "acceptedDate": "2025-02-24 17:10:36",
    "calendarYear": "2024",
    "period": "FY",
    "revenue": 3991168000,
    "costOfRevenue": 1620793000,
    "grossProfit": 2370375000,
    "grossProfitRatio": 0.5939050924,
    "researchAndDevelopmentExpenses": 470876000,
    "generalAndAdministrativeExpenses": 1015357000,
    "sellingAndMarketingExpenses": 85604000,
    "sellingGeneralAndAdministrativeExpenses": 1100961000,
    "otherExpenses": 265127000,
    "operatingExpenses": 1836964000,
    "costAndExpenses": 3457757000,
    "interestIncome": 100280000,
    "interestExpense": 27117000,
    "depreciationAndAmortization": 648410000,
    "ebitda": 1262540000,
    "ebitdaratio": 0.3163334643,
    "operatingIncome": 533411000,
    "operatingIncomeRatio": 0.1336478444,
    "totalOtherIncomeExpensesNet": 53602000,
    "incomeBeforeTax": 587013000,
    "incomeBeforeTaxRatio": 0.1470779982,
    "incomeTaxExpense": 82095000,
    "netIncome": 504918000,
    "netIncomeRatio": 0.1265088315,
    "eps": 3.34,
    "epsdiluted": 3.27,
    "weightedAverageShsOut": 151392000,
    "weightedAverageShsOutDil": 154346000,
    "link": "https://www.sec.gov/Archives/edgar/data/1086222/000108622225000028/0001086222-25-000028-index.htm",
    "finalLink": "https://www.sec.gov/Archives/edgar/data/1086222/000108622225000028/akam-20241231.htm"
  },
  {
    "date": "2023-12-31",
    "symbol": "AKAM",
    "reportedCurrency": "USD",
    "cik": "0001086222",
    "fillingDate": "2023-12-31",
    "acceptedDate": "2023-12-29 19:00:00",
    "calendarYear": "2023",
    "period": "FY",
    "revenue": 3811920000,
    "costOfRevenue": 1511063000,
    "grossProfit": 2300857000,
    "grossProfitRatio": 0.6035953011,
    "researchAndDevelopmentExpenses": 406048000,
    "generalAndAdministrativeExpenses": 968093000,
    "sellingAndMarketingExpenses": 89081000,
    "sellingGeneralAndAdministrativeExpenses": 1057174000,
    "otherExpenses": 200297000,
    "operatingExpenses": 1663519000,
    "costAndExpenses": 3174582000,
    "interestIncome": 45194000,
    "interestExpense": 17709000,
    "depreciationAndAmortization": 570776000,
    "ebitda": 1241012000,
    "ebitdaratio": 0.3255608722,
    "operatingIncome": 637338000,
    "operatingIncomeRatio": 0.1671960587,
    "totalOtherIncomeExpensesNet": 15189000,
    "incomeBeforeTax": 652527000,
    "incomeBeforeTaxRatio": 0.1711806649,
    "incomeTaxExpense": 106373000,
    "netIncome": 547629000,
    "netIncomeRatio": 0.1436622489,
    "eps": 3.59,
    "epsdiluted": 3.52,
    "weightedAverageShsOut": 152510000,
    "weightedAverageShsOutDil": 155397000,
    "link": null,
    "finalLink": null
  },
  {
    "date": "2022-12-31",
    "symbol": "AKAM",
    "reportedCurrency": "USD",
    "cik": "0001086222",
    "fillingDate": "2023-02-28",
    "acceptedDate": "2023-02-28 16:10:11",
    "calendarYear": "2022",
    "period": "FY",
    "revenue": 3616654000,
    "costOfRevenue": 1383819000,
    "grossProfit": 2232835000,
    "grossProfitRatio": 0.617375895,
    "researchAndDevelopmentExpenses": 391434000,
    "generalAndAdministrativeExpenses": 905767000,
    "sellingAndMarketingExpenses": 78344000,
    "sellingGeneralAndAdministrativeExpenses": 984111000,
    "otherExpenses": 181016000,
    "operatingExpenses": 1556561000,
    "costAndExpenses": 2940380000,
    "interestIncome": 3258000,
    "interestExpense": 11096000,
    "depreciationAndAmortization": 592754000,
    "ebitda": 1261853000,
    "ebitdaratio": 0.348900669,
    "operatingIncome": 676274000,
    "operatingIncomeRatio": 0.1869888577,
    "totalOtherIncomeExpensesNet": -25906000,
    "incomeBeforeTax": 650368000,
    "incomeBeforeTaxRatio": 0.1798258833,
    "incomeTaxExpense": 126696000,
    "netIncome": 523672000,
    "netIncomeRatio": 0.1447946085,
    "eps": 3.29,
    "epsdiluted": 3.26,
    "weightedAverageShsOut": 159089000,
    "weightedAverageShsOutDil": 160467000,
    "link": "https://www.sec.gov/Archives/edgar/data/1086222/000108622223000078/0001086222-23-000078-index.htm",
    "finalLink": "https://www.sec.gov/Archives/edgar/data/1086222/000108622223000078/akam-20221231.htm"
  },
  {
    "date": "2021-12-31",
    "symbol": "AKAM",
    "reportedCurrency": "USD",
    "cik": "0001086222",
    "fillingDate": "2022-02-28",
    "acceptedDate": "2022-02-28 16:10:31",
    "calendarYear": "2021",
    "period": "FY",
    "revenue": 3461223000,
    "costOfRevenue": 1268956000,
    "grossProfit": 2192267000,
    "grossProfitRatio": 0.6333792997,
    "researchAndDevelopmentExpenses": 335372000,
    "generalAndAdministrativeExpenses": 869853000,
    "sellingAndMarketingExpenses": 49124000,
    "sellingGeneralAndAdministrativeExpenses": 918977000,
    "otherExpenses": 154770000,
    "operatingExpenses": 1409119000,
    "costAndExpenses": 2678075000,
    "interestIncome": 15620000,
    "interestExpense": 72332000,
    "depreciationAndAmortization": 550632000,
    "ebitda": 1351185000,
    "ebitdaratio": 0.3903779098,
    "operatingIncome": 783148000,
    "operatingIncomeRatio": 0.2262633757,
    "totalOtherIncomeExpensesNet": -68935000,
    "incomeBeforeTax": 714213000,
    "incomeBeforeTaxRatio": 0.2063470051,
    "incomeTaxExpense": 62571000,
    "netIncome": 651642000,
    "netIncomeRatio": 0.1882692909,
    "eps": 4.01,
    "epsdiluted": 3.93,
    "weightedAverageShsOut": 162665000,
    "weightedAverageShsOutDil": 165804000,
    "link": "https://www.sec.gov/Archives/edgar/data/1086222/000108622222000058/0001086222-22-000058-index.htm",
    "finalLink": "https://www.sec.gov/Archives/edgar/data/1086222/000108622222000058/akam-20211231.htm"
  },
  {
    "date": "2020-12-31",
    "symbol": "AKAM",
    "reportedCurrency": "USD",
    "cik": "0001086222",
    "fillingDate": "2021-02-26",
    "acceptedDate": "2021-02-26 16:17:08",
    "calendarYear": "2020",
    "period": "FY",
    "revenue": 3198149000,
    "costOfRevenue": 1132672000,
    "grossProfit": 2065477000,
    "grossProfitRatio": 0.6458351378,
    "researchAndDevelopmentExpenses": 269315000,
    "generalAndAdministrativeExpenses": 456291000,
    "sellingAndMarketingExpenses": 510405000,
    "sellingGeneralAndAdministrativeExpenses": 966696000,
    "otherExpenses": 170932000,
    "operatingExpenses": 1406943000,
    "costAndExpenses": 2539615000,
    "interestIncome": 29122000,
    "interestExpense": 69120000,
    "depreciationAndAmortization": 478389000,
    "ebitda": 1163591000,
    "ebitdaratio": 0.3638326419,
    "operatingIncome": 658534000,
    "operatingIncomeRatio": 0.2059109816,
    "totalOtherIncomeExpensesNet": -55558000,
    "incomeBeforeTax": 602976000,
    "incomeBeforeTaxRatio": 0.1885390581,
    "incomeTaxExpense": 45922000,
    "netIncome": 557054000,
    "netIncomeRatio": 0.1741801273,
    "eps": 3.43,
    "epsdiluted": 3.37,
    "weightedAverageShsOut": 162490000,
    "weightedAverageShsOutDil": 165213000,
    "link": "https://www.sec.gov/Archives/edgar/data/1086222/000108622221000075/0001086222-21-000075-index.htm",
    "finalLink": "https://www.sec.gov/Archives/edgar/data/1086222/000108622221000075/akam-20201231.htm"
  },
  {
    "date": "2019-12-31",
    "symbol": "AKAM",
    "reportedCurrency": "USD",
    "cik": "0001086222",
    "fillingDate": "2020-02-28",
    "acceptedDate": "2020-02-28 16:14:59",
    "calendarYear": "2019",
    "period": "FY",
    "revenue": 2893617000,
    "costOfRevenue": 987624000,
    "grossProfit": 1905993000,
    "grossProfitRatio": 0.6586887622,
    "researchAndDevelopmentExpenses": 261365000,
    "generalAndAdministrativeExpenses": 423662000,
    "sellingAndMarketingExpenses": 523883000,
    "sellingGeneralAndAdministrativeExpenses": 947545000,
    "otherExpenses": 148165000,
    "operatingExpenses": 1357075000,
    "costAndExpenses": 2344699000,
    "interestIncome": 34355000,
    "interestExpense": 49364000,
    "depreciationAndAmortization": 440674000,
    "ebitda": 1022519000,
    "ebitdaratio": 0.3533705394,
    "operatingIncome": 548918000,
    "operatingIncomeRatio": 0.1896996043,
    "totalOtherIncomeExpensesNet": -16437000,
    "incomeBeforeTax": 532481000,
    "incomeBeforeTaxRatio": 0.1840191705,
    "incomeTaxExpense": 53350000,
    "netIncome": 478035000,
    "netIncomeRatio": 0.1652032733,
    "eps": 2.94,
    "epsdiluted": 2.9,
    "weightedAverageShsOut": 162706000,
    "weightedAverageShsOutDil": 164573000,
    "link": "https://www.sec.gov/Archives/edgar/data/1086222/000108622220000045/0001086222-20-000045-index.htm",
    "finalLink": "https://www.sec.gov/Archives/edgar/data/1086222/000108622220000045/akam10k123119.htm"
  },
  {
    "date": "2018-12-31",
    "symbol": "AKAM",
    "reportedCurrency": "USD",
    "cik": "0001086222",
    "fillingDate": "2019-02-28",
    "acceptedDate": "2019-02-28 16:50:47",
    "calendarYear": "2018",
    "period": "FY",
    "revenue": 2714474000,
    "costOfRevenue": 953485000,
    "grossProfit": 1760989000,
    "grossProfitRatio": 0.648740419,
    "researchAndDevelopmentExpenses": 246165000,
    "generalAndAdministrativeExpenses": 465422000,
    "sellingAndMarketingExpenses": 517353000,
    "sellingGeneralAndAdministrativeExpenses": 982775000,
    "otherExpenses": 169550000,
    "operatingExpenses": 1398490000,
    "costAndExpenses": 2351975000,
    "interestIncome": 26940000,
    "interestExpense": 43202000,
    "depreciationAndAmortization": 434520000,
    "ebitda": 820811000,
    "ebitdaratio": 0.3023830768,
    "operatingIncome": 362499000,
    "operatingIncomeRatio": 0.1335429995,
    "totalOtherIncomeExpensesNet": -19410000,
    "incomeBeforeTax": 343089000,
    "incomeBeforeTaxRatio": 0.1263924429,
    "incomeTaxExpense": 44716000,
    "netIncome": 298373000,
    "netIncomeRatio": 0.1099192698,
    "eps": 1.78,
    "epsdiluted": 1.76,
    "weightedAverageShsOut": 167312000,
    "weightedAverageShsOutDil": 169188000,
    "link": "https://www.sec.gov/Archives/edgar/data/1086222/000108622219000066/0001086222-19-000066-index.htm",
    "finalLink": "https://www.sec.gov/Archives/edgar/data/1086222/000108622219000066/akam10k123118.htm"
  },
  {
    "date": "2017-12-31",
    "symbol": "AKAM",
    "reportedCurrency": "USD",
    "cik": "0001086222",
    "fillingDate": "2018-03-01",
    "acceptedDate": "2018-03-01 09:07:51",
    "calendarYear": "2017",
    "period": "FY",
    "revenue": 2489035000,
    "costOfRevenue": 875837000,
    "grossProfit": 1613198000,
    "grossProfitRatio": 0.6481218625,
    "researchAndDevelopmentExpenses": 222434000,
    "generalAndAdministrativeExpenses": 406455000,
    "sellingAndMarketingExpenses": 481522000,
    "sellingGeneralAndAdministrativeExpenses": 887977000,
    "otherExpenses": 188498000,
    "operatingExpenses": 1298909000,
    "costAndExpenses": 2174746000,
    "interestIncome": 17855000,
    "interestExpense": 18839000,
    "depreciationAndAmortization": 372313000,
    "ebitda": 705344000,
    "ebitdaratio": 0.2833805069,
    "operatingIncome": 314289000,
    "operatingIncomeRatio": 0.1262694177,
    "totalOtherIncomeExpensesNet": -97000,
    "incomeBeforeTax": 314192000,
    "incomeBeforeTaxRatio": 0.1262304467,
    "incomeTaxExpense": 91426000,
    "netIncome": 222766000,
    "netIncomeRatio": 0.0894989424,
    "eps": 1.3,
    "epsdiluted": 1.29,
    "weightedAverageShsOut": 171558999,
    "weightedAverageShsOutDil": 172710999,
    "link": "https://www.sec.gov/Archives/edgar/data/1086222/000108622218000052/0001086222-18-000052-index.htm",
    "finalLink": "https://www.sec.gov/Archives/edgar/data/1086222/000108622218000052/akam10k123117.htm"
  },
  {
    "date": "2016-12-31",
    "symbol": "AKAM",
    "reportedCurrency": "USD",
    "cik": "0001086222",
    "fillingDate": "2017-02-28",
    "acceptedDate": "2017-02-28 16:08:12",
    "calendarYear": "2016",
    "period": "FY",
    "revenue": 2347988000,
    "costOfRevenue": 809106000,
    "grossProfit": 1538882000,
    "grossProfitRatio": 0.6554045421,
    "researchAndDevelopmentExpenses": 167628000,
    "generalAndAdministrativeExpenses": 371873000,
    "sellingAndMarketingExpenses": 427885000,
    "sellingGeneralAndAdministrativeExpenses": 799758000,
    "otherExpenses": 104986000,
    "operatingExpenses": 1072372000,
    "costAndExpenses": 1881478000,
    "interestIncome": 14702000,
    "interestExpense": 18638000,
    "depreciationAndAmortization": 334302000,
    "ebitda": 819302000,
    "ebitdaratio": 0.3489378992,
    "operatingIncome": 466510000,
    "operatingIncomeRatio": 0.1986850018,
    "totalOtherIncomeExpensesNet": -148000,
    "incomeBeforeTax": 466362000,
    "incomeBeforeTaxRatio": 0.1986219691,
    "incomeTaxExpense": 145635000,
    "netIncome": 320727000,
    "netIncomeRatio": 0.1365965243,
    "eps": 1.83,
    "epsdiluted": 1.82,
    "weightedAverageShsOut": 174916999,
    "weightedAverageShsOutDil": 176214999,
    "link": "https://www.sec.gov/Archives/edgar/data/1086222/000108622217000080/0001086222-17-000080-index.htm",
    "finalLink": "https://www.sec.gov/Archives/edgar/data/1086222/000108622217000080/akam10k123116.htm"
  },
  {
    "date": "2015-12-31",
    "symbol": "AKAM",
    "reportedCurrency": "USD",
    "cik": "0001086222",
    "fillingDate": "2016-02-29",
    "acceptedDate": "2016-02-29 14:26:42",
    "calendarYear": "2015",
    "period": "FY",
    "revenue": 2197448000,
    "costOfRevenue": 725620000,
    "grossProfit": 1471828000,
    "grossProfitRatio": 0.6697896833,
    "researchAndDevelopmentExpenses": 148591000,
    "generalAndAdministrativeExpenses": 330230000,
    "sellingAndMarketingExpenses": 440988000,
    "sellingGeneralAndAdministrativeExpenses": 771218000,
    "otherExpenses": 85869000,
    "operatingExpenses": 1005678000,
    "costAndExpenses": 1731298000,
    "interestIncome": 11200000,
    "interestExpense": 18525000,
    "depreciationAndAmortization": 299563000,
    "ebitda": 774712000,
    "ebitdaratio": 0.3525507771,
    "operatingIncome": 466150000,
    "operatingIncomeRatio": 0.2121324373,
    "totalOtherIncomeExpensesNet": -9526000,
    "incomeBeforeTax": 456624000,
    "incomeBeforeTaxRatio": 0.2077974086,
    "incomeTaxExpense": 135218000,
    "netIncome": 321406000,
    "netIncomeRatio": 0.1462633018,
    "eps": 1.8,
    "epsdiluted": 1.78,
    "weightedAverageShsOut": 178390999,
    "weightedAverageShsOutDil": 180414999,
    "link": "https://www.sec.gov/Archives/edgar/data/1086222/000108622216000245/0001086222-16-000245-index.htm",
    "finalLink": "https://www.sec.gov/Archives/edgar/data/1086222/000108622216000245/akam10k123115.htm"
  },
  {
    "date": "2014-12-31",
    "symbol": "AKAM",
    "reportedCurrency": "USD",
    "cik": "0001086222",
    "fillingDate": "2015-03-02",
    "acceptedDate": "2015-03-02 17:08:18",
    "calendarYear": "2014",
    "period": "FY",
    "revenue": 1963874000,
    "costOfRevenue": 610943000,
    "grossProfit": 1352931000,
    "grossProfitRatio": 0.6889092681,
    "researchAndDevelopmentExpenses": 125286000,
    "generalAndAdministrativeExpenses": 280652000,
    "sellingAndMarketingExpenses": 379035000,
    "sellingGeneralAndAdministrativeExpenses": 659687000,
    "otherExpenses": 78439000,
    "operatingExpenses": 863412000,
    "costAndExpenses": 1474355000,
    "interestIncome": 7680000,
    "interestExpense": 15463000,
    "depreciationAndAmortization": 247406000,
    "ebitda": 742645000,
    "ebitdaratio": 0.3781530791,
    "operatingIncome": 489519000,
    "operatingIncomeRatio": 0.249261918,
    "totalOtherIncomeExpensesNet": -9743000,
    "incomeBeforeTax": 479776000,
    "incomeBeforeTaxRatio": 0.2443008054,
    "incomeTaxExpense": 145828000,
    "netIncome": 333948000,
    "netIncomeRatio": 0.1700455325,
    "eps": 1.87,
    "epsdiluted": 1.84,
    "weightedAverageShsOut": 178278999,
    "weightedAverageShsOutDil": 181185999,
    "link": "https://www.sec.gov/Archives/edgar/data/1086222/000108622215000066/0001086222-15-000066-index.htm",
    "finalLink": "https://www.sec.gov/Archives/edgar/data/1086222/000108622215000066/akam10k123114.htm"
  },
  {
    "date": "2013-12-31",
    "symbol": "AKAM",
    "reportedCurrency": "USD",
    "cik": "0001086222",
    "fillingDate": "2014-03-03",
    "acceptedDate": "2014-03-03 16:16:52",
    "calendarYear": "2013",
    "period": "FY",
    "revenue": 1577922000,
    "costOfRevenue": 511087000,
    "grossProfit": 1066835000,
    "grossProfitRatio": 0.6761012268,
    "researchAndDevelopmentExpenses": 93879000,
    "generalAndAdministrativeExpenses": 225899000,
    "sellingAndMarketingExpenses": 280380000,
    "sellingGeneralAndAdministrativeExpenses": 506279000,
    "otherExpenses": 52709000,
    "operatingExpenses": 652867000,
    "costAndExpenses": 1163954000,
    "interestIncome": 6077000,
    "interestExpense": 0,
    "depreciationAndAmortization": 184431000,
    "ebitda": 602095000,
    "ebitdaratio": 0.3815746279,
    "operatingIncome": 413968000,
    "operatingIncomeRatio": 0.2623501035,
    "totalOtherIncomeExpensesNet": 5586000,
    "incomeBeforeTax": 419554000,
    "incomeBeforeTaxRatio": 0.2658902024,
    "incomeTaxExpense": 126067000,
    "netIncome": 293487000,
    "netIncomeRatio": 0.1859958857,
    "eps": 1.65,
    "epsdiluted": 1.61,
    "weightedAverageShsOut": 178195999,
    "weightedAverageShsOutDil": 181782999,
    "link": "https://www.sec.gov/Archives/edgar/data/1086222/000154256714000009/0001542567-14-000009-index.htm",
    "finalLink": "https://www.sec.gov/Archives/edgar/data/1086222/000154256714000009/akam10k123113.htm"
  },
  {
    "date": "2012-12-31",
    "symbol": "AKAM",
    "reportedCurrency": "USD",
    "cik": "0001086222",
    "fillingDate": "2013-03-01",
    "acceptedDate": "2013-03-01 16:20:00",
    "calendarYear": "2012",
    "period": "FY",
    "revenue": 1373947000,
    "costOfRevenue": 529900000,
    "grossProfit": 844047000,
    "grossProfitRatio": 0.6143228232,
    "researchAndDevelopmentExpenses": 74744000,
    "generalAndAdministrativeExpenses": 185697000,
    "sellingAndMarketingExpenses": 223348000,
    "sellingGeneralAndAdministrativeExpenses": 409045000,
    "otherExpenses": 45771000,
    "operatingExpenses": 529560000,
    "costAndExpenses": 1059460000,
    "interestIncome": 6455000,
    "interestExpense": 0,
    "depreciationAndAmortization": 204163000,
    "ebitda": 525754000,
    "ebitdaratio": 0.3826595931,
    "operatingIncome": 314487000,
    "operatingIncomeRatio": 0.2288931087,
    "totalOtherIncomeExpensesNet": 7104000,
    "incomeBeforeTax": 321591000,
    "incomeBeforeTaxRatio": 0.2340636138,
    "incomeTaxExpense": 117602000,
    "netIncome": 203989000,
    "netIncomeRatio": 0.1484693369,
    "eps": 1.15,
    "epsdiluted": 1.12,
    "weightedAverageShsOut": 177899999,
    "weightedAverageShsOutDil": 181748999,
    "link": "https://www.sec.gov/Archives/edgar/data/1086222/000126643213000021/0001266432-13-000021-index.htm",
    "finalLink": "https://www.sec.gov/Archives/edgar/data/1086222/000126643213000021/akam10k123112.htm"
  },
  {
    "date": "2011-12-31",
    "symbol": "AKAM",
    "reportedCurrency": "USD",
    "cik": "0001086222",
    "fillingDate": "2012-02-29",
    "acceptedDate": "2012-02-29 11:20:49",
    "calendarYear": "2011",
    "period": "FY",
    "revenue": 1158538000,
    "costOfRevenue": 453705000,
    "grossProfit": 704833000,
    "grossProfitRatio": 0.6083814256,
    "researchAndDevelopmentExpenses": 52333000,
    "generalAndAdministrativeExpenses": 163055000,
    "sellingAndMarketingExpenses": 163017000,
    "sellingGeneralAndAdministrativeExpenses": 326072000,
    "otherExpenses": 35779000,
    "operatingExpenses": 414184000,
    "costAndExpenses": 867889000,
    "interestIncome": 10421000,
    "interestExpense": 0,
    "depreciationAndAmortization": 167878000,
    "ebitda": 463993000,
    "ebitdaratio": 0.400498732,
    "operatingIncome": 290649000,
    "operatingIncomeRatio": 0.2508756726,
    "totalOtherIncomeExpensesNet": 16546000,
    "incomeBeforeTax": 307195000,
    "incomeBeforeTaxRatio": 0.2651574657,
    "incomeTaxExpense": 106291000,
    "netIncome": 200904000,
    "netIncomeRatio": 0.1734116619,
    "eps": 1.09,
    "epsdiluted": 1.07,
    "weightedAverageShsOut": 183865999,
    "weightedAverageShsOutDil": 187555999,
    "link": "https://www.sec.gov/Archives/edgar/data/1086222/000126643212000010/0001266432-12-000010-index.htm",
    "finalLink": "https://www.sec.gov/Archives/edgar/data/1086222/000126643212000010/akam10k123111.htm"
  },
  {
    "date": "2010-12-31",
    "symbol": "AKAM",
    "reportedCurrency": "USD",
    "cik": "0001086222",
    "fillingDate": "2011-03-01",
    "acceptedDate": "2011-03-01 12:47:11",
    "calendarYear": "2010",
    "period": "FY",
    "revenue": 1023586000,
    "costOfRevenue": 303400000,
    "grossProfit": 720186000,
    "grossProfitRatio": 0.7035911003,
    "researchAndDevelopmentExpenses": 54766000,
    "generalAndAdministrativeExpenses": 167779000,
    "sellingAndMarketingExpenses": 226704000,
    "sellingGeneralAndAdministrativeExpenses": 394483000,
    "otherExpenses": 16660000,
    "operatingExpenses": 465909000,
    "costAndExpenses": 769309000,
    "interestIncome": 12163000,
    "interestExpense": 1697000,
    "depreciationAndAmortization": 143242000,
    "ebitda": 407311000,
    "ebitdaratio": 0.3979255285,
    "operatingIncome": 254277000,
    "operatingIncomeRatio": 0.2484178174,
    "totalOtherIncomeExpensesNet": 8095000,
    "incomeBeforeTax": 262372000,
    "incomeBeforeTaxRatio": 0.2563262882,
    "incomeTaxExpense": 91152000,
    "netIncome": 171220000,
    "netIncomeRatio": 0.1672746599,
    "eps": 0.97,
    "epsdiluted": 0.9,
    "weightedAverageShsOut": 177308999,
    "weightedAverageShsOutDil": 190649999,
    "link": "https://www.sec.gov/Archives/edgar/data/1086222/000119312511051569/0001193125-11-051569-index.htm",
    "finalLink": "https://www.sec.gov/Archives/edgar/data/1086222/000119312511051569/d10k.htm"
  },
  {
    "date": "2009-12-31",
    "symbol": "AKAM",
    "reportedCurrency": "USD",
    "cik": "0001086222",
    "fillingDate": "2010-03-01",
    "acceptedDate": "2010-03-01 15:17:40",
    "calendarYear": "2009",
    "period": "FY",
    "revenue": 859773000,
    "costOfRevenue": 249938000,
    "grossProfit": 609835000,
    "grossProfitRatio": 0.7092976867,
    "researchAndDevelopmentExpenses": 43658000,
    "generalAndAdministrativeExpenses": 146100000,
    "sellingAndMarketingExpenses": 179421000,
    "sellingGeneralAndAdministrativeExpenses": 325521000,
    "otherExpenses": 17176000,
    "operatingExpenses": 386355000,
    "costAndExpenses": 636293000,
    "interestIncome": 15643000,
    "interestExpense": 2839000,
    "depreciationAndAmortization": 122494000,
    "ebitda": 362565000,
    "ebitdaratio": 0.4216985181,
    "operatingIncome": 223480000,
    "operatingIncomeRatio": 0.2599290743,
    "totalOtherIncomeExpensesNet": 13752000,
    "incomeBeforeTax": 237232000,
    "incomeBeforeTaxRatio": 0.2759239939,
    "incomeTaxExpense": 91319000,
    "netIncome": 145913000,
    "netIncomeRatio": 0.1697110749,
    "eps": 0.85,
    "epsdiluted": 0.78,
    "weightedAverageShsOut": 171424999,
    "weightedAverageShsOutDil": 188657999,
    "link": "https://www.sec.gov/Archives/edgar/data/1086222/000119312510044561/0001193125-10-044561-index.htm",
    "finalLink": "https://www.sec.gov/Archives/edgar/data/1086222/000119312510044561/d10k.htm"
  },
  {
    "date": "2008-12-31",
    "symbol": "AKAM",
    "reportedCurrency": "USD",
    "cik": "0001086222",
    "fillingDate": "2009-03-02",
    "acceptedDate": "2009-03-02 15:23:19",
    "calendarYear": "2008",
    "period": "FY",
    "revenue": 790924000,
    "costOfRevenue": 222610000,
    "grossProfit": 568314000,
    "grossProfitRatio": 0.7185443861,
    "researchAndDevelopmentExpenses": 39243000,
    "generalAndAdministrativeExpenses": 136028000,
    "sellingAndMarketingExpenses": 164365000,
    "sellingGeneralAndAdministrativeExpenses": 300393000,
    "otherExpenses": 16414000,
    "operatingExpenses": 356050000,
    "costAndExpenses": 578660000,
    "interestIncome": 24792000,
    "interestExpense": 2825000,
    "depreciationAndAmortization": 98080000,
    "ebitda": 335440000,
    "ebitdaratio": 0.4241115455,
    "operatingIncome": 212264000,
    "operatingIncomeRatio": 0.2683747111,
    "totalOtherIncomeExpensesNet": 22271000,
    "incomeBeforeTax": 234535000,
    "incomeBeforeTaxRatio": 0.2965329159,
    "incomeTaxExpense": 89397000,
    "netIncome": 145138000,
    "netIncomeRatio": 0.1835043569,
    "eps": 0.87,
    "epsdiluted": 0.79,
    "weightedAverageShsOut": 167672999,
    "weightedAverageShsOutDil": 186684999,
    "link": "https://www.sec.gov/Archives/edgar/data/1086222/000119312509042423/0001193125-09-042423-index.htm",
    "finalLink": "https://www.sec.gov/Archives/edgar/data/1086222/000119312509042423/d10k.htm"
  },
  {
    "date": "2007-12-31",
    "symbol": "AKAM",
    "reportedCurrency": "USD",
    "cik": "0001086222",
    "fillingDate": "2008-02-29",
    "acceptedDate": "2008-02-29 16:14:04",
    "calendarYear": "2007",
    "period": "FY",
    "revenue": 636406000,
    "costOfRevenue": 167444000,
    "grossProfit": 468962000,
    "grossProfitRatio": 0.7368912298,
    "researchAndDevelopmentExpenses": 44141000,
    "generalAndAdministrativeExpenses": 0,
    "sellingAndMarketingExpenses": 0,
    "sellingGeneralAndAdministrativeExpenses": 268657000,
    "otherExpenses": 11236000,
    "operatingExpenses": 324034000,
    "costAndExpenses": 491478000,
    "interestIncome": 0,
    "interestExpense": 0,
    "depreciationAndAmortization": 72735000,
    "ebitda": 217485000,
    "ebitdaratio": 0.3417393928,
    "operatingIncome": 144928000,
    "operatingIncomeRatio": 0.2277288398,
    "totalOtherIncomeExpensesNet": 23277000,
    "incomeBeforeTax": 168205000,
    "incomeBeforeTaxRatio": 0.2643045477,
    "incomeTaxExpense": 67238000,
    "netIncome": 100967000,
    "netIncomeRatio": 0.1586518669,
    "eps": 0.62,
    "epsdiluted": 0.56,
    "weightedAverageShsOut": 162958999,
    "weightedAverageShsOutDil": 185093999,
    "link": "https://www.sec.gov/Archives/edgar/data/1086222/000119312508043671/0001193125-08-043671-index.htm",
    "finalLink": "https://www.sec.gov/Archives/edgar/data/1086222/000119312508043671/d10k.htm"
  },
  {
    "date": "2006-12-31",
    "symbol": "AKAM",
    "reportedCurrency": "USD",
    "cik": "0001086222",
    "fillingDate": "2007-03-01",
    "acceptedDate": "2007-03-01 16:01:53",
    "calendarYear": "2006",
    "period": "FY",
    "revenue": 428672000,
    "costOfRevenue": 94100000,
    "grossProfit": 334572000,
    "grossProfitRatio": 0.7804848462,
    "researchAndDevelopmentExpenses": 33102000,
    "generalAndAdministrativeExpenses": 0,
    "sellingAndMarketingExpenses": 0,
    "sellingGeneralAndAdministrativeExpenses": 209880000,
    "otherExpenses": 8484000,
    "operatingExpenses": 251466000,
    "costAndExpenses": 345566000,
    "interestIncome": 0,
    "interestExpense": 0,
    "depreciationAndAmortization": 41426000,
    "ebitda": 124532000,
    "ebitdaratio": 0.2905064945,
    "operatingIncome": 83106000,
    "operatingIncomeRatio": 0.1938685055,
    "totalOtherIncomeExpensesNet": 15363000,
    "incomeBeforeTax": 98469000,
    "incomeBeforeTaxRatio": 0.2297070954,
    "incomeTaxExpense": 41068000,
    "netIncome": 57401000,
    "netIncomeRatio": 0.1339042438,
    "eps": 0.37,
    "epsdiluted": 0.34,
    "weightedAverageShsOut": 155365999,
    "weightedAverageShsOutDil": 176766999,
    "link": "https://www.sec.gov/Archives/edgar/data/1086222/000095013507001307/0000950135-07-001307-index.htm",
    "finalLink": "https://www.sec.gov/Archives/edgar/data/1086222/000095013507001307/b63630ate10vk.htm"
  },
  {
    "date": "2005-12-31",
    "symbol": "AKAM",
    "reportedCurrency": "USD",
    "cik": "0001086222",
    "fillingDate": "2006-03-16",
    "acceptedDate": "2006-03-16 14:34:07",
    "calendarYear": "2005",
    "period": "FY",
    "revenue": 283115000,
    "costOfRevenue": 55655000,
    "grossProfit": 227460000,
    "grossProfitRatio": 0.8034191053,
    "researchAndDevelopmentExpenses": 18071000,
    "generalAndAdministrativeExpenses": 0,
    "sellingAndMarketingExpenses": 0,
    "sellingGeneralAndAdministrativeExpenses": 130890000,
    "otherExpenses": 5124000,
    "operatingExpenses": 154085000,
    "costAndExpenses": 209740000,
    "interestIncome": 0,
    "interestExpense": 0,
    "depreciationAndAmortization": 25170000,
    "ebitda": 98545000,
    "ebitdaratio": 0.3480741042,
    "operatingIncome": 73375000,
    "operatingIncomeRatio": 0.2591703018,
    "totalOtherIncomeExpensesNet": -2971000,
    "incomeBeforeTax": 70404000,
    "incomeBeforeTaxRatio": 0.2486763329,
    "incomeTaxExpense": -257594000,
    "netIncome": 327998000,
    "netIncomeRatio": 1.1585327517,
    "eps": 2.41,
    "epsdiluted": 2.11,
    "weightedAverageShsOut": 136166999,
    "weightedAverageShsOutDil": 156943999,
    "link": "https://www.sec.gov/Archives/edgar/data/1086222/000095013506001650/0000950135-06-001650-index.htm",
    "finalLink": "https://www.sec.gov/Archives/edgar/data/1086222/000095013506001650/b58056ate10vk.htm"
  },
  {
    "date": "2004-12-31",
    "symbol": "AKAM",
    "reportedCurrency": "USD",
    "cik": "0001086222",
    "fillingDate": "2005-03-16",
    "acceptedDate": "2005-03-16 14:24:47",
    "calendarYear": "2004",
    "period": "FY",
    "revenue": 210015000,
    "costOfRevenue": 46150000,
    "grossProfit": 163865000,
    "grossProfitRatio": 0.7802537914,
    "researchAndDevelopmentExpenses": 12132000,
    "generalAndAdministrativeExpenses": 0,
    "sellingAndMarketingExpenses": 0,
    "sellingGeneralAndAdministrativeExpenses": 102718000,
    "otherExpenses": 48000,
    "operatingExpenses": 114898000,
    "costAndExpenses": 161048000,
    "interestIncome": 0,
    "interestExpense": 0,
    "depreciationAndAmortization": 20206000,
    "ebitda": 69173000,
    "ebitdaratio": 0.3293717115,
    "operatingIncome": 48967000,
    "operatingIncomeRatio": 0.2331595362,
    "totalOtherIncomeExpensesNet": -13831000,
    "incomeBeforeTax": 35136000,
    "incomeBeforeTaxRatio": 0.1673023355,
    "incomeTaxExpense": 772000,
    "netIncome": 34364000,
    "netIncomeRatio": 0.1636264076,
    "eps": 0.28,
    "epsdiluted": 0.25,
    "weightedAverageShsOut": 124406999,
    "weightedAverageShsOutDil": 146594999,
    "link": "https://www.sec.gov/Archives/edgar/data/1086222/000095013505001475/0000950135-05-001475-index.htm",
    "finalLink": "https://www.sec.gov/Archives/edgar/data/1086222/000095013505001475/b53269ate10vk.htm"
  },
  {
    "date": "2003-12-31",
    "symbol": "AKAM",
    "reportedCurrency": "USD",
    "cik": "0001086222",
    "fillingDate": "2004-03-10",
    "acceptedDate": "2004-03-10 09:03:00",
    "calendarYear": "2003",
    "period": "FY",
    "revenue": 161259000,
    "costOfRevenue": 61115000,
    "grossProfit": 100144000,
    "grossProfitRatio": 0.6210134008,
    "researchAndDevelopmentExpenses": 12971000,
    "generalAndAdministrativeExpenses": 0,
    "sellingAndMarketingExpenses": 0,
    "sellingGeneralAndAdministrativeExpenses": 104615000,
    "otherExpenses": -6287000,
    "operatingExpenses": 111299000,
    "costAndExpenses": 172414000,
    "interestIncome": 0,
    "interestExpense": 0,
    "depreciationAndAmortization": 51166000,
    "ebitda": 31490000,
    "ebitdaratio": 0.1952759226,
    "operatingIncome": -11155000,
    "operatingIncomeRatio": -0.0691744337,
    "totalOtherIncomeExpensesNet": -17497000,
    "incomeBeforeTax": -28652000,
    "incomeBeforeTaxRatio": -0.1776769049,
    "incomeTaxExpense": 629000,
    "netIncome": -29281000,
    "netIncomeRatio": -0.1815774623,
    "eps": -0.25,
    "epsdiluted": -0.25,
    "weightedAverageShsOut": 118074999,
    "weightedAverageShsOutDil": 118074999,
    "link": "https://www.sec.gov/Archives/edgar/data/1086222/000095013504001174/0000950135-04-001174-index.htm",
    "finalLink": "https://www.sec.gov/Archives/edgar/data/1086222/000095013504001174/b48973ate10vk.htm"
  },
  {
    "date": "2002-12-31",
    "symbol": "AKAM",
    "reportedCurrency": "USD",
    "cik": "0001086222",
    "fillingDate": "2003-03-28",
    "acceptedDate": "2003-03-28 15:40:00",
    "calendarYear": "2002",
    "period": "FY",
    "revenue": 144976000,
    "costOfRevenue": 85304000,
    "grossProfit": 59672000,
    "grossProfitRatio": 0.4115991612,
    "researchAndDevelopmentExpenses": 21766000,
    "generalAndAdministrativeExpenses": 0,
    "sellingAndMarketingExpenses": 0,
    "sellingGeneralAndAdministrativeExpenses": 162688000,
    "otherExpenses": 57754000,
    "operatingExpenses": 242208000,
    "costAndExpenses": 327512000,
    "interestIncome": 0,
    "interestExpense": 0,
    "depreciationAndAmortization": 97441000,
    "ebitda": -39271000,
    "ebitdaratio": -0.270879318,
    "operatingIncome": -182536000,
    "operatingIncomeRatio": -1.2590773645,
    "totalOtherIncomeExpensesNet": -19609000,
    "incomeBeforeTax": -202145000,
    "incomeBeforeTaxRatio": -1.3943342346,
    "incomeTaxExpense": 492000,
    "netIncome": -204437000,
    "netIncomeRatio": -1.4101437479,
    "eps": -1.81,
    "epsdiluted": -1.81,
    "weightedAverageShsOut": 112765999,
    "weightedAverageShsOutDil": 112765999,
    "link": "https://www.sec.gov/Archives/edgar/data/1086222/000095013503002051/0000950135-03-002051-index.htm",
    "finalLink": "https://www.sec.gov/Archives/edgar/data/1086222/000095013503002051/b45644ake10vk.htm"
  },
  {
    "date": "2001-12-31",
    "symbol": "AKAM",
    "reportedCurrency": "USD",
    "cik": "0001086222",
    "fillingDate": "2002-02-27",
    "acceptedDate": "2002-02-27 00:00:00",
    "calendarYear": "2001",
    "period": "FY",
    "revenue": 163214000,
    "costOfRevenue": 108335000,
    "grossProfit": 54879000,
    "grossProfitRatio": 0.3362395383,
    "researchAndDevelopmentExpenses": 44844000,
    "generalAndAdministrativeExpenses": 0,
    "sellingAndMarketingExpenses": 0,
    "sellingGeneralAndAdministrativeExpenses": 214793000,
    "otherExpenses": 2209140000,
    "operatingExpenses": 2468777000,
    "costAndExpenses": 2577112000,
    "interestIncome": 0,
    "interestExpense": 0,
    "depreciationAndAmortization": 336645000,
    "ebitda": -2036757000,
    "ebitdaratio": -12.479058169,
    "operatingIncome": -2413898000,
    "operatingIncomeRatio": -14.7897729361,
    "totalOtherIncomeExpensesNet": -20552000,
    "incomeBeforeTax": -2434450000,
    "incomeBeforeTaxRatio": -14.9156935067,
    "incomeTaxExpense": 1062000,
    "netIncome": -2435512000,
    "netIncomeRatio": -14.9222003014,
    "eps": -23.59,
    "epsdiluted": -23.59,
    "weightedAverageShsOut": 103232999,
    "weightedAverageShsOutDil": 103232999,
    "link": "https://www.sec.gov/Archives/edgar/data/1086222/000095013502001140/0000950135-02-001140-index.htm",
    "finalLink": "https://www.sec.gov/Archives/edgar/data/1086222/000095013502001140/b42039ate10-k405.htm"
  },
  {
    "date": "2000-12-31",
    "symbol": "AKAM",
    "reportedCurrency": "USD",
    "cik": "0001086222",
    "fillingDate": "2001-02-12",
    "acceptedDate": "2001-02-12 00:00:00",
    "calendarYear": "2000",
    "period": "FY",
    "revenue": 89766000,
    "costOfRevenue": 72207000,
    "grossProfit": 17559000,
    "grossProfitRatio": 0.1956085823,
    "researchAndDevelopmentExpenses": 38211000,
    "generalAndAdministrativeExpenses": 0,
    "sellingAndMarketingExpenses": 0,
    "sellingGeneralAndAdministrativeExpenses": 201449000,
    "otherExpenses": 677481000,
    "operatingExpenses": 917141000,
    "costAndExpenses": 989348000,
    "interestIncome": 0,
    "interestExpense": 0,
    "depreciationAndAmortization": 719591000,
    "ebitda": -178619000,
    "ebitdaratio": -1.9898291112,
    "operatingIncome": -899582000,
    "operatingIncomeRatio": -10.0214112247,
    "totalOtherIncomeExpensesNet": 13984000,
    "incomeBeforeTax": -885598000,
    "incomeBeforeTaxRatio": -9.8656284116,
    "incomeTaxExpense": 187000,
    "netIncome": -885785000,
    "netIncomeRatio": -9.8677116057,
    "eps": -10.07,
    "epsdiluted": -10.07,
    "weightedAverageShsOut": 87958999,
    "weightedAverageShsOutDil": 87958999,
    "link": "https://www.sec.gov/Archives/edgar/data/1086222/000095013501000445/0000950135-01-000445-index.htm",
    "finalLink": "https://www.sec.gov/Archives/edgar/data/1086222/000095013501000445/b37716ate10-k.htm"
  },
  {
    "date": "1999-12-31",
    "symbol": "AKAM",
    "reportedCurrency": "USD",
    "cik": "0001086222",
    "fillingDate": "2000-03-03",
    "acceptedDate": "2000-03-03 00:00:00",
    "calendarYear": "1999",
    "period": "FY",
    "revenue": 3986000,
    "costOfRevenue": 9002000,
    "grossProfit": -5016000,
    "grossProfitRatio": -1.2584044155,
    "researchAndDevelopmentExpenses": 11749000,
    "generalAndAdministrativeExpenses": 0,
    "sellingAndMarketingExpenses": 0,
    "sellingGeneralAndAdministrativeExpenses": 39626000,
    "otherExpenses": 47000,
    "operatingExpenses": 51422000,
    "costAndExpenses": 60424000,
    "interestIncome": 0,
    "interestExpense": 0,
    "depreciationAndAmortization": 3976000,
    "ebitda": -52462000,
    "ebitdaratio": -13.1615654792,
    "operatingIncome": -56438000,
    "operatingIncomeRatio": -14.1590566984,
    "totalOtherIncomeExpensesNet": 54293000,
    "incomeBeforeTax": -2145000,
    "incomeBeforeTaxRatio": -0.5381334671,
    "incomeTaxExpense": 0,
    "netIncome": -57559000,
    "netIncomeRatio": -14.4402910186,
    "eps": -1.91,
    "epsdiluted": -1.91,
    "weightedAverageShsOut": 30176999,
    "weightedAverageShsOutDil": 30176999,
    "link": "https://www.sec.gov/Archives/edgar/data/1086222/000095013500001233/0000950135-00-001233-index.html",
    "finalLink": "https://www.sec.gov/Archives/edgar/data/1086222/000095013500001233/"
  },
  {
    "date": "1998-12-31",
    "symbol": "AKAM",
    "reportedCurrency": "USD",
    "cik": "0001086222",
    "fillingDate": "1998-12-31",
    "acceptedDate": "1998-12-30 19:00:00",
    "calendarYear": "1998",
    "period": "FY",
    "revenue": 1000,
    "costOfRevenue": -200000,
    "grossProfit": 201000,
    "grossProfitRatio": 201,
    "researchAndDevelopmentExpenses": 200000,
    "generalAndAdministrativeExpenses": 0,
    "sellingAndMarketingExpenses": 0,
    "sellingGeneralAndAdministrativeExpenses": 600000,
    "otherExpenses": 300000,
    "operatingExpenses": 1100000,
    "costAndExpenses": 900000,
    "interestIncome": 0,
    "interestExpense": 0,
    "depreciationAndAmortization": 300000,
    "ebitda": -599000,
    "ebitdaratio": -599,
    "operatingIncome": -899000,
    "operatingIncomeRatio": -899,
    "totalOtherIncomeExpensesNet": 899000,
    "incomeBeforeTax": 0,
    "incomeBeforeTaxRatio": 0,
    "incomeTaxExpense": 0,
    "netIncome": -900000,
    "netIncomeRatio": -900,
    "eps": -0.05,
    "epsdiluted": -0.05,
    "weightedAverageShsOut": 18000000,
    "weightedAverageShsOutDil": 18000000,
    "link": "",
    "finalLink": ""
  }
]