[
  {
    "date": "2025-06-30",
    "symbol": "AKAM",
    "reportedCurrency": "USD",
    "cik": "0001086222",
    "fillingDate": "2025-08-08",
    "acceptedDate": "2025-08-08 16:07:17",
    "calendarYear": "2025",
    "period": "Q2",
    "revenue": 1043494000,
    "costOfRevenue": 426535000,
    "grossProfit": 616959000,
    "grossProfitRatio": 0.5912434571,
    "researchAndDevelopmentExpenses": 125838000,
    "generalAndAdministrativeExpenses": 162597000,
    "sellingAndMarketingExpenses": 146239000,
    "sellingGeneralAndAdministrativeExpenses": 308836000,
    "otherExpenses": 30824000,
    "operatingExpenses": 465498000,
    "costAndExpenses": 892033000,
    "interestIncome": 14129000,
    "interestExpense": 8201000,
    "depreciationAndAmortization": 175461000,
    "ebitda": 333578000,
    "ebitdaratio": 0.3196740949,
    "operatingIncome": 151461000,
    "operatingIncomeRatio": 0.1451479357,
    "totalOtherIncomeExpensesNet": 477000,
    "incomeBeforeTax": 151938000,
    "incomeBeforeTaxRatio": 0.1456050538,
    "incomeTaxExpense": 48320000,
    "netIncome": 103618000,
    "netIncomeRatio": 0.0992990856,
    "eps": 0.72,
    "epsdiluted": 0.71,
    "weightedAverageShsOut": 144757000,
    "weightedAverageShsOutDil": 145249000,
    "link": "https://www.sec.gov/Archives/edgar/data/1086222/000108622225000218/0001086222-25-000218-index.htm",
    "finalLink": "https://www.sec.gov/Archives/edgar/data/1086222/000108622225000218/akam-20250630.htm"
  },
  {
    "date": "2025-03-31",
    "symbol": "AKAM",
    "reportedCurrency": "USD",
    "cik": "0001086222",
    "fillingDate": "2025-05-09",
    "acceptedDate": "2025-05-09 16:08:03",
    "calendarYear": "2025",
    "period": "Q1",
    "revenue": 1015139000,
    "costOfRevenue": 418945000,
    "grossProfit": 596194000,
    "grossProfitRatio": 0.5873028226,
    "researchAndDevelopmentExpenses": 123549000,
    "generalAndAdministrativeExpenses": 253001000,
    "sellingAndMarketingExpenses": 19327000,
    "sellingGeneralAndAdministrativeExpenses": 272328000,
    "otherExpenses": 45734000,
    "operatingExpenses": 441611000,
    "costAndExpenses": 860556000,
    "interestIncome": 19530000,
    "interestExpense": 6750000,
    "depreciationAndAmortization": 174022000,
    "ebitda": 354155000,
    "ebitdaratio": 0.3488734055,
    "operatingIncome": 154583000,
    "operatingIncomeRatio": 0.1522776684,
    "totalOtherIncomeExpensesNet": 18800000,
    "incomeBeforeTax": 173383000,
    "incomeBeforeTaxRatio": 0.1707972997,
    "incomeTaxExpense": 50212000,
    "netIncome": 123171000,
    "netIncomeRatio": 0.1213341227,
    "eps": 0.83,
    "epsdiluted": 0.82,
    "weightedAverageShsOut": 149052000,
    "weightedAverageShsOutDil": 151064000,
    "link": "https://www.sec.gov/Archives/edgar/data/1086222/000108622225000149/0001086222-25-000149-index.htm",
    "finalLink": "https://www.sec.gov/Archives/edgar/data/1086222/000108622225000149/akam-20250331.htm"
  },
  {
    "date": "2024-12-31",
    "symbol": "AKAM",
    "reportedCurrency": "USD",
    "cik": "0001086222",
    "fillingDate": "2025-02-24",
    "acceptedDate": "2025-02-24 17:10:36",
    "calendarYear": "2024",
    "period": "Q4",
    "revenue": 1019939000,
    "costOfRevenue": 414356000,
    "grossProfit": 605583000,
    "grossProfitRatio": 0.5937443318,
    "researchAndDevelopmentExpenses": 120245000,
    "generalAndAdministrativeExpenses": 260235000,
    "sellingAndMarketingExpenses": 22825000,
    "sellingGeneralAndAdministrativeExpenses": 283060000,
    "otherExpenses": 54218000,
    "operatingExpenses": 457523000,
    "costAndExpenses": 871879000,
    "interestIncome": 22746000,
    "interestExpense": 6735000,
    "depreciationAndAmortization": 167949000,
    "ebitda": 338640000,
    "ebitdaratio": 0.3320198561,
    "operatingIncome": 148060000,
    "operatingIncomeRatio": 0.1451655442,
    "totalOtherIncomeExpensesNet": 10049000,
    "incomeBeforeTax": 158109000,
    "incomeBeforeTaxRatio": 0.1550180942,
    "incomeTaxExpense": 18204000,
    "netIncome": 139905000,
    "netIncomeRatio": 0.137169968,
    "eps": 0.93,
    "epsdiluted": 0.91,
    "weightedAverageShsOut": 150240000,
    "weightedAverageShsOutDil": 153091000,
    "link": "https://www.sec.gov/Archives/edgar/data/1086222/000108622225000028/0001086222-25-000028-index.htm",
    "finalLink": "https://www.sec.gov/Archives/edgar/data/1086222/000108622225000028/akam-20241231.htm"
  },
  {
    "date": "2024-09-30",
    "symbol": "AKAM",
    "reportedCurrency": "USD",
    "cik": "0001086222",
    "fillingDate": "2024-11-08",
    "acceptedDate": "2024-11-08 16:33:53",
    "calendarYear": "2024",
    "period": "Q3",
    "revenue": 1004679000,
    "costOfRevenue": 408806000,
    "grossProfit": 595873000,
    "grossProfitRatio": 0.5930978949,
    "researchAndDevelopmentExpenses": 120347000,
    "generalAndAdministrativeExpenses": 255174000,
    "sellingAndMarketingExpenses": 20329000,
    "sellingGeneralAndAdministrativeExpenses": 275503000,
    "otherExpenses": 129386000,
    "operatingExpenses": 525236000,
    "costAndExpenses": 934042000,
    "interestIncome": 23065000,
    "interestExpense": 6735000,
    "depreciationAndAmortization": 165729000,
    "ebitda": 244318000,
    "ebitdaratio": 0.24318016,
    "operatingIncome": 70637000,
    "operatingIncomeRatio": 0.0703080287,
    "totalOtherIncomeExpensesNet": 3169000,
    "incomeBeforeTax": 73806000,
    "incomeBeforeTaxRatio": 0.07346227,
    "incomeTaxExpense": 15899000,
    "netIncome": 57907000,
    "netIncomeRatio": 0.057637315,
    "eps": 0.38,
    "epsdiluted": 0.38,
    "weightedAverageShsOut": 151776000,
    "weightedAverageShsOutDil": 154765000,
    "link": "https://www.sec.gov/Archives/edgar/data/1086222/000108622224000216/0001086222-24-000216-index.htm",
    "finalLink": "https://www.sec.gov/Archives/edgar/data/1086222/000108622224000216/akam-20240930.htm"
  },
  {
    "date": "2024-06-30",
    "symbol": "AKAM",
    "reportedCurrency": "USD",
    "cik": "0001086222",
    "fillingDate": "2024-08-08",
    "acceptedDate": "2024-08-08 16:51:47",
    "calendarYear": "2024",
    "period": "Q2",
    "revenue": 979580000,
    "costOfRevenue": 402888000,
    "grossProfit": 576692000,
    "grossProfitRatio": 0.5887135303,
    "researchAndDevelopmentExpenses": 113352000,
    "generalAndAdministrativeExpenses": 247841000,
    "sellingAndMarketingExpenses": 25609000,
    "sellingGeneralAndAdministrativeExpenses": 273450000,
    "otherExpenses": 41904000,
    "operatingExpenses": 428706000,
    "costAndExpenses": 831594000,
    "interestIncome": 26628000,
    "interestExpense": 6829000,
    "depreciationAndAmortization": 158549000,
    "ebitda": 330265000,
    "ebitdaratio": 0.3371495947,
    "operatingIncome": 147986000,
    "operatingIncomeRatio": 0.1510708671,
    "totalOtherIncomeExpensesNet": 18850000,
    "incomeBeforeTax": 166836000,
    "incomeBeforeTaxRatio": 0.170313808,
    "incomeTaxExpense": 35148000,
    "netIncome": 131688000,
    "netIncomeRatio": 0.1344331244,
    "eps": 0.86,
    "epsdiluted": 0.86,
    "weightedAverageShsOut": 152265000,
    "weightedAverageShsOutDil": 153588000,
    "link": "https://www.sec.gov/Archives/edgar/data/1086222/000108622224000199/0001086222-24-000199-index.htm",
    "finalLink": "https://www.sec.gov/Archives/edgar/data/1086222/000108622224000199/akam-20240630.htm"
  },
  {
    "date": "2024-03-31",
    "symbol": "AKAM",
    "reportedCurrency": "USD",
    "cik": "0001086222",
    "fillingDate": "2024-05-09",
    "acceptedDate": "2024-05-09 16:46:48",
    "calendarYear": "2024",
    "period": "Q1",
    "revenue": 986970000,
    "costOfRevenue": 394743000,
    "grossProfit": 592227000,
    "grossProfitRatio": 0.6000455941,
    "researchAndDevelopmentExpenses": 116932000,
    "generalAndAdministrativeExpenses": 252107000,
    "sellingAndMarketingExpenses": 16841000,
    "sellingGeneralAndAdministrativeExpenses": 268948000,
    "otherExpenses": 39619000,
    "operatingExpenses": 425499000,
    "costAndExpenses": 820242000,
    "interestIncome": 27841000,
    "interestExpense": 6818000,
    "depreciationAndAmortization": 156183000,
    "ebitda": 351263000,
    "ebitdaratio": 0.355900382,
    "operatingIncome": 166728000,
    "operatingIncomeRatio": 0.1689291468,
    "totalOtherIncomeExpensesNet": 21534000,
    "incomeBeforeTax": 188262000,
    "incomeBeforeTaxRatio": 0.1907474391,
    "incomeTaxExpense": 12844000,
    "netIncome": 175418000,
    "netIncomeRatio": 0.1777338724,
    "eps": 1.16,
    "epsdiluted": 1.11,
    "weightedAverageShsOut": 151628000,
    "weightedAverageShsOutDil": 157466000,
    "link": "https://www.sec.gov/Archives/edgar/data/1086222/000108622224000148/0001086222-24-000148-index.htm",
    "finalLink": "https://www.sec.gov/Archives/edgar/data/1086222/000108622224000148/akam-20240331.htm"
  },
  {
    "date": "2023-12-31",
    "symbol": "AKAM",
    "reportedCurrency": "USD",
    "cik": "0001086222",
    "fillingDate": "2023-12-31",
    "acceptedDate": "2023-12-30 19:00:00",
    "calendarYear": "2023",
    "period": "Q4",
    "revenue": 995017000,
    "costOfRevenue": 393397000,
    "grossProfit": 601620000,
    "grossProfitRatio": 0.6046328857,
    "researchAndDevelopmentExpenses": 109202000,
    "generalAndAdministrativeExpenses": 250438000,
    "sellingAndMarketingExpenses": 22124000,
    "sellingGeneralAndAdministrativeExpenses": 272562000,
    "otherExpenses": 35070000,
    "operatingExpenses": 416834000,
    "costAndExpenses": 810231000,
    "interestIncome": 23981000,
    "interestExpense": 6884000,
    "depreciationAndAmortization": 147634000,
    "ebitda": 354620000,
    "ebitdaratio": 0.3563959209,
    "operatingIncome": 184786000,
    "operatingIncomeRatio": 0.1857113999,
    "totalOtherIncomeExpensesNet": 11455000,
    "incomeBeforeTax": 196241000,
    "incomeBeforeTaxRatio": 0.197223766,
    "incomeTaxExpense": 35076000,
    "netIncome": 161165000,
    "netIncomeRatio": 0.161972107,
    "eps": 1.07,
    "epsdiluted": 1.03,
    "weightedAverageShsOut": 150979000,
    "weightedAverageShsOutDil": 157024000,
    "link": null,
    "finalLink": null
  },
  {
    "date": "2023-09-30",
    "symbol": "AKAM",
    "reportedCurrency": "USD",
    "cik": "0001086222",
    "fillingDate": "2023-11-08",
    "acceptedDate": "2023-11-08 16:06:42",
    "calendarYear": "2023",
    "period": "Q3",
    "revenue": 965484000,
    "costOfRevenue": 383075000,
    "grossProfit": 582409000,
    "grossProfitRatio": 0.6032300898,
    "researchAndDevelopmentExpenses": 105942000,
    "generalAndAdministrativeExpenses": 241918000,
    "sellingAndMarketingExpenses": 20801000,
    "sellingGeneralAndAdministrativeExpenses": 262719000,
    "otherExpenses": 37619000,
    "operatingExpenses": 406280000,
    "costAndExpenses": 789355000,
    "interestIncome": 11412000,
    "interestExpense": 4987000,
    "depreciationAndAmortization": 148560000,
    "ebitda": 331412000,
    "ebitdaratio": 0.3432599608,
    "operatingIncome": 176129000,
    "operatingIncomeRatio": 0.1824256021,
    "totalOtherIncomeExpensesNet": 4739000,
    "incomeBeforeTax": 180868000,
    "incomeBeforeTaxRatio": 0.1873340211,
    "incomeTaxExpense": 20326000,
    "netIncome": 160542000,
    "netIncomeRatio": 0.1662813677,
    "eps": 1.06,
    "epsdiluted": 1.04,
    "weightedAverageShsOut": 151359000,
    "weightedAverageShsOutDil": 154976000,
    "link": "https://www.sec.gov/Archives/edgar/data/1086222/000108622223000285/0001086222-23-000285-index.htm",
    "finalLink": "https://www.sec.gov/Archives/edgar/data/1086222/000108622223000285/akam-20230930.htm"
  },
  {
    "date": "2023-06-30",
    "symbol": "AKAM",
    "reportedCurrency": "USD",
    "cik": "0001086222",
    "fillingDate": "2023-08-08",
    "acceptedDate": "2023-08-08 16:34:13",
    "calendarYear": "2023",
    "period": "Q2",
    "revenue": 935721000,
    "costOfRevenue": 373275000,
    "grossProfit": 562446000,
    "grossProfitRatio": 0.6010830151,
    "researchAndDevelopmentExpenses": 99041000,
    "generalAndAdministrativeExpenses": 242268000,
    "sellingAndMarketingExpenses": 26355000,
    "sellingGeneralAndAdministrativeExpenses": 268623000,
    "otherExpenses": 44997000,
    "operatingExpenses": 412661000,
    "costAndExpenses": 785936000,
    "interestIncome": 4509000,
    "interestExpense": 3157000,
    "depreciationAndAmortization": 139125000,
    "ebitda": 291122000,
    "ebitdaratio": 0.3111205156,
    "operatingIncome": 149785000,
    "operatingIncomeRatio": 0.1600744239,
    "totalOtherIncomeExpensesNet": 222000,
    "incomeBeforeTax": 150007000,
    "incomeBeforeTaxRatio": 0.1603116741,
    "incomeTaxExpense": 21191000,
    "netIncome": 128816000,
    "netIncomeRatio": 0.1376649664,
    "eps": 0.85,
    "epsdiluted": 0.84,
    "weightedAverageShsOut": 152064000,
    "weightedAverageShsOutDil": 153454000,
    "link": "https://www.sec.gov/Archives/edgar/data/1086222/000108622223000248/0001086222-23-000248-index.htm",
    "finalLink": "https://www.sec.gov/Archives/edgar/data/1086222/000108622223000248/akam-20230630.htm"
  },
  {
    "date": "2023-03-31",
    "symbol": "AKAM",
    "reportedCurrency": "USD",
    "cik": "0001086222",
    "fillingDate": "2023-05-09",
    "acceptedDate": "2023-05-09 16:50:20",
    "calendarYear": "2023",
    "period": "Q1",
    "revenue": 915698000,
    "costOfRevenue": 361316000,
    "grossProfit": 554382000,
    "grossProfitRatio": 0.6054201276,
    "researchAndDevelopmentExpenses": 91863000,
    "generalAndAdministrativeExpenses": 233469000,
    "sellingAndMarketingExpenses": 19801000,
    "sellingGeneralAndAdministrativeExpenses": 253270000,
    "otherExpenses": 82611000,
    "operatingExpenses": 427744000,
    "costAndExpenses": 789060000,
    "interestIncome": 5292000,
    "interestExpense": 2681000,
    "depreciationAndAmortization": 135457000,
    "ebitda": 265024000,
    "ebitdaratio": 0.289422932,
    "operatingIncome": 126638000,
    "operatingIncomeRatio": 0.1382966873,
    "totalOtherIncomeExpensesNet": 248000,
    "incomeBeforeTax": 126886000,
    "incomeBeforeTaxRatio": 0.138567519,
    "incomeTaxExpense": 29780000,
    "netIncome": 97106000,
    "netIncomeRatio": 0.1060458798,
    "eps": 0.62,
    "epsdiluted": 0.62,
    "weightedAverageShsOut": 156135000,
    "weightedAverageShsOutDil": 156135000,
    "link": "https://www.sec.gov/Archives/edgar/data/1086222/000108622223000187/0001086222-23-000187-index.htm",
    "finalLink": "https://www.sec.gov/Archives/edgar/data/1086222/000108622223000187/akam-20230331.htm"
  },
  {
    "date": "2022-12-31",
    "symbol": "AKAM",
    "reportedCurrency": "USD",
    "cik": "0001086222",
    "fillingDate": "2023-02-28",
    "acceptedDate": "2023-02-28 16:10:11",
    "calendarYear": "2022",
    "period": "Q4",
    "revenue": 927779000,
    "costOfRevenue": 357968000,
    "grossProfit": 569811000,
    "grossProfitRatio": 0.6141667358,
    "researchAndDevelopmentExpenses": 105382000,
    "generalAndAdministrativeExpenses": -187459000,
    "sellingAndMarketingExpenses": 444061000,
    "sellingGeneralAndAdministrativeExpenses": 256602000,
    "otherExpenses": 40352000,
    "operatingExpenses": 402336000,
    "costAndExpenses": 760304000,
    "interestIncome": 5018000,
    "interestExpense": 2684000,
    "depreciationAndAmortization": 148570000,
    "ebitda": 317894000,
    "ebitdaratio": 0.3426397881,
    "operatingIncome": 167475000,
    "operatingIncomeRatio": 0.1805117382,
    "totalOtherIncomeExpensesNet": 925000,
    "incomeBeforeTax": 168400000,
    "incomeBeforeTaxRatio": 0.1815087429,
    "incomeTaxExpense": -8418000,
    "netIncome": 176818000,
    "netIncomeRatio": 0.1905820244,
    "eps": 1.11,
    "epsdiluted": 1.12,
    "weightedAverageShsOut": 157451000,
    "weightedAverageShsOutDil": 157451000,
    "link": "https://www.sec.gov/Archives/edgar/data/1086222/000108622223000078/0001086222-23-000078-index.htm",
    "finalLink": "https://www.sec.gov/Archives/edgar/data/1086222/000108622223000078/akam-20221231.htm"
  },
  {
    "date": "2022-09-30",
    "symbol": "AKAM",
    "reportedCurrency": "USD",
    "cik": "0001086222",
    "fillingDate": "2022-11-08",
    "acceptedDate": "2022-11-08 16:49:18",
    "calendarYear": "2022",
    "period": "Q3",
    "revenue": 881896000,
    "costOfRevenue": 346450000,
    "grossProfit": 535446000,
    "grossProfitRatio": 0.6071532244,
    "researchAndDevelopmentExpenses": 94047000,
    "generalAndAdministrativeExpenses": 220104000,
    "sellingAndMarketingExpenses": 19806000,
    "sellingGeneralAndAdministrativeExpenses": 239910000,
    "otherExpenses": 41051000,
    "operatingExpenses": 375008000,
    "costAndExpenses": 721458000,
    "interestIncome": 782000,
    "interestExpense": 2785000,
    "depreciationAndAmortization": 150985000,
    "ebitda": 310760000,
    "ebitdaratio": 0.352377151,
    "operatingIncome": 160438000,
    "operatingIncomeRatio": 0.1819239457,
    "totalOtherIncomeExpensesNet": -2278000,
    "incomeBeforeTax": 158160000,
    "incomeBeforeTaxRatio": 0.1793408747,
    "incomeTaxExpense": 34466000,
    "netIncome": 123694000,
    "netIncomeRatio": 0.1402591689,
    "eps": 0.68,
    "epsdiluted": 0.68,
    "weightedAverageShsOut": 158715000,
    "weightedAverageShsOutDil": 159068000,
    "link": "https://www.sec.gov/Archives/edgar/data/1086222/000108622222000251/0001086222-22-000251-index.htm",
    "finalLink": "https://www.sec.gov/Archives/edgar/data/1086222/000108622222000251/akam-20220930.htm"
  },
  {
    "date": "2022-06-30",
    "symbol": "AKAM",
    "reportedCurrency": "USD",
    "cik": "0001086222",
    "fillingDate": "2022-08-09",
    "acceptedDate": "2022-08-09 16:11:20",
    "calendarYear": "2022",
    "period": "Q2",
    "revenue": 903332000,
    "costOfRevenue": 346649000,
    "grossProfit": 556683000,
    "grossProfitRatio": 0.6162551531,
    "researchAndDevelopmentExpenses": 92070000,
    "generalAndAdministrativeExpenses": 222356000,
    "sellingAndMarketingExpenses": 23086000,
    "sellingGeneralAndAdministrativeExpenses": 245442000,
    "otherExpenses": 44129000,
    "operatingExpenses": 381641000,
    "costAndExpenses": 728290000,
    "interestIncome": 0,
    "interestExpense": 2932000,
    "depreciationAndAmortization": 150604000,
    "ebitda": 325293000,
    "ebitdaratio": 0.3601034835,
    "operatingIncome": 175042000,
    "operatingIncomeRatio": 0.1937737177,
    "totalOtherIncomeExpensesNet": -4447000,
    "incomeBeforeTax": 170595000,
    "incomeBeforeTaxRatio": 0.1888508323,
    "incomeTaxExpense": 32755000,
    "netIncome": 137840000,
    "netIncomeRatio": 0.1525906311,
    "eps": 0.75,
    "epsdiluted": 0.74,
    "weightedAverageShsOut": 160038000,
    "weightedAverageShsOutDil": 161710000,
    "link": "https://www.sec.gov/Archives/edgar/data/1086222/000108622222000224/0001086222-22-000224-index.htm",
    "finalLink": "https://www.sec.gov/Archives/edgar/data/1086222/000108622222000224/akam-20220630.htm"
  },
  {
    "date": "2022-03-31",
    "symbol": "AKAM",
    "reportedCurrency": "USD",
    "cik": "0001086222",
    "fillingDate": "2022-05-09",
    "acceptedDate": "2022-05-09 16:20:44",
    "calendarYear": "2022",
    "period": "Q1",
    "revenue": 903647000,
    "costOfRevenue": 332752000,
    "grossProfit": 570895000,
    "grossProfitRatio": 0.6317677146,
    "researchAndDevelopmentExpenses": 99935000,
    "generalAndAdministrativeExpenses": 121680000,
    "sellingAndMarketingExpenses": 122719000,
    "sellingGeneralAndAdministrativeExpenses": 244399000,
    "otherExpenses": 53242000,
    "operatingExpenses": 397576000,
    "costAndExpenses": 730328000,
    "interestIncome": 0,
    "interestExpense": 2906000,
    "depreciationAndAmortization": 142595000,
    "ebitda": 306349000,
    "ebitdaratio": 0.3390140176,
    "operatingIncome": 173319000,
    "operatingIncomeRatio": 0.1917994527,
    "totalOtherIncomeExpensesNet": -12471000,
    "incomeBeforeTax": 160848000,
    "incomeBeforeTaxRatio": 0.1779987097,
    "incomeTaxExpense": 19837000,
    "netIncome": 133376000,
    "netIncomeRatio": 0.1475974579,
    "eps": 0.74,
    "epsdiluted": 0.73,
    "weightedAverageShsOut": 160494000,
    "weightedAverageShsOutDil": 163637000,
    "link": "https://www.sec.gov/Archives/edgar/data/1086222/000108622222000159/0001086222-22-000159-index.htm",
    "finalLink": "https://www.sec.gov/Archives/edgar/data/1086222/000108622222000159/akam-20220331.htm"
  },
  {
    "date": "2021-12-31",
    "symbol": "AKAM",
    "reportedCurrency": "USD",
    "cik": "0001086222",
    "fillingDate": "2022-02-28",
    "acceptedDate": "2022-02-28 16:10:31",
    "calendarYear": "2021",
    "period": "Q4",
    "revenue": 905358000,
    "costOfRevenue": 325403000,
    "grossProfit": 579955000,
    "grossProfitRatio": 0.6405808531,
    "researchAndDevelopmentExpenses": 93173000,
    "generalAndAdministrativeExpenses": -186987000,
    "sellingAndMarketingExpenses": 428380000,
    "sellingGeneralAndAdministrativeExpenses": 241393000,
    "otherExpenses": 49304000,
    "operatingExpenses": 383870000,
    "costAndExpenses": 709273000,
    "interestIncome": 3434000,
    "interestExpense": 18317000,
    "depreciationAndAmortization": 141699000,
    "ebitda": 340996000,
    "ebitdaratio": 0.3766421681,
    "operatingIncome": 196085000,
    "operatingIncomeRatio": 0.2165828324,
    "totalOtherIncomeExpensesNet": -15105000,
    "incomeBeforeTax": 180980000,
    "incomeBeforeTaxRatio": 0.1998988246,
    "incomeTaxExpense": 19016000,
    "netIncome": 160534000,
    "netIncomeRatio": 0.1773154929,
    "eps": 0.99,
    "epsdiluted": 0.97,
    "weightedAverageShsOut": 161757000,
    "weightedAverageShsOutDil": 164947000,
    "link": "https://www.sec.gov/Archives/edgar/data/1086222/000108622222000058/0001086222-22-000058-index.htm",
    "finalLink": "https://www.sec.gov/Archives/edgar/data/1086222/000108622222000058/akam-20211231.htm"
  },
  {
    "date": "2021-09-30",
    "symbol": "AKAM",
    "reportedCurrency": "USD",
    "cik": "0001086222",
    "fillingDate": "2021-11-08",
    "acceptedDate": "2021-11-08 16:12:05",
    "calendarYear": "2021",
    "period": "Q3",
    "revenue": 860333000,
    "costOfRevenue": 316866000,
    "grossProfit": 543467000,
    "grossProfitRatio": 0.6316937744,
    "researchAndDevelopmentExpenses": 82899000,
    "generalAndAdministrativeExpenses": 209761000,
    "sellingAndMarketingExpenses": 10878000,
    "sellingGeneralAndAdministrativeExpenses": 220639000,
    "otherExpenses": 34664000,
    "operatingExpenses": 338202000,
    "costAndExpenses": 655068000,
    "interestIncome": 2872000,
    "interestExpense": 18144000,
    "depreciationAndAmortization": 139747000,
    "ebitda": 351519000,
    "ebitdaratio": 0.4085848154,
    "operatingIncome": 205265000,
    "operatingIncomeRatio": 0.2385878491,
    "totalOtherIncomeExpensesNet": -11637000,
    "incomeBeforeTax": 193628000,
    "incomeBeforeTaxRatio": 0.2250616912,
    "incomeTaxExpense": 13648000,
    "netIncome": 178916000,
    "netIncomeRatio": 0.2079613359,
    "eps": 1.1,
    "epsdiluted": 1.08,
    "weightedAverageShsOut": 162767000,
    "weightedAverageShsOutDil": 166318000,
    "link": "https://www.sec.gov/Archives/edgar/data/1086222/000108622221000285/0001086222-21-000285-index.htm",
    "finalLink": "https://www.sec.gov/Archives/edgar/data/1086222/000108622221000285/akam-20210930.htm"
  },
  {
    "date": "2021-06-30",
    "symbol": "AKAM",
    "reportedCurrency": "USD",
    "cik": "0001086222",
    "fillingDate": "2021-08-06",
    "acceptedDate": "2021-08-06 16:16:46",
    "calendarYear": "2021",
    "period": "Q2",
    "revenue": 852824000,
    "costOfRevenue": 320000000,
    "grossProfit": 532824000,
    "grossProfitRatio": 0.6247760382,
    "researchAndDevelopmentExpenses": 77255000,
    "generalAndAdministrativeExpenses": 112695000,
    "sellingAndMarketingExpenses": 111894000,
    "sellingGeneralAndAdministrativeExpenses": 224589000,
    "otherExpenses": 31546000,
    "operatingExpenses": 333390000,
    "costAndExpenses": 653390000,
    "interestIncome": 4736000,
    "interestExpense": 18037000,
    "depreciationAndAmortization": 137715000,
    "ebitda": 341074000,
    "ebitdaratio": 0.3999348048,
    "operatingIncome": 199434000,
    "operatingIncomeRatio": 0.2338512987,
    "totalOtherIncomeExpensesNet": -14112000,
    "incomeBeforeTax": 185322000,
    "incomeBeforeTaxRatio": 0.217303922,
    "incomeTaxExpense": 18009000,
    "netIncome": 156497000,
    "netIncomeRatio": 0.1835044511,
    "eps": 0.96,
    "epsdiluted": 0.94,
    "weightedAverageShsOut": 163074000,
    "weightedAverageShsOutDil": 166263000,
    "link": "https://www.sec.gov/Archives/edgar/data/1086222/000108622221000249/0001086222-21-000249-index.htm",
    "finalLink": "https://www.sec.gov/Archives/edgar/data/1086222/000108622221000249/akam-20210630.htm"
  },
  {
    "date": "2021-03-31",
    "symbol": "AKAM",
    "reportedCurrency": "USD",
    "cik": "0001086222",
    "fillingDate": "2021-05-07",
    "acceptedDate": "2021-05-07 16:07:11",
    "calendarYear": "2021",
    "period": "Q1",
    "revenue": 842708000,
    "costOfRevenue": 306687000,
    "grossProfit": 536021000,
    "grossProfitRatio": 0.6360696706,
    "researchAndDevelopmentExpenses": 82045000,
    "generalAndAdministrativeExpenses": 116002000,
    "sellingAndMarketingExpenses": 116354000,
    "sellingGeneralAndAdministrativeExpenses": 232356000,
    "otherExpenses": 39256000,
    "operatingExpenses": 353657000,
    "costAndExpenses": 660344000,
    "interestIncome": 4578000,
    "interestExpense": 17834000,
    "depreciationAndAmortization": 131471000,
    "ebitda": 317596000,
    "ebitdaratio": 0.3768755014,
    "operatingIncome": 182364000,
    "operatingIncomeRatio": 0.21640236,
    "totalOtherIncomeExpensesNet": -14073000,
    "incomeBeforeTax": 168291000,
    "incomeBeforeTaxRatio": 0.1997026253,
    "incomeTaxExpense": 11898000,
    "netIncome": 155695000,
    "netIncomeRatio": 0.1847555737,
    "eps": 0.95,
    "epsdiluted": 0.94,
    "weightedAverageShsOut": 163061000,
    "weightedAverageShsOutDil": 165688000,
    "link": "https://www.sec.gov/Archives/edgar/data/1086222/000108622221000146/0001086222-21-000146-index.htm",
    "finalLink": "https://www.sec.gov/Archives/edgar/data/1086222/000108622221000146/akam-20210331.htm"
  },
  {
    "date": "2020-12-31",
    "symbol": "AKAM",
    "reportedCurrency": "USD",
    "cik": "0001086222",
    "fillingDate": "2021-02-26",
    "acceptedDate": "2021-02-26 16:17:08",
    "calendarYear": "2020",
    "period": "Q4",
    "revenue": 846287000,
    "costOfRevenue": 303847000,
    "grossProfit": 542440000,
    "grossProfitRatio": 0.64096459,
    "researchAndDevelopmentExpenses": 67228000,
    "generalAndAdministrativeExpenses": 137458000,
    "sellingAndMarketingExpenses": 140401000,
    "sellingGeneralAndAdministrativeExpenses": 277859000,
    "otherExpenses": 62736000,
    "operatingExpenses": 407823000,
    "costAndExpenses": 711670000,
    "interestIncome": 6270000,
    "interestExpense": 17342000,
    "depreciationAndAmortization": 127708000,
    "ebitda": 274010000,
    "ebitdaratio": 0.323779049,
    "operatingIncome": 134617000,
    "operatingIncomeRatio": 0.1590677867,
    "totalOtherIncomeExpensesNet": -5657000,
    "incomeBeforeTax": 128960000,
    "incomeBeforeTaxRatio": 0.1523832931,
    "incomeTaxExpense": 4158000,
    "netIncome": 113370000,
    "netIncomeRatio": 0.1339616466,
    "eps": 0.7,
    "epsdiluted": 0.68,
    "weightedAverageShsOut": 162798000,
    "weightedAverageShsOutDil": 165879000,
    "link": "https://www.sec.gov/Archives/edgar/data/1086222/000108622221000075/0001086222-21-000075-index.htm",
    "finalLink": "https://www.sec.gov/Archives/edgar/data/1086222/000108622221000075/akam-20201231.htm"
  },
  {
    "date": "2020-09-30",
    "symbol": "AKAM",
    "reportedCurrency": "USD",
    "cik": "0001086222",
    "fillingDate": "2020-11-06",
    "acceptedDate": "2020-11-06 16:07:44",
    "calendarYear": "2020",
    "period": "Q3",
    "revenue": 792845000,
    "costOfRevenue": 283439000,
    "grossProfit": 509406000,
    "grossProfitRatio": 0.6425038942,
    "researchAndDevelopmentExpenses": 66773000,
    "generalAndAdministrativeExpenses": 219653000,
    "sellingAndMarketingExpenses": 11483000,
    "sellingGeneralAndAdministrativeExpenses": 231136000,
    "otherExpenses": 30339000,
    "operatingExpenses": 328248000,
    "costAndExpenses": 611687000,
    "interestIncome": 6307000,
    "interestExpense": 17324000,
    "depreciationAndAmortization": 118893000,
    "ebitda": 304200000,
    "ebitdaratio": 0.3836815519,
    "operatingIncome": 181158000,
    "operatingIncomeRatio": 0.228491067,
    "totalOtherIncomeExpensesNet": -13175000,
    "incomeBeforeTax": 167983000,
    "incomeBeforeTaxRatio": 0.2118736954,
    "incomeTaxExpense": 8801000,
    "netIncome": 158623000,
    "netIncomeRatio": 0.2000681092,
    "eps": 0.97,
    "epsdiluted": 0.95,
    "weightedAverageShsOut": 162757000,
    "weightedAverageShsOutDil": 166519000,
    "link": "https://www.sec.gov/Archives/edgar/data/1086222/000108622220000220/0001086222-20-000220-index.htm",
    "finalLink": "https://www.sec.gov/Archives/edgar/data/1086222/000108622220000220/akam-20200930.htm"
  },
  {
    "date": "2020-06-30",
    "symbol": "AKAM",
    "reportedCurrency": "USD",
    "cik": "0001086222",
    "fillingDate": "2020-08-07",
    "acceptedDate": "2020-08-07 17:29:53",
    "calendarYear": "2020",
    "period": "Q2",
    "revenue": 794715000,
    "costOfRevenue": 276804000,
    "grossProfit": 517911000,
    "grossProfitRatio": 0.6516940035,
    "researchAndDevelopmentExpenses": 64090000,
    "generalAndAdministrativeExpenses": 105825000,
    "sellingAndMarketingExpenses": 123469000,
    "sellingGeneralAndAdministrativeExpenses": 229294000,
    "otherExpenses": 34098000,
    "operatingExpenses": 327482000,
    "costAndExpenses": 604286000,
    "interestIncome": 9502000,
    "interestExpense": 17249000,
    "depreciationAndAmortization": 115580000,
    "ebitda": 313908000,
    "ebitdaratio": 0.394994432,
    "operatingIncome": 190429000,
    "operatingIncomeRatio": 0.2396192346,
    "totalOtherIncomeExpensesNet": -9350000,
    "incomeBeforeTax": 181079000,
    "incomeBeforeTaxRatio": 0.2278540106,
    "incomeTaxExpense": 18671000,
    "netIncome": 161915000,
    "netIncomeRatio": 0.2037397054,
    "eps": 1,
    "epsdiluted": 0.98,
    "weightedAverageShsOut": 162413000,
    "weightedAverageShsOutDil": 164768000,
    "link": "https://www.sec.gov/Archives/edgar/data/1086222/000108622220000198/0001086222-20-000198-index.htm",
    "finalLink": "https://www.sec.gov/Archives/edgar/data/1086222/000108622220000198/akam-20200630.htm"
  },
  {
    "date": "2020-03-31",
    "symbol": "AKAM",
    "reportedCurrency": "USD",
    "cik": "0001086222",
    "fillingDate": "2020-05-08",
    "acceptedDate": "2020-05-08 16:11:12",
    "calendarYear": "2020",
    "period": "Q1",
    "revenue": 764302000,
    "costOfRevenue": 268582000,
    "grossProfit": 495720000,
    "grossProfitRatio": 0.648591787,
    "researchAndDevelopmentExpenses": 71224000,
    "generalAndAdministrativeExpenses": 104621000,
    "sellingAndMarketingExpenses": 123786000,
    "sellingGeneralAndAdministrativeExpenses": 228407000,
    "otherExpenses": 43759000,
    "operatingExpenses": 343390000,
    "costAndExpenses": 611972000,
    "interestIncome": 7043000,
    "interestExpense": 17205000,
    "depreciationAndAmortization": 116208000,
    "ebitda": 271473000,
    "ebitdaratio": 0.3551907492,
    "operatingIncome": 152330000,
    "operatingIncomeRatio": 0.1993060335,
    "totalOtherIncomeExpensesNet": -14270000,
    "incomeBeforeTax": 138060000,
    "incomeBeforeTaxRatio": 0.1806354033,
    "incomeTaxExpense": 14292000,
    "netIncome": 123146000,
    "netIncomeRatio": 0.1611221742,
    "eps": 0.76,
    "epsdiluted": 0.75,
    "weightedAverageShsOut": 161992000,
    "weightedAverageShsOutDil": 163684000,
    "link": "https://www.sec.gov/Archives/edgar/data/1086222/000108622220000103/0001086222-20-000103-index.htm",
    "finalLink": "https://www.sec.gov/Archives/edgar/data/1086222/000108622220000103/akam-20200331.htm"
  },
  {
    "date": "2019-12-31",
    "symbol": "AKAM",
    "reportedCurrency": "USD",
    "cik": "0001086222",
    "fillingDate": "2020-02-28",
    "acceptedDate": "2020-02-28 16:14:59",
    "calendarYear": "2019",
    "period": "Q4",
    "revenue": 772123000,
    "costOfRevenue": 257750000,
    "grossProfit": 514373000,
    "grossProfitRatio": 0.6661801293,
    "researchAndDevelopmentExpenses": 68898000,
    "generalAndAdministrativeExpenses": 117447000,
    "sellingAndMarketingExpenses": 140243000,
    "sellingGeneralAndAdministrativeExpenses": 257690000,
    "otherExpenses": 52463000,
    "operatingExpenses": 379051000,
    "costAndExpenses": 636801000,
    "interestIncome": 11402000,
    "interestExpense": 16675000,
    "depreciationAndAmortization": 115800000,
    "ebitda": 261915000,
    "ebitdaratio": 0.3392140889,
    "operatingIncome": 135322000,
    "operatingIncomeRatio": 0.1752596413,
    "totalOtherIncomeExpensesNet": -5882000,
    "incomeBeforeTax": 129440000,
    "incomeBeforeTaxRatio": 0.167641684,
    "incomeTaxExpense": 10632000,
    "netIncome": 119100000,
    "netIncomeRatio": 0.1542500353,
    "eps": 0.74,
    "epsdiluted": 0.73,
    "weightedAverageShsOut": 161736999,
    "weightedAverageShsOutDil": 163929999,
    "link": "https://www.sec.gov/Archives/edgar/data/1086222/000108622220000045/0001086222-20-000045-index.htm",
    "finalLink": "https://www.sec.gov/Archives/edgar/data/1086222/000108622220000045/akam10k123119.htm"
  },
  {
    "date": "2019-09-30",
    "symbol": "AKAM",
    "reportedCurrency": "USD",
    "cik": "0001086222",
    "fillingDate": "2019-11-08",
    "acceptedDate": "2019-11-08 09:06:22",
    "calendarYear": "2019",
    "period": "Q3",
    "revenue": 709912000,
    "costOfRevenue": 246938000,
    "grossProfit": 462974000,
    "grossProfitRatio": 0.6521568871,
    "researchAndDevelopmentExpenses": 64887000,
    "generalAndAdministrativeExpenses": 103105000,
    "sellingAndMarketingExpenses": 122258000,
    "sellingGeneralAndAdministrativeExpenses": 225363000,
    "otherExpenses": 29435000,
    "operatingExpenses": 319685000,
    "costAndExpenses": 566623000,
    "interestIncome": 7908000,
    "interestExpense": 12127000,
    "depreciationAndAmortization": 110604000,
    "ebitda": 261049000,
    "ebitdaratio": 0.3677202245,
    "operatingIncome": 143289000,
    "operatingIncomeRatio": 0.2018405098,
    "totalOtherIncomeExpensesNet": -4971000,
    "incomeBeforeTax": 138318000,
    "incomeBeforeTaxRatio": 0.1948382335,
    "incomeTaxExpense": -960000,
    "netIncome": 137890000,
    "netIncomeRatio": 0.1942353418,
    "eps": 0.85,
    "epsdiluted": 0.84,
    "weightedAverageShsOut": 162444999,
    "weightedAverageShsOutDil": 164557999,
    "link": "https://www.sec.gov/Archives/edgar/data/1086222/000108622219000241/0001086222-19-000241-index.htm",
    "finalLink": "https://www.sec.gov/Archives/edgar/data/1086222/000108622219000241/akam10q9302019.htm"
  },
  {
    "date": "2019-06-30",
    "symbol": "AKAM",
    "reportedCurrency": "USD",
    "cik": "0001086222",
    "fillingDate": "2019-08-08",
    "acceptedDate": "2019-08-08 16:11:57",
    "calendarYear": "2019",
    "period": "Q2",
    "revenue": 705074000,
    "costOfRevenue": 242193000,
    "grossProfit": 462881000,
    "grossProfitRatio": 0.6564998851,
    "researchAndDevelopmentExpenses": 61439000,
    "generalAndAdministrativeExpenses": 99899000,
    "sellingAndMarketingExpenses": 135106000,
    "sellingGeneralAndAdministrativeExpenses": 235005000,
    "otherExpenses": 30655000,
    "operatingExpenses": 327099000,
    "costAndExpenses": 569292000,
    "interestIncome": 6410000,
    "interestExpense": 8446000,
    "depreciationAndAmortization": 106065000,
    "ebitda": 247679000,
    "ebitdaratio": 0.3512808585,
    "operatingIncome": 135782000,
    "operatingIncomeRatio": 0.1925783677,
    "totalOtherIncomeExpensesNet": -2614000,
    "incomeBeforeTax": 133168000,
    "incomeBeforeTaxRatio": 0.1888709554,
    "incomeTaxExpense": 19253000,
    "netIncome": 113915000,
    "netIncomeRatio": 0.1615646017,
    "eps": 0.7,
    "epsdiluted": 0.69,
    "weightedAverageShsOut": 163406999,
    "weightedAverageShsOutDil": 165018999,
    "link": "https://www.sec.gov/Archives/edgar/data/1086222/000108622219000210/0001086222-19-000210-index.htm",
    "finalLink": "https://www.sec.gov/Archives/edgar/data/1086222/000108622219000210/akam10q6302019.htm"
  },
  {
    "date": "2019-03-31",
    "symbol": "AKAM",
    "reportedCurrency": "USD",
    "cik": "0001086222",
    "fillingDate": "2019-05-09",
    "acceptedDate": "2019-05-09 16:04:33",
    "calendarYear": "2019",
    "period": "Q1",
    "revenue": 706508000,
    "costOfRevenue": 240743000,
    "grossProfit": 465765000,
    "grossProfitRatio": 0.6592494353,
    "researchAndDevelopmentExpenses": 66141000,
    "generalAndAdministrativeExpenses": 103211000,
    "sellingAndMarketingExpenses": 126276000,
    "sellingGeneralAndAdministrativeExpenses": 229487000,
    "otherExpenses": 35612000,
    "operatingExpenses": 331240000,
    "costAndExpenses": 571983000,
    "interestIncome": 8635000,
    "interestExpense": 12116000,
    "depreciationAndAmortization": 108205000,
    "ebitda": 251876000,
    "ebitdaratio": 0.3565083481,
    "operatingIncome": 134525000,
    "operatingIncomeRatio": 0.1904083181,
    "totalOtherIncomeExpensesNet": -2970000,
    "incomeBeforeTax": 131555000,
    "incomeBeforeTaxRatio": 0.186204544,
    "incomeTaxExpense": 24425000,
    "netIncome": 107130000,
    "netIncomeRatio": 0.1516331025,
    "eps": 0.66,
    "epsdiluted": 0.65,
    "weightedAverageShsOut": 163235999,
    "weightedAverageShsOutDil": 164786999,
    "link": "https://www.sec.gov/Archives/edgar/data/1086222/000108622219000136/0001086222-19-000136-index.htm",
    "finalLink": "https://www.sec.gov/Archives/edgar/data/1086222/000108622219000136/akam10q3312019.htm"
  },
  {
    "date": "2018-12-31",
    "symbol": "AKAM",
    "reportedCurrency": "USD",
    "cik": "0001086222",
    "fillingDate": "2019-02-28",
    "acceptedDate": "2019-02-28 16:50:47",
    "calendarYear": "2018",
    "period": "Q4",
    "revenue": 713363000,
    "costOfRevenue": 243927000,
    "grossProfit": 469436000,
    "grossProfitRatio": 0.6580604825,
    "researchAndDevelopmentExpenses": 60342000,
    "generalAndAdministrativeExpenses": 107317000,
    "sellingAndMarketingExpenses": 137797000,
    "sellingGeneralAndAdministrativeExpenses": 245114000,
    "otherExpenses": 43692000,
    "operatingExpenses": 349148000,
    "costAndExpenses": 593075000,
    "interestIncome": 7308000,
    "interestExpense": 14582000,
    "depreciationAndAmortization": 116294000,
    "ebitda": 243949000,
    "ebitdaratio": 0.3419703573,
    "operatingIncome": 120288000,
    "operatingIncomeRatio": 0.1686210246,
    "totalOtherIncomeExpensesNet": -7215000,
    "incomeBeforeTax": 113073000,
    "incomeBeforeTaxRatio": 0.1585069593,
    "incomeTaxExpense": 19058000,
    "netIncome": 94015000,
    "netIncomeRatio": 0.1317912479,
    "eps": 0.58,
    "epsdiluted": 0.57,
    "weightedAverageShsOut": 162957999,
    "weightedAverageShsOutDil": 164539999,
    "link": "https://www.sec.gov/Archives/edgar/data/1086222/000108622219000066/0001086222-19-000066-index.htm",
    "finalLink": "https://www.sec.gov/Archives/edgar/data/1086222/000108622219000066/akam10k123118.htm"
  },
  {
    "date": "2018-09-30",
    "symbol": "AKAM",
    "reportedCurrency": "USD",
    "cik": "0001086222",
    "fillingDate": "2018-11-08",
    "acceptedDate": "2018-11-08 16:09:35",
    "calendarYear": "2018",
    "period": "Q3",
    "revenue": 669628000,
    "costOfRevenue": 239246000,
    "grossProfit": 430382000,
    "grossProfitRatio": 0.6427180464,
    "researchAndDevelopmentExpenses": 61049000,
    "generalAndAdministrativeExpenses": 100284000,
    "sellingAndMarketingExpenses": 125323000,
    "sellingGeneralAndAdministrativeExpenses": 225607000,
    "otherExpenses": 27189000,
    "operatingExpenses": 313845000,
    "costAndExpenses": 553091000,
    "interestIncome": 9258000,
    "interestExpense": 14566000,
    "depreciationAndAmortization": 107833000,
    "ebitda": 233169000,
    "ebitdaratio": 0.3482067655,
    "operatingIncome": 116537000,
    "operatingIncomeRatio": 0.1740324479,
    "totalOtherIncomeExpensesNet": -5767000,
    "incomeBeforeTax": 110770000,
    "incomeBeforeTaxRatio": 0.1654202035,
    "incomeTaxExpense": 3187000,
    "netIncome": 107583000,
    "netIncomeRatio": 0.1606608445,
    "eps": 0.65,
    "epsdiluted": 0.64,
    "weightedAverageShsOut": 165923999,
    "weightedAverageShsOutDil": 167899999,
    "link": "https://www.sec.gov/Archives/edgar/data/1086222/000108622218000208/0001086222-18-000208-index.htm",
    "finalLink": "https://www.sec.gov/Archives/edgar/data/1086222/000108622218000208/akam10q9302018.htm"
  },
  {
    "date": "2018-06-30",
    "symbol": "AKAM",
    "reportedCurrency": "USD",
    "cik": "0001086222",
    "fillingDate": "2018-08-08",
    "acceptedDate": "2018-08-08 16:07:19",
    "calendarYear": "2018",
    "period": "Q2",
    "revenue": 662759000,
    "costOfRevenue": 235487000,
    "grossProfit": 427272000,
    "grossProfitRatio": 0.6446868319,
    "researchAndDevelopmentExpenses": 59709000,
    "generalAndAdministrativeExpenses": 148079000,
    "sellingAndMarketingExpenses": 131680000,
    "sellingGeneralAndAdministrativeExpenses": 279759000,
    "otherExpenses": 30687000,
    "operatingExpenses": 370155000,
    "costAndExpenses": 605642000,
    "interestIncome": 6409000,
    "interestExpense": 9204000,
    "depreciationAndAmortization": 106298000,
    "ebitda": 167055000,
    "ebitdaratio": 0.2520599494,
    "operatingIncome": 57117000,
    "operatingIncomeRatio": 0.0861806479,
    "totalOtherIncomeExpensesNet": -5564000,
    "incomeBeforeTax": 51553000,
    "incomeBeforeTaxRatio": 0.0777854394,
    "incomeTaxExpense": 8492000,
    "netIncome": 43061000,
    "netIncomeRatio": 0.0649723353,
    "eps": 0.25,
    "epsdiluted": 0.25,
    "weightedAverageShsOut": 170249999,
    "weightedAverageShsOutDil": 172306999,
    "link": "https://www.sec.gov/Archives/edgar/data/1086222/000108622218000189/0001086222-18-000189-index.htm",
    "finalLink": "https://www.sec.gov/Archives/edgar/data/1086222/000108622218000189/akam10q6302018.htm"
  },
  {
    "date": "2018-03-31",
    "symbol": "AKAM",
    "reportedCurrency": "USD",
    "cik": "0001086222",
    "fillingDate": "2018-05-09",
    "acceptedDate": "2018-05-09 16:14:58",
    "calendarYear": "2018",
    "period": "Q1",
    "revenue": 668724000,
    "costOfRevenue": 234825000,
    "grossProfit": 433899000,
    "grossProfitRatio": 0.6488461607,
    "researchAndDevelopmentExpenses": 65065000,
    "generalAndAdministrativeExpenses": 109742000,
    "sellingAndMarketingExpenses": 122553000,
    "sellingGeneralAndAdministrativeExpenses": 232295000,
    "otherExpenses": 67982000,
    "operatingExpenses": 365342000,
    "costAndExpenses": 600167000,
    "interestIncome": 3965000,
    "interestExpense": 4850000,
    "depreciationAndAmortization": 104095000,
    "ebitda": 176638000,
    "ebitdaratio": 0.2641418582,
    "operatingIncome": 68557000,
    "operatingIncomeRatio": 0.102519126,
    "totalOtherIncomeExpensesNet": -864000,
    "incomeBeforeTax": 67693000,
    "incomeBeforeTaxRatio": 0.1012271131,
    "incomeTaxExpense": 13979000,
    "netIncome": 53714000,
    "netIncomeRatio": 0.0803231228,
    "eps": 0.32,
    "epsdiluted": 0.31,
    "weightedAverageShsOut": 170115999,
    "weightedAverageShsOutDil": 172003999,
    "link": "https://www.sec.gov/Archives/edgar/data/1086222/000108622218000094/0001086222-18-000094-index.htm",
    "finalLink": "https://www.sec.gov/Archives/edgar/data/1086222/000108622218000094/akam10q3312018.htm"
  },
  {
    "date": "2017-12-31",
    "symbol": "AKAM",
    "reportedCurrency": "USD",
    "cik": "0001086222",
    "fillingDate": "2018-03-01",
    "acceptedDate": "2018-03-01 09:07:51",
    "calendarYear": "2017",
    "period": "Q4",
    "revenue": 663452000,
    "costOfRevenue": 229937000,
    "grossProfit": 433515000,
    "grossProfitRatio": 0.6534233072,
    "researchAndDevelopmentExpenses": 59673000,
    "generalAndAdministrativeExpenses": 106895000,
    "sellingAndMarketingExpenses": 140414000,
    "sellingGeneralAndAdministrativeExpenses": 247309000,
    "otherExpenses": 98630000,
    "operatingExpenses": 405612000,
    "costAndExpenses": 635549000,
    "interestIncome": 4487000,
    "interestExpense": 4850000,
    "depreciationAndAmortization": 99396000,
    "ebitda": 132259000,
    "ebitdaratio": 0.1993497646,
    "operatingIncome": 27903000,
    "operatingIncomeRatio": 0.0420573003,
    "totalOtherIncomeExpensesNet": 110000,
    "incomeBeforeTax": 28013000,
    "incomeBeforeTaxRatio": 0.0422230998,
    "incomeTaxExpense": 8906000,
    "netIncome": 19107000,
    "netIncomeRatio": 0.0287993706,
    "eps": 0.11,
    "epsdiluted": 0.11,
    "weightedAverageShsOut": 169428999,
    "weightedAverageShsOutDil": 170726999,
    "link": "https://www.sec.gov/Archives/edgar/data/1086222/000108622218000052/0001086222-18-000052-index.htm",
    "finalLink": "https://www.sec.gov/Archives/edgar/data/1086222/000108622218000052/akam10k123117.htm"
  },
  {
    "date": "2017-09-30",
    "symbol": "AKAM",
    "reportedCurrency": "USD",
    "cik": "0001086222",
    "fillingDate": "2017-11-08",
    "acceptedDate": "2017-11-08 16:48:26",
    "calendarYear": "2017",
    "period": "Q3",
    "revenue": 624440000,
    "costOfRevenue": 225490000,
    "grossProfit": 398950000,
    "grossProfitRatio": 0.6388924476,
    "researchAndDevelopmentExpenses": 57226000,
    "generalAndAdministrativeExpenses": 102565000,
    "sellingAndMarketingExpenses": 117863000,
    "sellingGeneralAndAdministrativeExpenses": 220428000,
    "otherExpenses": 30043000,
    "operatingExpenses": 307697000,
    "costAndExpenses": 533187000,
    "interestIncome": 4463000,
    "interestExpense": 4746000,
    "depreciationAndAmortization": 97178000,
    "ebitda": 193429000,
    "ebitdaratio": 0.3097639485,
    "operatingIncome": 91253000,
    "operatingIncomeRatio": 0.1461357376,
    "totalOtherIncomeExpensesNet": 252000,
    "incomeBeforeTax": 91505000,
    "incomeBeforeTaxRatio": 0.1465392992,
    "incomeTaxExpense": 27594000,
    "netIncome": 63911000,
    "netIncomeRatio": 0.102349305,
    "eps": 0.37,
    "epsdiluted": 0.37,
    "weightedAverageShsOut": 170975999,
    "weightedAverageShsOutDil": 171504999,
    "link": "https://www.sec.gov/Archives/edgar/data/1086222/000108622217000249/0001086222-17-000249-index.htm",
    "finalLink": "https://www.sec.gov/Archives/edgar/data/1086222/000108622217000249/akam10q9302017.htm"
  },
  {
    "date": "2017-06-30",
    "symbol": "AKAM",
    "reportedCurrency": "USD",
    "cik": "0001086222",
    "fillingDate": "2017-08-08",
    "acceptedDate": "2017-08-08 16:12:24",
    "calendarYear": "2017",
    "period": "Q2",
    "revenue": 605832000,
    "costOfRevenue": 214680000,
    "grossProfit": 391152000,
    "grossProfitRatio": 0.645644337,
    "researchAndDevelopmentExpenses": 53373000,
    "generalAndAdministrativeExpenses": 101640000,
    "sellingAndMarketingExpenses": 117944000,
    "sellingGeneralAndAdministrativeExpenses": 219584000,
    "otherExpenses": 32602000,
    "operatingExpenses": 305559000,
    "costAndExpenses": 520239000,
    "interestIncome": 4281000,
    "interestExpense": 4646000,
    "depreciationAndAmortization": 89206000,
    "ebitda": 179643000,
    "ebitdaratio": 0.2965227984,
    "operatingIncome": 85593000,
    "operatingIncomeRatio": 0.1412817415,
    "totalOtherIncomeExpensesNet": 198000,
    "incomeBeforeTax": 85791000,
    "incomeBeforeTaxRatio": 0.1416085648,
    "incomeTaxExpense": 29039000,
    "netIncome": 56752000,
    "netIncomeRatio": 0.0936761346,
    "eps": 0.33,
    "epsdiluted": 0.33,
    "weightedAverageShsOut": 172673999,
    "weightedAverageShsOutDil": 173438999,
    "link": "https://www.sec.gov/Archives/edgar/data/1086222/000108622217000215/0001086222-17-000215-index.htm",
    "finalLink": "https://www.sec.gov/Archives/edgar/data/1086222/000108622217000215/akam10q6302017.htm"
  },
  {
    "date": "2017-03-31",
    "symbol": "AKAM",
    "reportedCurrency": "USD",
    "cik": "0001086222",
    "fillingDate": "2017-05-09",
    "acceptedDate": "2017-05-09 16:08:06",
    "calendarYear": "2017",
    "period": "Q1",
    "revenue": 600293000,
    "costOfRevenue": 205727000,
    "grossProfit": 394566000,
    "grossProfitRatio": 0.6572890239,
    "researchAndDevelopmentExpenses": 52162000,
    "generalAndAdministrativeExpenses": 96537000,
    "sellingAndMarketingExpenses": 114492000,
    "sellingGeneralAndAdministrativeExpenses": 211029000,
    "otherExpenses": 26041000,
    "operatingExpenses": 289232000,
    "costAndExpenses": 494959000,
    "interestIncome": 4624000,
    "interestExpense": 4597000,
    "depreciationAndAmortization": 86533000,
    "ebitda": 195807000,
    "ebitdaratio": 0.3261857126,
    "operatingIncome": 105334000,
    "operatingIncomeRatio": 0.1754709783,
    "totalOtherIncomeExpensesNet": -657000,
    "incomeBeforeTax": 104677000,
    "incomeBeforeTaxRatio": 0.1743765128,
    "incomeTaxExpense": 30094000,
    "netIncome": 74583000,
    "netIncomeRatio": 0.1242443274,
    "eps": 0.43,
    "epsdiluted": 0.43,
    "weightedAverageShsOut": 173157999,
    "weightedAverageShsOutDil": 175170999,
    "link": "https://www.sec.gov/Archives/edgar/data/1086222/000108622217000143/0001086222-17-000143-index.htm",
    "finalLink": "https://www.sec.gov/Archives/edgar/data/1086222/000108622217000143/akam10q3312017.htm"
  },
  {
    "date": "2016-12-31",
    "symbol": "AKAM",
    "reportedCurrency": "USD",
    "cik": "0001086222",
    "fillingDate": "2017-02-28",
    "acceptedDate": "2017-02-28 16:08:12",
    "calendarYear": "2016",
    "period": "Q4",
    "revenue": 616124000,
    "costOfRevenue": 203475000,
    "grossProfit": 412649000,
    "grossProfitRatio": 0.6697499205,
    "researchAndDevelopmentExpenses": 46755000,
    "generalAndAdministrativeExpenses": 98409000,
    "sellingAndMarketingExpenses": 118907000,
    "sellingGeneralAndAdministrativeExpenses": 217316000,
    "otherExpenses": 25048000,
    "operatingExpenses": 289119000,
    "costAndExpenses": 492594000,
    "interestIncome": 4180000,
    "interestExpense": 4680000,
    "depreciationAndAmortization": 84008000,
    "ebitda": 214502000,
    "ebitdaratio": 0.3481474508,
    "operatingIncome": 123530000,
    "operatingIncomeRatio": 0.2004953548,
    "totalOtherIncomeExpensesNet": 2284000,
    "incomeBeforeTax": 125814000,
    "incomeBeforeTaxRatio": 0.2042024008,
    "incomeTaxExpense": 34175000,
    "netIncome": 91639000,
    "netIncomeRatio": 0.1487346703,
    "eps": 0.53,
    "epsdiluted": 0.52,
    "weightedAverageShsOut": 173336999,
    "weightedAverageShsOutDil": 175283999,
    "link": "https://www.sec.gov/Archives/edgar/data/1086222/000108622217000080/0001086222-17-000080-index.htm",
    "finalLink": "https://www.sec.gov/Archives/edgar/data/1086222/000108622217000080/akam10k123116.htm"
  },
  {
    "date": "2016-09-30",
    "symbol": "AKAM",
    "reportedCurrency": "USD",
    "cik": "0001086222",
    "fillingDate": "2016-11-08",
    "acceptedDate": "2016-11-08 16:15:01",
    "calendarYear": "2016",
    "period": "Q3",
    "revenue": 584065000,
    "costOfRevenue": 204467000,
    "grossProfit": 379598000,
    "grossProfitRatio": 0.6499242379,
    "researchAndDevelopmentExpenses": 42341000,
    "generalAndAdministrativeExpenses": 96118000,
    "sellingAndMarketingExpenses": 102626000,
    "sellingGeneralAndAdministrativeExpenses": 198744000,
    "otherExpenses": 26748000,
    "operatingExpenses": 267833000,
    "costAndExpenses": 472300000,
    "interestIncome": 3809000,
    "interestExpense": 4666000,
    "depreciationAndAmortization": 84511000,
    "ebitda": 200863000,
    "ebitdaratio": 0.343905216,
    "operatingIncome": 111765000,
    "operatingIncomeRatio": 0.1913571263,
    "totalOtherIncomeExpensesNet": -79000,
    "incomeBeforeTax": 111686000,
    "incomeBeforeTaxRatio": 0.1912218674,
    "incomeTaxExpense": 35686000,
    "netIncome": 76000000,
    "netIncomeRatio": 0.1301225035,
    "eps": 0.44,
    "epsdiluted": 0.43,
    "weightedAverageShsOut": 174428999,
    "weightedAverageShsOutDil": 175616999,
    "link": "https://www.sec.gov/Archives/edgar/data/1086222/000108622216000392/0001086222-16-000392-index.htm",
    "finalLink": "https://www.sec.gov/Archives/edgar/data/1086222/000108622216000392/akam10q9302016.htm"
  },
  {
    "date": "2016-06-30",
    "symbol": "AKAM",
    "reportedCurrency": "USD",
    "cik": "0001086222",
    "fillingDate": "2016-08-08",
    "acceptedDate": "2016-08-08 17:01:54",
    "calendarYear": "2016",
    "period": "Q2",
    "revenue": 572135000,
    "costOfRevenue": 206323000,
    "grossProfit": 365812000,
    "grossProfitRatio": 0.6393805658,
    "researchAndDevelopmentExpenses": 37690000,
    "generalAndAdministrativeExpenses": 90880000,
    "sellingAndMarketingExpenses": 103223000,
    "sellingGeneralAndAdministrativeExpenses": 194103000,
    "otherExpenses": 23839000,
    "operatingExpenses": 255632000,
    "costAndExpenses": 461955000,
    "interestIncome": 3393000,
    "interestExpense": 4639000,
    "depreciationAndAmortization": 85114000,
    "ebitda": 199102000,
    "ebitdaratio": 0.3479982871,
    "operatingIncome": 110180000,
    "operatingIncomeRatio": 0.1925769268,
    "totalOtherIncomeExpensesNet": -831000,
    "incomeBeforeTax": 109349000,
    "incomeBeforeTaxRatio": 0.1911244724,
    "incomeTaxExpense": 35714000,
    "netIncome": 73635000,
    "netIncomeRatio": 0.128702142,
    "eps": 0.42,
    "epsdiluted": 0.42,
    "weightedAverageShsOut": 175498999,
    "weightedAverageShsOutDil": 176419999,
    "link": "https://www.sec.gov/Archives/edgar/data/1086222/000108622216000345/0001086222-16-000345-index.htm",
    "finalLink": "https://www.sec.gov/Archives/edgar/data/1086222/000108622216000345/akam10q6302016.htm"
  },
  {
    "date": "2016-03-31",
    "symbol": "AKAM",
    "reportedCurrency": "USD",
    "cik": "0001086222",
    "fillingDate": "2016-05-09",
    "acceptedDate": "2016-05-09 17:07:46",
    "calendarYear": "2016",
    "period": "Q1",
    "revenue": 567725000,
    "costOfRevenue": 194736000,
    "grossProfit": 372989000,
    "grossProfitRatio": 0.656988859,
    "researchAndDevelopmentExpenses": 40842000,
    "generalAndAdministrativeExpenses": 86330000,
    "sellingAndMarketingExpenses": 102211000,
    "sellingGeneralAndAdministrativeExpenses": 188541000,
    "otherExpenses": 29487000,
    "operatingExpenses": 258870000,
    "costAndExpenses": 453606000,
    "interestIncome": 3320000,
    "interestExpense": 4653000,
    "depreciationAndAmortization": 80669000,
    "ebitda": 197919000,
    "ebitdaratio": 0.3486177287,
    "operatingIncome": 114119000,
    "operatingIncomeRatio": 0.2010110529,
    "totalOtherIncomeExpensesNet": -1522000,
    "incomeBeforeTax": 112597000,
    "incomeBeforeTaxRatio": 0.1983301775,
    "incomeTaxExpense": 37739000,
    "netIncome": 74858000,
    "netIncomeRatio": 0.1318560923,
    "eps": 0.42,
    "epsdiluted": 0.42,
    "weightedAverageShsOut": 176402999,
    "weightedAverageShsOutDil": 177538999,
    "link": "https://www.sec.gov/Archives/edgar/data/1086222/000108622216000291/0001086222-16-000291-index.htm",
    "finalLink": "https://www.sec.gov/Archives/edgar/data/1086222/000108622216000291/akam10q3312016.htm"
  },
  {
    "date": "2015-12-31",
    "symbol": "AKAM",
    "reportedCurrency": "USD",
    "cik": "0001086222",
    "fillingDate": "2016-02-29",
    "acceptedDate": "2016-02-29 14:26:42",
    "calendarYear": "2015",
    "period": "Q4",
    "revenue": 579159000,
    "costOfRevenue": 193212000,
    "grossProfit": 385947000,
    "grossProfitRatio": 0.6663921307,
    "researchAndDevelopmentExpenses": 37674000,
    "generalAndAdministrativeExpenses": 83581000,
    "sellingAndMarketingExpenses": 118582000,
    "sellingGeneralAndAdministrativeExpenses": 202163000,
    "otherExpenses": 23430000,
    "operatingExpenses": 263267000,
    "costAndExpenses": 456479000,
    "interestIncome": 2935000,
    "interestExpense": 17312000,
    "depreciationAndAmortization": 80329000,
    "ebitda": 218116000,
    "ebitdaratio": 0.3766081508,
    "operatingIncome": 122680000,
    "operatingIncomeRatio": 0.2118243867,
    "totalOtherIncomeExpensesNet": -2205000,
    "incomeBeforeTax": 120475000,
    "incomeBeforeTaxRatio": 0.2080171421,
    "incomeTaxExpense": 32055000,
    "netIncome": 88420000,
    "netIncomeRatio": 0.1526696469,
    "eps": 0.5,
    "epsdiluted": 0.49,
    "weightedAverageShsOut": 177787999,
    "weightedAverageShsOutDil": 179731999,
    "link": "https://www.sec.gov/Archives/edgar/data/1086222/000108622216000245/0001086222-16-000245-index.htm",
    "finalLink": "https://www.sec.gov/Archives/edgar/data/1086222/000108622216000245/akam10k123115.htm"
  },
  {
    "date": "2015-09-30",
    "symbol": "AKAM",
    "reportedCurrency": "USD",
    "cik": "0001086222",
    "fillingDate": "2015-11-09",
    "acceptedDate": "2015-11-09 10:30:56",
    "calendarYear": "2015",
    "period": "Q3",
    "revenue": 551030000,
    "costOfRevenue": 183204000,
    "grossProfit": 367826000,
    "grossProfitRatio": 0.6675244542,
    "researchAndDevelopmentExpenses": 38396000,
    "generalAndAdministrativeExpenses": 84402000,
    "sellingAndMarketingExpenses": 107426000,
    "sellingGeneralAndAdministrativeExpenses": 191828000,
    "otherExpenses": 21913000,
    "operatingExpenses": 252137000,
    "costAndExpenses": 435341000,
    "interestIncome": 2723000,
    "interestExpense": 4630000,
    "depreciationAndAmortization": 74785000,
    "ebitda": 193401000,
    "ebitdaratio": 0.3509808903,
    "operatingIncome": 115689000,
    "operatingIncomeRatio": 0.2099504564,
    "totalOtherIncomeExpensesNet": -1703000,
    "incomeBeforeTax": 113986000,
    "incomeBeforeTaxRatio": 0.2068598806,
    "incomeTaxExpense": 25946000,
    "netIncome": 88040000,
    "netIncomeRatio": 0.1597735151,
    "eps": 0.49,
    "epsdiluted": 0.49,
    "weightedAverageShsOut": 178546999,
    "weightedAverageShsOutDil": 180363999,
    "link": "https://www.sec.gov/Archives/edgar/data/1086222/000108622215000181/0001086222-15-000181-index.htm",
    "finalLink": "https://www.sec.gov/Archives/edgar/data/1086222/000108622215000181/akam10q9302015.htm"
  },
  {
    "date": "2015-06-30",
    "symbol": "AKAM",
    "reportedCurrency": "USD",
    "cik": "0001086222",
    "fillingDate": "2015-08-10",
    "acceptedDate": "2015-08-10 10:59:53",
    "calendarYear": "2015",
    "period": "Q2",
    "revenue": 540723000,
    "costOfRevenue": 179910000,
    "grossProfit": 360813000,
    "grossProfitRatio": 0.66727881,
    "researchAndDevelopmentExpenses": 36693000,
    "generalAndAdministrativeExpenses": 85099000,
    "sellingAndMarketingExpenses": 111501000,
    "sellingGeneralAndAdministrativeExpenses": 196600000,
    "otherExpenses": 21260000,
    "operatingExpenses": 254553000,
    "costAndExpenses": 434463000,
    "interestIncome": 2541000,
    "interestExpense": 4678000,
    "depreciationAndAmortization": 73989000,
    "ebitda": 181185000,
    "ebitdaratio": 0.335079144,
    "operatingIncome": 106260000,
    "operatingIncomeRatio": 0.1965146665,
    "totalOtherIncomeExpensesNet": -3742000,
    "incomeBeforeTax": 102518000,
    "incomeBeforeTaxRatio": 0.1895943024,
    "incomeTaxExpense": 35318000,
    "netIncome": 67200000,
    "netIncomeRatio": 0.1242780499,
    "eps": 0.38,
    "epsdiluted": 0.37,
    "weightedAverageShsOut": 178681999,
    "weightedAverageShsOutDil": 180737999,
    "link": "https://www.sec.gov/Archives/edgar/data/1086222/000108622215000161/0001086222-15-000161-index.htm",
    "finalLink": "https://www.sec.gov/Archives/edgar/data/1086222/000108622215000161/akam10q6302015.htm"
  },
  {
    "date": "2015-03-31",
    "symbol": "AKAM",
    "reportedCurrency": "USD",
    "cik": "0001086222",
    "fillingDate": "2015-05-11",
    "acceptedDate": "2015-05-11 14:42:55",
    "calendarYear": "2015",
    "period": "Q1",
    "revenue": 526536000,
    "costOfRevenue": 169294000,
    "grossProfit": 357242000,
    "grossProfitRatio": 0.6784759257,
    "researchAndDevelopmentExpenses": 35828000,
    "generalAndAdministrativeExpenses": 77150000,
    "sellingAndMarketingExpenses": 103479000,
    "sellingGeneralAndAdministrativeExpenses": 180629000,
    "otherExpenses": 19264000,
    "operatingExpenses": 235721000,
    "costAndExpenses": 405015000,
    "interestIncome": 3001000,
    "interestExpense": 4576000,
    "depreciationAndAmortization": 70460000,
    "ebitda": 194681000,
    "ebitdaratio": 0.3697392011,
    "operatingIncome": 121521000,
    "operatingIncomeRatio": 0.2307933361,
    "totalOtherIncomeExpensesNet": -1876000,
    "incomeBeforeTax": 119645000,
    "incomeBeforeTaxRatio": 0.2272304268,
    "incomeTaxExpense": 41899000,
    "netIncome": 77746000,
    "netIncomeRatio": 0.1476556209,
    "eps": 0.44,
    "epsdiluted": 0.43,
    "weightedAverageShsOut": 178544999,
    "weightedAverageShsOutDil": 180824999,
    "link": "https://www.sec.gov/Archives/edgar/data/1086222/000108622215000101/0001086222-15-000101-index.htm",
    "finalLink": "https://www.sec.gov/Archives/edgar/data/1086222/000108622215000101/akam10q3312015.htm"
  },
  {
    "date": "2014-12-31",
    "symbol": "AKAM",
    "reportedCurrency": "USD",
    "cik": "0001086222",
    "fillingDate": "2015-03-02",
    "acceptedDate": "2015-03-02 17:08:18",
    "calendarYear": "2014",
    "period": "Q4",
    "revenue": 536295000,
    "costOfRevenue": 163201000,
    "grossProfit": 373094000,
    "grossProfitRatio": 0.6956880075,
    "researchAndDevelopmentExpenses": 32417000,
    "generalAndAdministrativeExpenses": 74429000,
    "sellingAndMarketingExpenses": 110293000,
    "sellingGeneralAndAdministrativeExpenses": 184722000,
    "otherExpenses": 19873000,
    "operatingExpenses": 237012000,
    "costAndExpenses": 400213000,
    "interestIncome": 2291000,
    "interestExpense": 14366000,
    "depreciationAndAmortization": 67763000,
    "ebitda": 215986000,
    "ebitdaratio": 0.4027372994,
    "operatingIncome": 136082000,
    "operatingIncomeRatio": 0.2537446741,
    "totalOtherIncomeExpensesNet": -2225000,
    "incomeBeforeTax": 133857000,
    "incomeBeforeTaxRatio": 0.2495958381,
    "incomeTaxExpense": 36750000,
    "netIncome": 97107000,
    "netIncomeRatio": 0.18107012,
    "eps": 0.55,
    "epsdiluted": 0.54,
    "weightedAverageShsOut": 178143999,
    "weightedAverageShsOutDil": 180909999,
    "link": "https://www.sec.gov/Archives/edgar/data/1086222/000108622215000066/0001086222-15-000066-index.htm",
    "finalLink": "https://www.sec.gov/Archives/edgar/data/1086222/000108622215000066/akam10k123114.htm"
  },
  {
    "date": "2014-09-30",
    "symbol": "AKAM",
    "reportedCurrency": "USD",
    "cik": "0001086222",
    "fillingDate": "2014-11-10",
    "acceptedDate": "2014-11-10 12:05:01",
    "calendarYear": "2014",
    "period": "Q3",
    "revenue": 498042000,
    "costOfRevenue": 158812000,
    "grossProfit": 339230000,
    "grossProfitRatio": 0.6811272945,
    "researchAndDevelopmentExpenses": 32583000,
    "generalAndAdministrativeExpenses": 70238000,
    "sellingAndMarketingExpenses": 96215000,
    "sellingGeneralAndAdministrativeExpenses": 166453000,
    "otherExpenses": 19955000,
    "operatingExpenses": 218991000,
    "costAndExpenses": 377803000,
    "interestIncome": 2010000,
    "interestExpense": 0,
    "depreciationAndAmortization": 67415000,
    "ebitda": 184764000,
    "ebitdaratio": 0.3709807607,
    "operatingIncome": 120239000,
    "operatingIncomeRatio": 0.2414234141,
    "totalOtherIncomeExpensesNet": -2660000,
    "incomeBeforeTax": 117579000,
    "incomeBeforeTaxRatio": 0.2360824991,
    "incomeTaxExpense": 26424000,
    "netIncome": 91155000,
    "netIncomeRatio": 0.1830267327,
    "eps": 0.51,
    "epsdiluted": 0.5,
    "weightedAverageShsOut": 178185999,
    "weightedAverageShsOutDil": 180954999,
    "link": "https://www.sec.gov/Archives/edgar/data/1086222/000126643214000140/0001266432-14-000140-index.htm",
    "finalLink": "https://www.sec.gov/Archives/edgar/data/1086222/000126643214000140/akam10q9302014.htm"
  },
  {
    "date": "2014-06-30",
    "symbol": "AKAM",
    "reportedCurrency": "USD",
    "cik": "0001086222",
    "fillingDate": "2014-08-11",
    "acceptedDate": "2014-08-11 10:46:21",
    "calendarYear": "2014",
    "period": "Q2",
    "revenue": 476035000,
    "costOfRevenue": 149318000,
    "grossProfit": 326717000,
    "grossProfitRatio": 0.6863297867,
    "researchAndDevelopmentExpenses": 32052000,
    "generalAndAdministrativeExpenses": 71286000,
    "sellingAndMarketingExpenses": 91462000,
    "sellingGeneralAndAdministrativeExpenses": 162748000,
    "otherExpenses": 19566000,
    "operatingExpenses": 214366000,
    "costAndExpenses": 363684000,
    "interestIncome": 1740000,
    "interestExpense": 0,
    "depreciationAndAmortization": 58712000,
    "ebitda": 167233000,
    "ebitdaratio": 0.3513040008,
    "operatingIncome": 112351000,
    "operatingIncomeRatio": 0.2360141586,
    "totalOtherIncomeExpensesNet": -3675000,
    "incomeBeforeTax": 108676000,
    "incomeBeforeTaxRatio": 0.228294138,
    "incomeTaxExpense": 35790000,
    "netIncome": 72886000,
    "netIncomeRatio": 0.1531105906,
    "eps": 0.41,
    "epsdiluted": 0.4,
    "weightedAverageShsOut": 178080999,
    "weightedAverageShsOutDil": 180840999,
    "link": "https://www.sec.gov/Archives/edgar/data/1086222/000154256714000021/0001542567-14-000021-index.htm",
    "finalLink": "https://www.sec.gov/Archives/edgar/data/1086222/000154256714000021/akam10q6302014.htm"
  },
  {
    "date": "2014-03-31",
    "symbol": "AKAM",
    "reportedCurrency": "USD",
    "cik": "0001086222",
    "fillingDate": "2014-05-12",
    "acceptedDate": "2014-05-12 15:52:20",
    "calendarYear": "2014",
    "period": "Q1",
    "revenue": 453502000,
    "costOfRevenue": 139612000,
    "grossProfit": 313890000,
    "grossProfitRatio": 0.6921468924,
    "researchAndDevelopmentExpenses": 28234000,
    "generalAndAdministrativeExpenses": 64699000,
    "sellingAndMarketingExpenses": 81065000,
    "sellingGeneralAndAdministrativeExpenses": 145764000,
    "otherExpenses": 19045000,
    "operatingExpenses": 193043000,
    "costAndExpenses": 332655000,
    "interestIncome": 1639000,
    "interestExpense": 0,
    "depreciationAndAmortization": 53516000,
    "ebitda": 173131000,
    "ebitdaratio": 0.3817645788,
    "operatingIncome": 120847000,
    "operatingIncomeRatio": 0.2664751203,
    "totalOtherIncomeExpensesNet": -1183000,
    "incomeBeforeTax": 119664000,
    "incomeBeforeTaxRatio": 0.263866532,
    "incomeTaxExpense": 46864000,
    "netIncome": 72800000,
    "netIncomeRatio": 0.1605285092,
    "eps": 0.41,
    "epsdiluted": 0.4,
    "weightedAverageShsOut": 178704999,
    "weightedAverageShsOutDil": 182037999,
    "link": "https://www.sec.gov/Archives/edgar/data/1086222/000154256714000015/0001542567-14-000015-index.htm",
    "finalLink": "https://www.sec.gov/Archives/edgar/data/1086222/000154256714000015/akam10q3312014.htm"
  },
  {
    "date": "2013-12-31",
    "symbol": "AKAM",
    "reportedCurrency": "USD",
    "cik": "0001086222",
    "fillingDate": "2014-03-03",
    "acceptedDate": "2014-03-03 16:16:52",
    "calendarYear": "2013",
    "period": "Q4",
    "revenue": 435980000,
    "costOfRevenue": 133987000,
    "grossProfit": 301993000,
    "grossProfitRatio": 0.6926762696,
    "researchAndDevelopmentExpenses": 26520000,
    "generalAndAdministrativeExpenses": 62410000,
    "sellingAndMarketingExpenses": 82054000,
    "sellingGeneralAndAdministrativeExpenses": 144464000,
    "otherExpenses": 15253000,
    "operatingExpenses": 186237000,
    "costAndExpenses": 320224000,
    "interestIncome": 1534000,
    "interestExpense": 0,
    "depreciationAndAmortization": 49976000,
    "ebitda": 167925000,
    "ebitdaratio": 0.3851667508,
    "operatingIncome": 115756000,
    "operatingIncomeRatio": 0.2655075921,
    "totalOtherIncomeExpensesNet": 1139000,
    "incomeBeforeTax": 116895000,
    "incomeBeforeTaxRatio": 0.2681200973,
    "incomeTaxExpense": 36546000,
    "netIncome": 80349000,
    "netIncomeRatio": 0.1842951512,
    "eps": 0.45,
    "epsdiluted": 0.44,
    "weightedAverageShsOut": 178757999,
    "weightedAverageShsOutDil": 182257999,
    "link": "https://www.sec.gov/Archives/edgar/data/1086222/000154256714000009/0001542567-14-000009-index.htm",
    "finalLink": "https://www.sec.gov/Archives/edgar/data/1086222/000154256714000009/akam10k123113.htm"
  },
  {
    "date": "2013-09-30",
    "symbol": "AKAM",
    "reportedCurrency": "USD",
    "cik": "0001086222",
    "fillingDate": "2013-11-12",
    "acceptedDate": "2013-11-12 08:45:00",
    "calendarYear": "2013",
    "period": "Q3",
    "revenue": 395790000,
    "costOfRevenue": 132039000,
    "grossProfit": 263751000,
    "grossProfitRatio": 0.6663912681,
    "researchAndDevelopmentExpenses": 24857000,
    "generalAndAdministrativeExpenses": 59501000,
    "sellingAndMarketingExpenses": 67811000,
    "sellingGeneralAndAdministrativeExpenses": 127312000,
    "otherExpenses": 12061000,
    "operatingExpenses": 164230000,
    "costAndExpenses": 296269000,
    "interestIncome": 1458000,
    "interestExpense": 0,
    "depreciationAndAmortization": 47954000,
    "ebitda": 148628000,
    "ebitdaratio": 0.375522373,
    "operatingIncome": 99521000,
    "operatingIncomeRatio": 0.2514490007,
    "totalOtherIncomeExpensesNet": 1153000,
    "incomeBeforeTax": 100674000,
    "incomeBeforeTaxRatio": 0.2543621618,
    "incomeTaxExpense": 20918000,
    "netIncome": 79756000,
    "netIncomeRatio": 0.2015109022,
    "eps": 0.45,
    "epsdiluted": 0.44,
    "weightedAverageShsOut": 178234999,
    "weightedAverageShsOutDil": 181921999,
    "link": "https://www.sec.gov/Archives/edgar/data/1086222/000154256713000046/0001542567-13-000046-index.htm",
    "finalLink": "https://www.sec.gov/Archives/edgar/data/1086222/000154256713000046/akam10q9302013.htm"
  },
  {
    "date": "2013-06-30",
    "symbol": "AKAM",
    "reportedCurrency": "USD",
    "cik": "0001086222",
    "fillingDate": "2013-08-09",
    "acceptedDate": "2013-08-09 11:10:39",
    "calendarYear": "2013",
    "period": "Q2",
    "revenue": 378106000,
    "costOfRevenue": 124705000,
    "grossProfit": 253401000,
    "grossProfitRatio": 0.6701850804,
    "researchAndDevelopmentExpenses": 20597000,
    "generalAndAdministrativeExpenses": 56029000,
    "sellingAndMarketingExpenses": 67825000,
    "sellingGeneralAndAdministrativeExpenses": 123854000,
    "otherExpenses": 11447000,
    "operatingExpenses": 155898000,
    "costAndExpenses": 280603000,
    "interestIncome": 1477000,
    "interestExpense": 0,
    "depreciationAndAmortization": 44126000,
    "ebitda": 143447000,
    "ebitdaratio": 0.3793830302,
    "operatingIncome": 97503000,
    "operatingIncomeRatio": 0.2578721311,
    "totalOtherIncomeExpensesNet": 1818000,
    "incomeBeforeTax": 99321000,
    "incomeBeforeTaxRatio": 0.2626803066,
    "incomeTaxExpense": 37426000,
    "netIncome": 61895000,
    "netIncomeRatio": 0.1636974817,
    "eps": 0.35,
    "epsdiluted": 0.34,
    "weightedAverageShsOut": 177890999,
    "weightedAverageShsOutDil": 181387999,
    "link": "https://www.sec.gov/Archives/edgar/data/1086222/000154256713000027/0001542567-13-000027-index.htm",
    "finalLink": "https://www.sec.gov/Archives/edgar/data/1086222/000154256713000027/akam10q6302013.htm"
  },
  {
    "date": "2013-03-31",
    "symbol": "AKAM",
    "reportedCurrency": "USD",
    "cik": "0001086222",
    "fillingDate": "2013-05-10",
    "acceptedDate": "2013-05-10 10:31:24",
    "calendarYear": "2013",
    "period": "Q1",
    "revenue": 368046000,
    "costOfRevenue": 120392000,
    "grossProfit": 247654000,
    "grossProfitRatio": 0.672888715,
    "researchAndDevelopmentExpenses": 21905000,
    "generalAndAdministrativeExpenses": 49104000,
    "sellingAndMarketingExpenses": 62690000,
    "sellingGeneralAndAdministrativeExpenses": 111794000,
    "otherExpenses": 12767000,
    "operatingExpenses": 146466000,
    "costAndExpenses": 266858000,
    "interestIncome": 1608000,
    "interestExpense": 0,
    "depreciationAndAmortization": 42375000,
    "ebitda": 145039000,
    "ebitdaratio": 0.3940784576,
    "operatingIncome": 101188000,
    "operatingIncomeRatio": 0.2749330247,
    "totalOtherIncomeExpensesNet": 1476000,
    "incomeBeforeTax": 102664000,
    "incomeBeforeTaxRatio": 0.2789433929,
    "incomeTaxExpense": 31177000,
    "netIncome": 71487000,
    "netIncomeRatio": 0.1942338729,
    "eps": 0.4,
    "epsdiluted": 0.39,
    "weightedAverageShsOut": 177898999,
    "weightedAverageShsOutDil": 181561999,
    "link": "https://www.sec.gov/Archives/edgar/data/1086222/000154256713000005/0001542567-13-000005-index.htm",
    "finalLink": "https://www.sec.gov/Archives/edgar/data/1086222/000154256713000005/akam10q3312013.htm"
  },
  {
    "date": "2012-12-31",
    "symbol": "AKAM",
    "reportedCurrency": "USD",
    "cik": "0001086222",
    "fillingDate": "2013-03-01",
    "acceptedDate": "2013-03-01 16:20:00",
    "calendarYear": "2012",
    "period": "Q4",
    "revenue": 377872000,
    "costOfRevenue": 111882000,
    "grossProfit": 265990000,
    "grossProfitRatio": 0.7039156116,
    "researchAndDevelopmentExpenses": 20371000,
    "generalAndAdministrativeExpenses": 58819000,
    "sellingAndMarketingExpenses": 85308000,
    "sellingGeneralAndAdministrativeExpenses": 144127000,
    "otherExpenses": 5754000,
    "operatingExpenses": 170252000,
    "costAndExpenses": 282134000,
    "interestIncome": 1589000,
    "interestExpense": 0,
    "depreciationAndAmortization": 54960000,
    "ebitda": 157788000,
    "ebitdaratio": 0.4175699708,
    "operatingIncome": 95738000,
    "operatingIncomeRatio": 0.2533609265,
    "totalOtherIncomeExpensesNet": 1790000,
    "incomeBeforeTax": 97528000,
    "incomeBeforeTaxRatio": 0.2580979803,
    "incomeTaxExpense": 29236000,
    "netIncome": 68292000,
    "netIncomeRatio": 0.1807278655,
    "eps": 0.38,
    "epsdiluted": 0.38,
    "weightedAverageShsOut": 177478999,
    "weightedAverageShsOutDil": 181767999,
    "link": "https://www.sec.gov/Archives/edgar/data/1086222/000126643213000021/0001266432-13-000021-index.htm",
    "finalLink": "https://www.sec.gov/Archives/edgar/data/1086222/000126643213000021/akam10k123112.htm"
  },
  {
    "date": "2012-09-30",
    "symbol": "AKAM",
    "reportedCurrency": "USD",
    "cik": "0001086222",
    "fillingDate": "2012-11-09",
    "acceptedDate": "2012-11-09 13:12:26",
    "calendarYear": "2012",
    "period": "Q3",
    "revenue": 345321000,
    "costOfRevenue": 134200000,
    "grossProfit": 211121000,
    "grossProfitRatio": 0.611376082,
    "researchAndDevelopmentExpenses": 19351000,
    "generalAndAdministrativeExpenses": 46100000,
    "sellingAndMarketingExpenses": 55206000,
    "sellingGeneralAndAdministrativeExpenses": 101306000,
    "otherExpenses": 10305000,
    "operatingExpenses": 130962000,
    "costAndExpenses": 265162000,
    "interestIncome": 1593000,
    "interestExpense": 0,
    "depreciationAndAmortization": 53457000,
    "ebitda": 133940000,
    "ebitdaratio": 0.3878709954,
    "operatingIncome": 80159000,
    "operatingIncomeRatio": 0.2321289467,
    "totalOtherIncomeExpensesNet": 1352000,
    "incomeBeforeTax": 81511000,
    "incomeBeforeTaxRatio": 0.2360441444,
    "incomeTaxExpense": 33280000,
    "netIncome": 48231000,
    "netIncomeRatio": 0.1396700461,
    "eps": 0.27,
    "epsdiluted": 0.27,
    "weightedAverageShsOut": 177454999,
    "weightedAverageShsOutDil": 181052999,
    "link": "https://www.sec.gov/Archives/edgar/data/1086222/000126643212000082/0001266432-12-000082-index.htm",
    "finalLink": "https://www.sec.gov/Archives/edgar/data/1086222/000126643212000082/akam10q9302012.htm"
  },
  {
    "date": "2012-06-30",
    "symbol": "AKAM",
    "reportedCurrency": "USD",
    "cik": "0001086222",
    "fillingDate": "2012-08-09",
    "acceptedDate": "2012-08-09 15:00:00",
    "calendarYear": "2012",
    "period": "Q2",
    "revenue": 331306000,
    "costOfRevenue": 131300000,
    "grossProfit": 200006000,
    "grossProfitRatio": 0.6036896404,
    "researchAndDevelopmentExpenses": 17542000,
    "generalAndAdministrativeExpenses": 47500000,
    "sellingAndMarketingExpenses": 56480000,
    "sellingGeneralAndAdministrativeExpenses": 103980000,
    "otherExpenses": 11473000,
    "operatingExpenses": 132995000,
    "costAndExpenses": 264295000,
    "interestIncome": 1622000,
    "interestExpense": 0,
    "depreciationAndAmortization": 50112000,
    "ebitda": 117433000,
    "ebitdaratio": 0.3544547941,
    "operatingIncome": 67011000,
    "operatingIncomeRatio": 0.2022631646,
    "totalOtherIncomeExpensesNet": 2757000,
    "incomeBeforeTax": 69768000,
    "incomeBeforeTaxRatio": 0.2105847766,
    "incomeTaxExpense": 25529000,
    "netIncome": 44239000,
    "netIncomeRatio": 0.1335291241,
    "eps": 0.25,
    "epsdiluted": 0.24,
    "weightedAverageShsOut": 178546999,
    "weightedAverageShsOutDil": 181816999,
    "link": "https://www.sec.gov/Archives/edgar/data/1086222/000154256712000005/0001542567-12-000005-index.htm",
    "finalLink": "https://www.sec.gov/Archives/edgar/data/1086222/000154256712000005/akam10q6302012.htm"
  },
  {
    "date": "2012-03-31",
    "symbol": "AKAM",
    "reportedCurrency": "USD",
    "cik": "0001086222",
    "fillingDate": "2012-05-10",
    "acceptedDate": "2012-05-10 13:12:57",
    "calendarYear": "2012",
    "period": "Q1",
    "revenue": 319448000,
    "costOfRevenue": 124900000,
    "grossProfit": 194548000,
    "grossProfitRatio": 0.6090130475,
    "researchAndDevelopmentExpenses": 17480000,
    "generalAndAdministrativeExpenses": 51642000,
    "sellingAndMarketingExpenses": 48995000,
    "sellingGeneralAndAdministrativeExpenses": 100637000,
    "otherExpenses": 4852000,
    "operatingExpenses": 122969000,
    "costAndExpenses": 247869000,
    "interestIncome": 1633000,
    "interestExpense": 0,
    "depreciationAndAmortization": 45634000,
    "ebitda": 117298000,
    "ebitdaratio": 0.3671896521,
    "operatingIncome": 71579000,
    "operatingIncomeRatio": 0.2240708973,
    "totalOtherIncomeExpensesNet": 1205000,
    "incomeBeforeTax": 72784000,
    "incomeBeforeTaxRatio": 0.2278430292,
    "incomeTaxExpense": 29557000,
    "netIncome": 43227000,
    "netIncomeRatio": 0.1353177982,
    "eps": 0.24,
    "epsdiluted": 0.24,
    "weightedAverageShsOut": 178119999,
    "weightedAverageShsOutDil": 182341999,
    "link": "https://www.sec.gov/Archives/edgar/data/1086222/000126643212000032/0001266432-12-000032-index.htm",
    "finalLink": "https://www.sec.gov/Archives/edgar/data/1086222/000126643212000032/akam10q3312012.htm"
  },
  {
    "date": "2011-12-31",
    "symbol": "AKAM",
    "reportedCurrency": "USD",
    "cik": "0001086222",
    "fillingDate": "2012-02-29",
    "acceptedDate": "2012-02-29 11:20:49",
    "calendarYear": "2011",
    "period": "Q4",
    "revenue": 323740000,
    "costOfRevenue": 102544000,
    "grossProfit": 221196000,
    "grossProfitRatio": 0.6832519923,
    "researchAndDevelopmentExpenses": 15191000,
    "generalAndAdministrativeExpenses": 51016000,
    "sellingAndMarketingExpenses": 66609000,
    "sellingGeneralAndAdministrativeExpenses": 117625000,
    "otherExpenses": 9044000,
    "operatingExpenses": 141860000,
    "costAndExpenses": 244404000,
    "interestIncome": 1995000,
    "interestExpense": 0,
    "depreciationAndAmortization": 43650000,
    "ebitda": 131804000,
    "ebitdaratio": 0.4071291777,
    "operatingIncome": 79336000,
    "operatingIncomeRatio": 0.2450608513,
    "totalOtherIncomeExpensesNet": 8818000,
    "incomeBeforeTax": 88154000,
    "incomeBeforeTaxRatio": 0.2722987583,
    "incomeTaxExpense": 28073000,
    "netIncome": 60081000,
    "netIncomeRatio": 0.1855841107,
    "eps": 0.34,
    "epsdiluted": 0.33,
    "weightedAverageShsOut": 178915999,
    "weightedAverageShsOutDil": 182955999,
    "link": "https://www.sec.gov/Archives/edgar/data/1086222/000126643212000010/0001266432-12-000010-index.htm",
    "finalLink": "https://www.sec.gov/Archives/edgar/data/1086222/000126643212000010/akam10k123111.htm"
  },
  {
    "date": "2011-09-30",
    "symbol": "AKAM",
    "reportedCurrency": "USD",
    "cik": "0001086222",
    "fillingDate": "2011-11-09",
    "acceptedDate": "2011-11-09 14:27:26",
    "calendarYear": "2011",
    "period": "Q3",
    "revenue": 281856000,
    "costOfRevenue": 93284000,
    "grossProfit": 188572000,
    "grossProfitRatio": 0.6690366712,
    "researchAndDevelopmentExpenses": 13542000,
    "generalAndAdministrativeExpenses": 50834000,
    "sellingAndMarketingExpenses": 54520000,
    "sellingGeneralAndAdministrativeExpenses": 105354000,
    "otherExpenses": 4343000,
    "operatingExpenses": 123239000,
    "costAndExpenses": 216523000,
    "interestIncome": 2703000,
    "interestExpense": 0,
    "depreciationAndAmortization": 41761000,
    "ebitda": 107252000,
    "ebitdaratio": 0.3805205495,
    "operatingIncome": 65333000,
    "operatingIncomeRatio": 0.2317956687,
    "totalOtherIncomeExpensesNet": 2814000,
    "incomeBeforeTax": 68147000,
    "incomeBeforeTaxRatio": 0.2417794902,
    "incomeTaxExpense": 25862000,
    "netIncome": 42285000,
    "netIncomeRatio": 0.1500234162,
    "eps": 0.23,
    "epsdiluted": 0.23,
    "weightedAverageShsOut": 183084999,
    "weightedAverageShsOutDil": 185703999,
    "link": "https://www.sec.gov/Archives/edgar/data/1086222/000144530511003341/0001445305-11-003341-index.htm",
    "finalLink": "https://www.sec.gov/Archives/edgar/data/1086222/000144530511003341/akam10q93011.htm"
  },
  {
    "date": "2011-06-30",
    "symbol": "AKAM",
    "reportedCurrency": "USD",
    "cik": "0001086222",
    "fillingDate": "2011-08-09",
    "acceptedDate": "2011-08-09 14:26:08",
    "calendarYear": "2011",
    "period": "Q2",
    "revenue": 276989000,
    "costOfRevenue": 89647000,
    "grossProfit": 187342000,
    "grossProfitRatio": 0.6763517685,
    "researchAndDevelopmentExpenses": 11006000,
    "generalAndAdministrativeExpenses": 45975000,
    "sellingAndMarketingExpenses": 52837000,
    "sellingGeneralAndAdministrativeExpenses": 98812000,
    "otherExpenses": 4292000,
    "operatingExpenses": 114110000,
    "costAndExpenses": 203757000,
    "interestIncome": 3021000,
    "interestExpense": 0,
    "depreciationAndAmortization": 41333000,
    "ebitda": 114565000,
    "ebitdaratio": 0.4136084826,
    "operatingIncome": 73232000,
    "operatingIncomeRatio": 0.2643859503,
    "totalOtherIncomeExpensesNet": 2989000,
    "incomeBeforeTax": 76221000,
    "incomeBeforeTaxRatio": 0.2751769926,
    "incomeTaxExpense": 28300000,
    "netIncome": 47921000,
    "netIncomeRatio": 0.1730068703,
    "eps": 0.26,
    "epsdiluted": 0.25,
    "weightedAverageShsOut": 186611999,
    "weightedAverageShsOutDil": 190178999,
    "link": "https://www.sec.gov/Archives/edgar/data/1086222/000144530511002451/0001445305-11-002451-index.htm",
    "finalLink": "https://www.sec.gov/Archives/edgar/data/1086222/000144530511002451/akam10q63011.htm"
  },
  {
    "date": "2011-03-31",
    "symbol": "AKAM",
    "reportedCurrency": "USD",
    "cik": "0001086222",
    "fillingDate": "2011-05-10",
    "acceptedDate": "2011-05-10 16:01:06",
    "calendarYear": "2011",
    "period": "Q1",
    "revenue": 275953000,
    "costOfRevenue": 89068000,
    "grossProfit": 186885000,
    "grossProfitRatio": 0.6772348914,
    "researchAndDevelopmentExpenses": 12594000,
    "generalAndAdministrativeExpenses": 43901000,
    "sellingAndMarketingExpenses": 53365000,
    "sellingGeneralAndAdministrativeExpenses": 97266000,
    "otherExpenses": 4277000,
    "operatingExpenses": 114137000,
    "costAndExpenses": 203205000,
    "interestIncome": 2951000,
    "interestExpense": 0,
    "depreciationAndAmortization": 41134000,
    "ebitda": 113882000,
    "ebitdaratio": 0.4126862183,
    "operatingIncome": 72748000,
    "operatingIncomeRatio": 0.2636246027,
    "totalOtherIncomeExpensesNet": 1925000,
    "incomeBeforeTax": 74673000,
    "incomeBeforeTaxRatio": 0.2706004283,
    "incomeTaxExpense": 24056000,
    "netIncome": 50617000,
    "netIncomeRatio": 0.1834261632,
    "eps": 0.27,
    "epsdiluted": 0.26,
    "weightedAverageShsOut": 186848999,
    "weightedAverageShsOutDil": 191382999,
    "link": "https://www.sec.gov/Archives/edgar/data/1086222/000119312511134164/0001193125-11-134164-index.htm",
    "finalLink": "https://www.sec.gov/Archives/edgar/data/1086222/000119312511134164/d10q.htm"
  },
  {
    "date": "2010-12-31",
    "symbol": "AKAM",
    "reportedCurrency": "USD",
    "cik": "0001086222",
    "fillingDate": "2011-03-01",
    "acceptedDate": "2011-03-01 12:47:11",
    "calendarYear": "2010",
    "period": "Q4",
    "revenue": 284688000,
    "costOfRevenue": 86277000,
    "grossProfit": 198411000,
    "grossProfitRatio": 0.6969419154,
    "researchAndDevelopmentExpenses": 13775000,
    "generalAndAdministrativeExpenses": 41793000,
    "sellingAndMarketingExpenses": 66230000,
    "sellingGeneralAndAdministrativeExpenses": 108023000,
    "otherExpenses": 4267000,
    "operatingExpenses": 126065000,
    "costAndExpenses": 212342000,
    "interestIncome": 2842000,
    "interestExpense": 148000,
    "depreciationAndAmortization": 39129000,
    "ebitda": 113262000,
    "ebitdaratio": 0.3978460631,
    "operatingIncome": 72346000,
    "operatingIncomeRatio": 0.2541238127,
    "totalOtherIncomeExpensesNet": 1639000,
    "incomeBeforeTax": 73985000,
    "incomeBeforeTaxRatio": 0.2598809925,
    "incomeTaxExpense": 21475000,
    "netIncome": 52510000,
    "netIncomeRatio": 0.1844475355,
    "eps": 0.28,
    "epsdiluted": 0.27,
    "weightedAverageShsOut": 186848999,
    "weightedAverageShsOutDil": 191382999,
    "link": "https://www.sec.gov/Archives/edgar/data/1086222/000119312511051569/0001193125-11-051569-index.htm",
    "finalLink": "https://www.sec.gov/Archives/edgar/data/1086222/000119312511051569/d10k.htm"
  },
  {
    "date": "2010-09-30",
    "symbol": "AKAM",
    "reportedCurrency": "USD",
    "cik": "0001086222",
    "fillingDate": "2010-11-09",
    "acceptedDate": "2010-11-09 15:00:45",
    "calendarYear": "2010",
    "period": "Q3",
    "revenue": 253551000,
    "costOfRevenue": 77812000,
    "grossProfit": 175739000,
    "grossProfitRatio": 0.6931110506,
    "researchAndDevelopmentExpenses": 14235000,
    "generalAndAdministrativeExpenses": 42729000,
    "sellingAndMarketingExpenses": 55603000,
    "sellingGeneralAndAdministrativeExpenses": 98332000,
    "otherExpenses": 4130000,
    "operatingExpenses": 116697000,
    "costAndExpenses": 194509000,
    "interestIncome": 2809000,
    "interestExpense": 222000,
    "depreciationAndAmortization": 36479000,
    "ebitda": 97013000,
    "ebitdaratio": 0.3826173038,
    "operatingIncome": 59042000,
    "operatingIncomeRatio": 0.2328604502,
    "totalOtherIncomeExpensesNet": 1270000,
    "incomeBeforeTax": 60312000,
    "incomeBeforeTaxRatio": 0.2378693044,
    "incomeTaxExpense": 20603000,
    "netIncome": 39709000,
    "netIncomeRatio": 0.1566114904,
    "eps": 0.22,
    "epsdiluted": 0.21,
    "weightedAverageShsOut": 181456999,
    "weightedAverageShsOutDil": 191270999,
    "link": "https://www.sec.gov/Archives/edgar/data/1086222/000119312510253961/0001193125-10-253961-index.htm",
    "finalLink": "https://www.sec.gov/Archives/edgar/data/1086222/000119312510253961/d10q.htm"
  },
  {
    "date": "2010-06-30",
    "symbol": "AKAM",
    "reportedCurrency": "USD",
    "cik": "0001086222",
    "fillingDate": "2010-08-09",
    "acceptedDate": "2010-08-09 16:01:56",
    "calendarYear": "2010",
    "period": "Q2",
    "revenue": 245318000,
    "costOfRevenue": 71840000,
    "grossProfit": 173478000,
    "grossProfitRatio": 0.7071556103,
    "researchAndDevelopmentExpenses": 13577000,
    "generalAndAdministrativeExpenses": 43707000,
    "sellingAndMarketingExpenses": 55203000,
    "sellingGeneralAndAdministrativeExpenses": 98910000,
    "otherExpenses": 4152000,
    "operatingExpenses": 116639000,
    "costAndExpenses": 188479000,
    "interestIncome": 3262000,
    "interestExpense": 618000,
    "depreciationAndAmortization": 34674000,
    "ebitda": 94730000,
    "ebitdaratio": 0.3861518519,
    "operatingIncome": 56839000,
    "operatingIncomeRatio": 0.2316951875,
    "totalOtherIncomeExpensesNet": 2599000,
    "incomeBeforeTax": 59438000,
    "incomeBeforeTaxRatio": 0.2422895996,
    "incomeTaxExpense": 21315000,
    "netIncome": 38123000,
    "netIncomeRatio": 0.1554023757,
    "eps": 0.22,
    "epsdiluted": 0.2,
    "weightedAverageShsOut": 173316999,
    "weightedAverageShsOutDil": 190478999,
    "link": "https://www.sec.gov/Archives/edgar/data/1086222/000119312510183302/0001193125-10-183302-index.htm",
    "finalLink": "https://www.sec.gov/Archives/edgar/data/1086222/000119312510183302/d10q.htm"
  },
  {
    "date": "2010-03-31",
    "symbol": "AKAM",
    "reportedCurrency": "USD",
    "cik": "0001086222",
    "fillingDate": "2010-05-10",
    "acceptedDate": "2010-05-10 16:13:15",
    "calendarYear": "2010",
    "period": "Q1",
    "revenue": 240029000,
    "costOfRevenue": 67474000,
    "grossProfit": 172555000,
    "grossProfitRatio": 0.7188923005,
    "researchAndDevelopmentExpenses": 13179000,
    "generalAndAdministrativeExpenses": 39550000,
    "sellingAndMarketingExpenses": 49668000,
    "sellingGeneralAndAdministrativeExpenses": 89218000,
    "otherExpenses": 4108000,
    "operatingExpenses": 106505000,
    "costAndExpenses": 173979000,
    "interestIncome": 3250000,
    "interestExpense": 709000,
    "depreciationAndAmortization": 32960000,
    "ebitda": 102306000,
    "ebitdaratio": 0.426223498,
    "operatingIncome": 66050000,
    "operatingIncomeRatio": 0.275175083,
    "totalOtherIncomeExpensesNet": 2587000,
    "incomeBeforeTax": 68637000,
    "incomeBeforeTaxRatio": 0.2859529474,
    "incomeTaxExpense": 27759000,
    "netIncome": 40878000,
    "netIncomeRatio": 0.1703044215,
    "eps": 0.24,
    "epsdiluted": 0.22,
    "weightedAverageShsOut": 171100999,
    "weightedAverageShsOutDil": 189012999,
    "link": "https://www.sec.gov/Archives/edgar/data/1086222/000119312510114602/0001193125-10-114602-index.htm",
    "finalLink": "https://www.sec.gov/Archives/edgar/data/1086222/000119312510114602/d10q.htm"
  },
  {
    "date": "2009-12-31",
    "symbol": "AKAM",
    "reportedCurrency": "USD",
    "cik": "0001086222",
    "fillingDate": "2010-03-01",
    "acceptedDate": "2010-03-01 15:17:40",
    "calendarYear": "2009",
    "period": "Q4",
    "revenue": 238305000,
    "costOfRevenue": 67580000,
    "grossProfit": 170725000,
    "grossProfitRatio": 0.7164138394,
    "researchAndDevelopmentExpenses": 12520000,
    "generalAndAdministrativeExpenses": 40233000,
    "sellingAndMarketingExpenses": 51608000,
    "sellingGeneralAndAdministrativeExpenses": 91841000,
    "otherExpenses": 4142000,
    "operatingExpenses": 108503000,
    "costAndExpenses": 176083000,
    "interestIncome": 3410000,
    "interestExpense": 709000,
    "depreciationAndAmortization": 32573000,
    "ebitda": 97851000,
    "ebitdaratio": 0.4106124504,
    "operatingIncome": 62222000,
    "operatingIncomeRatio": 0.2611023688,
    "totalOtherIncomeExpensesNet": 2347000,
    "incomeBeforeTax": 64569000,
    "incomeBeforeTaxRatio": 0.2709510921,
    "incomeTaxExpense": 24489000,
    "netIncome": 40080000,
    "netIncomeRatio": 0.1681878265,
    "eps": 0.23,
    "epsdiluted": 0.21,
    "weightedAverageShsOut": 171100999,
    "weightedAverageShsOutDil": 189012999,
    "link": "https://www.sec.gov/Archives/edgar/data/1086222/000119312510044561/0001193125-10-044561-index.htm",
    "finalLink": "https://www.sec.gov/Archives/edgar/data/1086222/000119312510044561/d10k.htm"
  },
  {
    "date": "2009-09-30",
    "symbol": "AKAM",
    "reportedCurrency": "USD",
    "cik": "0001086222",
    "fillingDate": "2009-11-09",
    "acceptedDate": "2009-11-09 16:03:07",
    "calendarYear": "2009",
    "period": "Q3",
    "revenue": 206500000,
    "costOfRevenue": 61987000,
    "grossProfit": 144513000,
    "grossProfitRatio": 0.6998208232,
    "researchAndDevelopmentExpenses": 10904000,
    "generalAndAdministrativeExpenses": 34655000,
    "sellingAndMarketingExpenses": 44106000,
    "sellingGeneralAndAdministrativeExpenses": 78761000,
    "otherExpenses": 4103000,
    "operatingExpenses": 93768000,
    "costAndExpenses": 155755000,
    "interestIncome": 3434000,
    "interestExpense": 710000,
    "depreciationAndAmortization": 31565000,
    "ebitda": 85168000,
    "ebitdaratio": 0.4124358354,
    "operatingIncome": 50745000,
    "operatingIncomeRatio": 0.2457384988,
    "totalOtherIncomeExpensesNet": 2148000,
    "incomeBeforeTax": 52893000,
    "incomeBeforeTaxRatio": 0.2561404358,
    "incomeTaxExpense": 20148000,
    "netIncome": 32745000,
    "netIncomeRatio": 0.1585714286,
    "eps": 0.19,
    "epsdiluted": 0.18,
    "weightedAverageShsOut": 171685999,
    "weightedAverageShsOutDil": 188272999,
    "link": "https://www.sec.gov/Archives/edgar/data/1086222/000119312509229337/0001193125-09-229337-index.htm",
    "finalLink": "https://www.sec.gov/Archives/edgar/data/1086222/000119312509229337/d10q.htm"
  },
  {
    "date": "2009-06-30",
    "symbol": "AKAM",
    "reportedCurrency": "USD",
    "cik": "0001086222",
    "fillingDate": "2009-08-10",
    "acceptedDate": "2009-08-10 16:07:02",
    "calendarYear": "2009",
    "period": "Q2",
    "revenue": 204600000,
    "costOfRevenue": 60009000,
    "grossProfit": 144591000,
    "grossProfitRatio": 0.7067008798,
    "researchAndDevelopmentExpenses": 9378000,
    "generalAndAdministrativeExpenses": 35144000,
    "sellingAndMarketingExpenses": 41437000,
    "sellingGeneralAndAdministrativeExpenses": 76581000,
    "otherExpenses": 4238000,
    "operatingExpenses": 90197000,
    "costAndExpenses": 150206000,
    "interestIncome": 4059000,
    "interestExpense": 710000,
    "depreciationAndAmortization": 29678000,
    "ebitda": 88420000,
    "ebitdaratio": 0.4321603128,
    "operatingIncome": 54394000,
    "operatingIncomeRatio": 0.2658553275,
    "totalOtherIncomeExpensesNet": 3638000,
    "incomeBeforeTax": 58032000,
    "incomeBeforeTaxRatio": 0.2836363636,
    "incomeTaxExpense": 22025000,
    "netIncome": 36007000,
    "netIncomeRatio": 0.1759872923,
    "eps": 0.21,
    "epsdiluted": 0.19,
    "weightedAverageShsOut": 172560999,
    "weightedAverageShsOutDil": 189555999,
    "link": "https://www.sec.gov/Archives/edgar/data/1086222/000119312509170630/0001193125-09-170630-index.htm",
    "finalLink": "https://www.sec.gov/Archives/edgar/data/1086222/000119312509170630/d10q.htm"
  },
  {
    "date": "2009-03-31",
    "symbol": "AKAM",
    "reportedCurrency": "USD",
    "cik": "0001086222",
    "fillingDate": "2009-05-11",
    "acceptedDate": "2009-05-11 15:39:07",
    "calendarYear": "2009",
    "period": "Q1",
    "revenue": 210368000,
    "costOfRevenue": 60362000,
    "grossProfit": 150006000,
    "grossProfitRatio": 0.7130647247,
    "researchAndDevelopmentExpenses": 10856000,
    "generalAndAdministrativeExpenses": 36068000,
    "sellingAndMarketingExpenses": 42270000,
    "sellingGeneralAndAdministrativeExpenses": 78338000,
    "otherExpenses": 4693000,
    "operatingExpenses": 93887000,
    "costAndExpenses": 154249000,
    "interestIncome": 4740000,
    "interestExpense": 710000,
    "depreciationAndAmortization": 28678000,
    "ebitda": 91126000,
    "ebitdaratio": 0.433174247,
    "operatingIncome": 56119000,
    "operatingIncomeRatio": 0.2667658579,
    "totalOtherIncomeExpensesNet": 5619000,
    "incomeBeforeTax": 61738000,
    "incomeBeforeTaxRatio": 0.2934761941,
    "incomeTaxExpense": 24657000,
    "netIncome": 37081000,
    "netIncomeRatio": 0.176267303,
    "eps": 0.22,
    "epsdiluted": 0.2,
    "weightedAverageShsOut": 170518999,
    "weightedAverageShsOutDil": 188182999,
    "link": "https://www.sec.gov/Archives/edgar/data/1086222/000119312509107041/0001193125-09-107041-index.htm",
    "finalLink": "https://www.sec.gov/Archives/edgar/data/1086222/000119312509107041/d10q.htm"
  },
  {
    "date": "2008-12-31",
    "symbol": "AKAM",
    "reportedCurrency": "USD",
    "cik": "0001086222",
    "fillingDate": "2009-03-02",
    "acceptedDate": "2009-03-02 15:23:19",
    "calendarYear": "2008",
    "period": "Q4",
    "revenue": 212554000,
    "costOfRevenue": 60688000,
    "grossProfit": 151866000,
    "grossProfitRatio": 0.7144819669,
    "researchAndDevelopmentExpenses": 10477000,
    "generalAndAdministrativeExpenses": 0,
    "sellingAndMarketingExpenses": 0,
    "sellingGeneralAndAdministrativeExpenses": 80389000,
    "otherExpenses": 6160000,
    "operatingExpenses": 97026000,
    "costAndExpenses": 157714000,
    "interestIncome": 0,
    "interestExpense": 0,
    "depreciationAndAmortization": 27452000,
    "ebitda": 84801000,
    "ebitdaratio": 0.3989621461,
    "operatingIncome": 54840000,
    "operatingIncomeRatio": 0.2580050246,
    "totalOtherIncomeExpensesNet": 5233000,
    "incomeBeforeTax": 60073000,
    "incomeBeforeTaxRatio": 0.2826246507,
    "incomeTaxExpense": 19540000,
    "netIncome": 40533000,
    "netIncomeRatio": 0.1906950704,
    "eps": 0.24,
    "epsdiluted": 0.22,
    "weightedAverageShsOut": 170518999,
    "weightedAverageShsOutDil": 188182999,
    "link": "https://www.sec.gov/Archives/edgar/data/1086222/000119312509042423/0001193125-09-042423-index.htm",
    "finalLink": "https://www.sec.gov/Archives/edgar/data/1086222/000119312509042423/d10k.htm"
  },
  {
    "date": "2008-09-30",
    "symbol": "AKAM",
    "reportedCurrency": "USD",
    "cik": "0001086222",
    "fillingDate": "2008-11-10",
    "acceptedDate": "2008-11-10 16:10:51",
    "calendarYear": "2008",
    "period": "Q3",
    "revenue": 197347000,
    "costOfRevenue": 56659000,
    "grossProfit": 140688000,
    "grossProfitRatio": 0.712896573,
    "researchAndDevelopmentExpenses": 9943000,
    "generalAndAdministrativeExpenses": 33776000,
    "sellingAndMarketingExpenses": 42027000,
    "sellingGeneralAndAdministrativeExpenses": 75803000,
    "otherExpenses": 3173000,
    "operatingExpenses": 88919000,
    "costAndExpenses": 145578000,
    "interestIncome": 5678000,
    "interestExpense": 684000,
    "depreciationAndAmortization": 24150000,
    "ebitda": 81752000,
    "ebitdaratio": 0.4142550938,
    "operatingIncome": 51769000,
    "operatingIncomeRatio": 0.2623247376,
    "totalOtherIncomeExpensesNet": 5149000,
    "incomeBeforeTax": 56918000,
    "incomeBeforeTaxRatio": 0.2884158361,
    "incomeTaxExpense": 23558000,
    "netIncome": 33360000,
    "netIncomeRatio": 0.1690423467,
    "eps": 0.2,
    "epsdiluted": 0.18,
    "weightedAverageShsOut": 168473999,
    "weightedAverageShsOutDil": 187768999,
    "link": "https://www.sec.gov/Archives/edgar/data/1086222/000119312508231714/0001193125-08-231714-index.htm",
    "finalLink": "https://www.sec.gov/Archives/edgar/data/1086222/000119312508231714/d10q.htm"
  },
  {
    "date": "2008-06-30",
    "symbol": "AKAM",
    "reportedCurrency": "USD",
    "cik": "0001086222",
    "fillingDate": "2008-08-11",
    "acceptedDate": "2008-08-11 16:05:53",
    "calendarYear": "2008",
    "period": "Q2",
    "revenue": 194004000,
    "costOfRevenue": 53688000,
    "grossProfit": 140316000,
    "grossProfitRatio": 0.7232634379,
    "researchAndDevelopmentExpenses": 9519000,
    "generalAndAdministrativeExpenses": 0,
    "sellingAndMarketingExpenses": 0,
    "sellingGeneralAndAdministrativeExpenses": 74991000,
    "otherExpenses": 3491000,
    "operatingExpenses": 88001000,
    "costAndExpenses": 141689000,
    "interestIncome": 0,
    "interestExpense": 0,
    "depreciationAndAmortization": 23621000,
    "ebitda": 75936000,
    "ebitdaratio": 0.39141461,
    "operatingIncome": 52315000,
    "operatingIncomeRatio": 0.2696593885,
    "totalOtherIncomeExpensesNet": 3874000,
    "incomeBeforeTax": 56189000,
    "incomeBeforeTaxRatio": 0.2896280489,
    "incomeTaxExpense": 21855000,
    "netIncome": 34334000,
    "netIncomeRatio": 0.1769757325,
    "eps": 0.21,
    "epsdiluted": 0.19,
    "weightedAverageShsOut": 167416999,
    "weightedAverageShsOutDil": 187640999,
    "link": "https://www.sec.gov/Archives/edgar/data/1086222/000119312508173424/0001193125-08-173424-index.htm",
    "finalLink": "https://www.sec.gov/Archives/edgar/data/1086222/000119312508173424/d10q.htm"
  },
  {
    "date": "2008-03-31",
    "symbol": "AKAM",
    "reportedCurrency": "USD",
    "cik": "0001086222",
    "fillingDate": "2008-05-12",
    "acceptedDate": "2008-05-12 16:01:27",
    "calendarYear": "2008",
    "period": "Q1",
    "revenue": 187019000,
    "costOfRevenue": 51575000,
    "grossProfit": 135444000,
    "grossProfitRatio": 0.7242258808,
    "researchAndDevelopmentExpenses": 9304000,
    "generalAndAdministrativeExpenses": 0,
    "sellingAndMarketingExpenses": 0,
    "sellingGeneralAndAdministrativeExpenses": 69210000,
    "otherExpenses": 3590000,
    "operatingExpenses": 82104000,
    "costAndExpenses": 133679000,
    "interestIncome": 0,
    "interestExpense": 0,
    "depreciationAndAmortization": 22857000,
    "ebitda": 76197000,
    "ebitdaratio": 0.4074291917,
    "operatingIncome": 53340000,
    "operatingIncomeRatio": 0.285211663,
    "totalOtherIncomeExpensesNet": 8015000,
    "incomeBeforeTax": 61355000,
    "incomeBeforeTaxRatio": 0.3280682711,
    "incomeTaxExpense": 24444000,
    "netIncome": 36911000,
    "netIncomeRatio": 0.1973649736,
    "eps": 0.22,
    "epsdiluted": 0.2,
    "weightedAverageShsOut": 165958999,
    "weightedAverageShsOutDil": 185743999,
    "link": "https://www.sec.gov/Archives/edgar/data/1086222/000119312508111487/0001193125-08-111487-index.htm",
    "finalLink": "https://www.sec.gov/Archives/edgar/data/1086222/000119312508111487/d10q.htm"
  },
  {
    "date": "2007-12-31",
    "symbol": "AKAM",
    "reportedCurrency": "USD",
    "cik": "0001086222",
    "fillingDate": "2008-02-29",
    "acceptedDate": "2008-02-29 16:14:04",
    "calendarYear": "2007",
    "period": "Q4",
    "revenue": 183238000,
    "costOfRevenue": 49394000,
    "grossProfit": 133844000,
    "grossProfitRatio": 0.7304380096,
    "researchAndDevelopmentExpenses": 10466000,
    "generalAndAdministrativeExpenses": 0,
    "sellingAndMarketingExpenses": 0,
    "sellingGeneralAndAdministrativeExpenses": 69497000,
    "otherExpenses": 2835000,
    "operatingExpenses": 82798000,
    "costAndExpenses": 132192000,
    "interestIncome": 0,
    "interestExpense": 0,
    "depreciationAndAmortization": 20436000,
    "ebitda": 71482000,
    "ebitdaratio": 0.3901046726,
    "operatingIncome": 51046000,
    "operatingIncomeRatio": 0.2785775876,
    "totalOtherIncomeExpensesNet": 6894000,
    "incomeBeforeTax": 57940000,
    "incomeBeforeTaxRatio": 0.316200788,
    "incomeTaxExpense": 22062000,
    "netIncome": 35878000,
    "netIncomeRatio": 0.1957999978,
    "eps": 0.22,
    "epsdiluted": 0.19,
    "weightedAverageShsOut": 165958999,
    "weightedAverageShsOutDil": 185743999,
    "link": "https://www.sec.gov/Archives/edgar/data/1086222/000119312508043671/0001193125-08-043671-index.htm",
    "finalLink": "https://www.sec.gov/Archives/edgar/data/1086222/000119312508043671/d10k.htm"
  },
  {
    "date": "2007-09-30",
    "symbol": "AKAM",
    "reportedCurrency": "USD",
    "cik": "0001086222",
    "fillingDate": "2007-11-09",
    "acceptedDate": "2007-11-09 16:06:33",
    "calendarYear": "2007",
    "period": "Q3",
    "revenue": 161240000,
    "costOfRevenue": 43811000,
    "grossProfit": 117429000,
    "grossProfitRatio": 0.7282870256,
    "researchAndDevelopmentExpenses": 11408000,
    "generalAndAdministrativeExpenses": 0,
    "sellingAndMarketingExpenses": 0,
    "sellingGeneralAndAdministrativeExpenses": 67415000,
    "otherExpenses": 2835000,
    "operatingExpenses": 81658000,
    "costAndExpenses": 125469000,
    "interestIncome": 0,
    "interestExpense": 0,
    "depreciationAndAmortization": 18822000,
    "ebitda": 54593000,
    "ebitdaratio": 0.3385822377,
    "operatingIncome": 35771000,
    "operatingIncomeRatio": 0.221849417,
    "totalOtherIncomeExpensesNet": 7185000,
    "incomeBeforeTax": 42956000,
    "incomeBeforeTaxRatio": 0.26641032,
    "incomeTaxExpense": 18692000,
    "netIncome": 24264000,
    "netIncomeRatio": 0.1504837509,
    "eps": 0.15,
    "epsdiluted": 0.13,
    "weightedAverageShsOut": 165473999,
    "weightedAverageShsOutDil": 185105999,
    "link": "https://www.sec.gov/Archives/edgar/data/1086222/000119312507242428/0001193125-07-242428-index.htm",
    "finalLink": "https://www.sec.gov/Archives/edgar/data/1086222/000119312507242428/d10q.htm"
  },
  {
    "date": "2007-06-30",
    "symbol": "AKAM",
    "reportedCurrency": "USD",
    "cik": "0001086222",
    "fillingDate": "2007-08-09",
    "acceptedDate": "2007-08-09 16:01:34",
    "calendarYear": "2007",
    "period": "Q2",
    "revenue": 152654000,
    "costOfRevenue": 39759000,
    "grossProfit": 112895000,
    "grossProfitRatio": 0.7395482595,
    "researchAndDevelopmentExpenses": 11663000,
    "generalAndAdministrativeExpenses": 0,
    "sellingAndMarketingExpenses": 0,
    "sellingGeneralAndAdministrativeExpenses": 67518000,
    "otherExpenses": 2754000,
    "operatingExpenses": 81935000,
    "costAndExpenses": 121694000,
    "interestIncome": 0,
    "interestExpense": 0,
    "depreciationAndAmortization": 17788000,
    "ebitda": 48570000,
    "ebitdaratio": 0.3181705032,
    "operatingIncome": 30960000,
    "operatingIncomeRatio": 0.202811587,
    "totalOtherIncomeExpensesNet": 4671000,
    "incomeBeforeTax": 35631000,
    "incomeBeforeTaxRatio": 0.2334101956,
    "incomeTaxExpense": 13985000,
    "netIncome": 21646000,
    "netIncomeRatio": 0.1417977911,
    "eps": 0.13,
    "epsdiluted": 0.12,
    "weightedAverageShsOut": 164797999,
    "weightedAverageShsOutDil": 185600999,
    "link": "https://www.sec.gov/Archives/edgar/data/1086222/000119312507177435/0001193125-07-177435-index.htm",
    "finalLink": "https://www.sec.gov/Archives/edgar/data/1086222/000119312507177435/d10q.htm"
  },
  {
    "date": "2007-03-31",
    "symbol": "AKAM",
    "reportedCurrency": "USD",
    "cik": "0001086222",
    "fillingDate": "2007-05-10",
    "acceptedDate": "2007-05-10 16:16:45",
    "calendarYear": "2007",
    "period": "Q1",
    "revenue": 139274000,
    "costOfRevenue": 34480000,
    "grossProfit": 104794000,
    "grossProfitRatio": 0.7524304608,
    "researchAndDevelopmentExpenses": 10604000,
    "generalAndAdministrativeExpenses": 0,
    "sellingAndMarketingExpenses": 0,
    "sellingGeneralAndAdministrativeExpenses": 64227000,
    "otherExpenses": 2812000,
    "operatingExpenses": 77643000,
    "costAndExpenses": 112123000,
    "interestIncome": 0,
    "interestExpense": 0,
    "depreciationAndAmortization": 15059000,
    "ebitda": 42210000,
    "ebitdaratio": 0.3030716429,
    "operatingIncome": 27151000,
    "operatingIncomeRatio": 0.1949466519,
    "totalOtherIncomeExpensesNet": 4527000,
    "incomeBeforeTax": 31678000,
    "incomeBeforeTaxRatio": 0.2274509241,
    "incomeTaxExpense": 12499000,
    "netIncome": 19179000,
    "netIncomeRatio": 0.1377069661,
    "eps": 0.12,
    "epsdiluted": 0.11,
    "weightedAverageShsOut": 161568999,
    "weightedAverageShsOutDil": 183156999,
    "link": "https://www.sec.gov/Archives/edgar/data/1086222/000095013507003075/0000950135-07-003075-index.htm",
    "finalLink": "https://www.sec.gov/Archives/edgar/data/1086222/000095013507003075/b65115ate10vq.htm"
  },
  {
    "date": "2006-12-31",
    "symbol": "AKAM",
    "reportedCurrency": "USD",
    "cik": "0001086222",
    "fillingDate": "2007-03-01",
    "acceptedDate": "2007-03-01 16:01:53",
    "calendarYear": "2006",
    "period": "Q4",
    "revenue": 125703000,
    "costOfRevenue": 28605000,
    "grossProfit": 97098000,
    "grossProfitRatio": 0.7724397986,
    "researchAndDevelopmentExpenses": 9141000,
    "generalAndAdministrativeExpenses": 0,
    "sellingAndMarketingExpenses": 0,
    "sellingGeneralAndAdministrativeExpenses": 59507000,
    "otherExpenses": 2047000,
    "operatingExpenses": 70695000,
    "costAndExpenses": 99300000,
    "interestIncome": 0,
    "interestExpense": 0,
    "depreciationAndAmortization": 12013000,
    "ebitda": 38416000,
    "ebitdaratio": 0.3056092536,
    "operatingIncome": 26403000,
    "operatingIncomeRatio": 0.2100427197,
    "totalOtherIncomeExpensesNet": 4927000,
    "incomeBeforeTax": 31330000,
    "incomeBeforeTaxRatio": 0.2492382839,
    "incomeTaxExpense": 10707000,
    "netIncome": 20623000,
    "netIncomeRatio": 0.1640613191,
    "eps": 0.13,
    "epsdiluted": 0.11,
    "weightedAverageShsOut": 161568999,
    "weightedAverageShsOutDil": 183156999,
    "link": "https://www.sec.gov/Archives/edgar/data/1086222/000095013507001307/0000950135-07-001307-index.htm",
    "finalLink": "https://www.sec.gov/Archives/edgar/data/1086222/000095013507001307/b63630ate10vk.htm"
  },
  {
    "date": "2006-09-30",
    "symbol": "AKAM",
    "reportedCurrency": "USD",
    "cik": "0001086222",
    "fillingDate": "2006-11-09",
    "acceptedDate": "2006-11-09 16:06:16",
    "calendarYear": "2006",
    "period": "Q3",
    "revenue": 111495000,
    "costOfRevenue": 24984000,
    "grossProfit": 86511000,
    "grossProfitRatio": 0.7759182026,
    "researchAndDevelopmentExpenses": 8862000,
    "generalAndAdministrativeExpenses": 0,
    "sellingAndMarketingExpenses": 0,
    "sellingGeneralAndAdministrativeExpenses": 53945000,
    "otherExpenses": 1943000,
    "operatingExpenses": 64750000,
    "costAndExpenses": 89734000,
    "interestIncome": 0,
    "interestExpense": 0,
    "depreciationAndAmortization": 10732000,
    "ebitda": 32493000,
    "ebitdaratio": 0.291430109,
    "operatingIncome": 21761000,
    "operatingIncomeRatio": 0.1951746715,
    "totalOtherIncomeExpensesNet": 3522000,
    "incomeBeforeTax": 25283000,
    "incomeBeforeTaxRatio": 0.226763532,
    "incomeTaxExpense": 11264000,
    "netIncome": 14019000,
    "netIncomeRatio": 0.1257365801,
    "eps": 0.09,
    "epsdiluted": 0.08,
    "weightedAverageShsOut": 155738999,
    "weightedAverageShsOutDil": 177062999,
    "link": "https://www.sec.gov/Archives/edgar/data/1086222/000095013506006834/0000950135-06-006834-index.htm",
    "finalLink": "https://www.sec.gov/Archives/edgar/data/1086222/000095013506006834/b62603ate10vq.htm"
  },
  {
    "date": "2006-06-30",
    "symbol": "AKAM",
    "reportedCurrency": "USD",
    "cik": "0001086222",
    "fillingDate": "2006-08-09",
    "acceptedDate": "2006-08-09 14:51:32",
    "calendarYear": "2006",
    "period": "Q2",
    "revenue": 100649000,
    "costOfRevenue": 21195000,
    "grossProfit": 79454000,
    "grossProfitRatio": 0.7894166857,
    "researchAndDevelopmentExpenses": 8373000,
    "generalAndAdministrativeExpenses": 0,
    "sellingAndMarketingExpenses": 0,
    "sellingGeneralAndAdministrativeExpenses": 51590000,
    "otherExpenses": 2198000,
    "operatingExpenses": 62161000,
    "costAndExpenses": 83356000,
    "interestIncome": 0,
    "interestExpense": 0,
    "depreciationAndAmortization": 9778000,
    "ebitda": 27071000,
    "ebitdaratio": 0.2689644209,
    "operatingIncome": 17293000,
    "operatingIncomeRatio": 0.1718149212,
    "totalOtherIncomeExpensesNet": 3813000,
    "incomeBeforeTax": 21106000,
    "incomeBeforeTaxRatio": 0.2096990531,
    "incomeTaxExpense": 9842000,
    "netIncome": 11264000,
    "netIncomeRatio": 0.1119136802,
    "eps": 0.07,
    "epsdiluted": 0.07,
    "weightedAverageShsOut": 154701999,
    "weightedAverageShsOutDil": 175611999,
    "link": "https://www.sec.gov/Archives/edgar/data/1086222/000095013506004880/0000950135-06-004880-index.htm",
    "finalLink": "https://www.sec.gov/Archives/edgar/data/1086222/000095013506004880/b61530ate10vq.htm"
  },
  {
    "date": "2006-03-31",
    "symbol": "AKAM",
    "reportedCurrency": "USD",
    "cik": "0001086222",
    "fillingDate": "2006-05-10",
    "acceptedDate": "2006-05-10 13:40:40",
    "calendarYear": "2006",
    "period": "Q1",
    "revenue": 90825000,
    "costOfRevenue": 19316000,
    "grossProfit": 71509000,
    "grossProfitRatio": 0.7873272777,
    "researchAndDevelopmentExpenses": 6726000,
    "generalAndAdministrativeExpenses": 0,
    "sellingAndMarketingExpenses": 0,
    "sellingGeneralAndAdministrativeExpenses": 44838000,
    "otherExpenses": 2296000,
    "operatingExpenses": 53860000,
    "costAndExpenses": 73176000,
    "interestIncome": 0,
    "interestExpense": 0,
    "depreciationAndAmortization": 8903000,
    "ebitda": 26552000,
    "ebitdaratio": 0.2923424167,
    "operatingIncome": 17649000,
    "operatingIncomeRatio": 0.1943187448,
    "totalOtherIncomeExpensesNet": 3101000,
    "incomeBeforeTax": 20750000,
    "incomeBeforeTaxRatio": 0.2284613267,
    "incomeTaxExpense": 9255000,
    "netIncome": 11495000,
    "netIncomeRatio": 0.1265620699,
    "eps": 0.07,
    "epsdiluted": 0.07,
    "weightedAverageShsOut": 153818999,
    "weightedAverageShsOutDil": 173810999,
    "link": "https://www.sec.gov/Archives/edgar/data/1086222/000095013506003350/0000950135-06-003350-index.htm",
    "finalLink": "https://www.sec.gov/Archives/edgar/data/1086222/000095013506003350/b60528ate10vq.htm"
  },
  {
    "date": "2005-12-31",
    "symbol": "AKAM",
    "reportedCurrency": "USD",
    "cik": "0001086222",
    "fillingDate": "2006-03-16",
    "acceptedDate": "2006-03-16 14:34:07",
    "calendarYear": "2005",
    "period": "Q4",
    "revenue": 82657000,
    "costOfRevenue": 16084000,
    "grossProfit": 66573000,
    "grossProfitRatio": 0.8054127297,
    "researchAndDevelopmentExpenses": 4982000,
    "generalAndAdministrativeExpenses": 0,
    "sellingAndMarketingExpenses": 0,
    "sellingGeneralAndAdministrativeExpenses": 38231000,
    "otherExpenses": 2296000,
    "operatingExpenses": 45509000,
    "costAndExpenses": 61593000,
    "interestIncome": 0,
    "interestExpense": 0,
    "depreciationAndAmortization": 8164000,
    "ebitda": 29228000,
    "ebitdaratio": 0.3536058652,
    "operatingIncome": 21064000,
    "operatingIncomeRatio": 0.254836251,
    "totalOtherIncomeExpensesNet": 1488000,
    "incomeBeforeTax": 22552000,
    "incomeBeforeTaxRatio": 0.2728383561,
    "incomeTaxExpense": -3207000,
    "netIncome": 25759000,
    "netIncomeRatio": 0.3116372479,
    "eps": 0.17,
    "epsdiluted": 0.15,
    "weightedAverageShsOut": 153818999,
    "weightedAverageShsOutDil": 173810999,
    "link": "https://www.sec.gov/Archives/edgar/data/1086222/000095013506001650/0000950135-06-001650-index.htm",
    "finalLink": "https://www.sec.gov/Archives/edgar/data/1086222/000095013506001650/b58056ate10vk.htm"
  },
  {
    "date": "2005-09-30",
    "symbol": "AKAM",
    "reportedCurrency": "USD",
    "cik": "0001086222",
    "fillingDate": "2005-11-09",
    "acceptedDate": "2005-11-09 16:06:16",
    "calendarYear": "2005",
    "period": "Q3",
    "revenue": 75713000,
    "costOfRevenue": 15295000,
    "grossProfit": 60418000,
    "grossProfitRatio": 0.7979871356,
    "researchAndDevelopmentExpenses": 4953000,
    "generalAndAdministrativeExpenses": 0,
    "sellingAndMarketingExpenses": 0,
    "sellingGeneralAndAdministrativeExpenses": 34371000,
    "otherExpenses": 2296000,
    "operatingExpenses": 41620000,
    "costAndExpenses": 56915000,
    "interestIncome": 0,
    "interestExpense": 0,
    "depreciationAndAmortization": 7792000,
    "ebitda": 26590000,
    "ebitdaratio": 0.3511946429,
    "operatingIncome": 18798000,
    "operatingIncomeRatio": 0.2482796878,
    "totalOtherIncomeExpensesNet": -2027000,
    "incomeBeforeTax": 16771000,
    "incomeBeforeTaxRatio": 0.221507535,
    "incomeTaxExpense": -255489000,
    "netIncome": 272260000,
    "netIncomeRatio": 3.5959478557,
    "eps": 1.96,
    "epsdiluted": 1.71,
    "weightedAverageShsOut": 139203999,
    "weightedAverageShsOutDil": 160361999,
    "link": "https://www.sec.gov/Archives/edgar/data/1086222/000095013505006344/0000950135-05-006344-index.htm",
    "finalLink": "https://www.sec.gov/Archives/edgar/data/1086222/000095013505006344/b57397ate10vq.htm"
  },
  {
    "date": "2005-06-30",
    "symbol": "AKAM",
    "reportedCurrency": "USD",
    "cik": "0001086222",
    "fillingDate": "2005-08-09",
    "acceptedDate": "2005-08-09 16:01:45",
    "calendarYear": "2005",
    "period": "Q2",
    "revenue": 64649000,
    "costOfRevenue": 12752000,
    "grossProfit": 51897000,
    "grossProfitRatio": 0.8027502359,
    "researchAndDevelopmentExpenses": 4507000,
    "generalAndAdministrativeExpenses": 0,
    "sellingAndMarketingExpenses": 0,
    "sellingGeneralAndAdministrativeExpenses": 29704000,
    "otherExpenses": 520000,
    "operatingExpenses": 34731000,
    "costAndExpenses": 47483000,
    "interestIncome": 0,
    "interestExpense": 0,
    "depreciationAndAmortization": 5074000,
    "ebitda": 22240000,
    "ebitdaratio": 0.3440115083,
    "operatingIncome": 17166000,
    "operatingIncomeRatio": 0.2655261489,
    "totalOtherIncomeExpensesNet": -693000,
    "incomeBeforeTax": 16473000,
    "incomeBeforeTaxRatio": 0.2548067255,
    "incomeTaxExpense": 573000,
    "netIncome": 15900000,
    "netIncomeRatio": 0.2459434794,
    "eps": 0.12,
    "epsdiluted": 0.11,
    "weightedAverageShsOut": 130118999,
    "weightedAverageShsOutDil": 149985999,
    "link": "https://www.sec.gov/Archives/edgar/data/1086222/000095013505004601/0000950135-05-004601-index.htm",
    "finalLink": "https://www.sec.gov/Archives/edgar/data/1086222/000095013505004601/b55524ate10vq.htm"
  },
  {
    "date": "2005-03-31",
    "symbol": "AKAM",
    "reportedCurrency": "USD",
    "cik": "0001086222",
    "fillingDate": "2005-05-10",
    "acceptedDate": "2005-05-10 16:02:03",
    "calendarYear": "2005",
    "period": "Q1",
    "revenue": 60096000,
    "costOfRevenue": 11524000,
    "grossProfit": 48572000,
    "grossProfitRatio": 0.8082401491,
    "researchAndDevelopmentExpenses": 3629000,
    "generalAndAdministrativeExpenses": 0,
    "sellingAndMarketingExpenses": 0,
    "sellingGeneralAndAdministrativeExpenses": 28584000,
    "otherExpenses": 12000,
    "operatingExpenses": 32225000,
    "costAndExpenses": 43749000,
    "interestIncome": 0,
    "interestExpense": 0,
    "depreciationAndAmortization": 4140000,
    "ebitda": 20487000,
    "ebitdaratio": 0.3409045527,
    "operatingIncome": 16347000,
    "operatingIncomeRatio": 0.2720147764,
    "totalOtherIncomeExpensesNet": -1739000,
    "incomeBeforeTax": 14608000,
    "incomeBeforeTaxRatio": 0.2430777423,
    "incomeTaxExpense": 529000,
    "netIncome": 14079000,
    "netIncomeRatio": 0.2342751597,
    "eps": 0.11,
    "epsdiluted": 0.1,
    "weightedAverageShsOut": 127050999,
    "weightedAverageShsOutDil": 147281999,
    "link": "https://www.sec.gov/Archives/edgar/data/1086222/000095013505002767/0000950135-05-002767-index.htm",
    "finalLink": "https://www.sec.gov/Archives/edgar/data/1086222/000095013505002767/b54781ate10vq.htm"
  },
  {
    "date": "2004-12-31",
    "symbol": "AKAM",
    "reportedCurrency": "USD",
    "cik": "0001086222",
    "fillingDate": "2005-03-16",
    "acceptedDate": "2005-03-16 14:24:47",
    "calendarYear": "2004",
    "period": "Q4",
    "revenue": 57576000,
    "costOfRevenue": 11173000,
    "grossProfit": 46403000,
    "grossProfitRatio": 0.8059434487,
    "researchAndDevelopmentExpenses": 3344000,
    "generalAndAdministrativeExpenses": 0,
    "sellingAndMarketingExpenses": 0,
    "sellingGeneralAndAdministrativeExpenses": 28480000,
    "otherExpenses": 12000,
    "operatingExpenses": 31836000,
    "costAndExpenses": 43009000,
    "interestIncome": 0,
    "interestExpense": 0,
    "depreciationAndAmortization": 4051000,
    "ebitda": 12702000,
    "ebitdaratio": 0.2206127553,
    "operatingIncome": 14567000,
    "operatingIncomeRatio": 0.2530047242,
    "totalOtherIncomeExpensesNet": -989000,
    "incomeBeforeTax": 13578000,
    "incomeBeforeTaxRatio": 0.2358274281,
    "incomeTaxExpense": 187000,
    "netIncome": 13391000,
    "netIncomeRatio": 0.232579547,
    "eps": 0.11,
    "epsdiluted": 0.09,
    "weightedAverageShsOut": 127050999,
    "weightedAverageShsOutDil": 147281999,
    "link": "https://www.sec.gov/Archives/edgar/data/1086222/000095013505001475/0000950135-05-001475-index.htm",
    "finalLink": "https://www.sec.gov/Archives/edgar/data/1086222/000095013505001475/b53269ate10vk.htm"
  },
  {
    "date": "2004-09-30",
    "symbol": "AKAM",
    "reportedCurrency": "USD",
    "cik": "0001086222",
    "fillingDate": "2004-11-09",
    "acceptedDate": "2004-11-09 16:17:43",
    "calendarYear": "2004",
    "period": "Q3",
    "revenue": 53286000,
    "costOfRevenue": 11748000,
    "grossProfit": 41538000,
    "grossProfitRatio": 0.7795293323,
    "researchAndDevelopmentExpenses": 3222000,
    "generalAndAdministrativeExpenses": 0,
    "sellingAndMarketingExpenses": 0,
    "sellingGeneralAndAdministrativeExpenses": 24839000,
    "otherExpenses": 12000,
    "operatingExpenses": 28073000,
    "costAndExpenses": 39821000,
    "interestIncome": 0,
    "interestExpense": 0,
    "depreciationAndAmortization": 4469000,
    "ebitda": 17934000,
    "ebitdaratio": 0.3365611981,
    "operatingIncome": 13465000,
    "operatingIncomeRatio": 0.2526930151,
    "totalOtherIncomeExpensesNet": -2145000,
    "incomeBeforeTax": 11320000,
    "incomeBeforeTaxRatio": 0.2124385392,
    "incomeTaxExpense": 71000,
    "netIncome": 11249000,
    "netIncomeRatio": 0.2111061067,
    "eps": 0.09,
    "epsdiluted": 0.08,
    "weightedAverageShsOut": 125617999,
    "weightedAverageShsOutDil": 147293999,
    "link": "https://www.sec.gov/Archives/edgar/data/1086222/000095013504005247/0000950135-04-005247-index.htm",
    "finalLink": "https://www.sec.gov/Archives/edgar/data/1086222/000095013504005247/b52052ate10vq.htm"
  },
  {
    "date": "2004-06-30",
    "symbol": "AKAM",
    "reportedCurrency": "USD",
    "cik": "0001086222",
    "fillingDate": "2004-08-09",
    "acceptedDate": "2004-08-09 16:27:32",
    "calendarYear": "2004",
    "period": "Q2",
    "revenue": 50786000,
    "costOfRevenue": 11151000,
    "grossProfit": 39635000,
    "grossProfitRatio": 0.780431615,
    "researchAndDevelopmentExpenses": 2872000,
    "generalAndAdministrativeExpenses": 0,
    "sellingAndMarketingExpenses": 0,
    "sellingGeneralAndAdministrativeExpenses": 24124000,
    "otherExpenses": 12000,
    "operatingExpenses": 27008000,
    "costAndExpenses": 38159000,
    "interestIncome": 0,
    "interestExpense": 0,
    "depreciationAndAmortization": 5189000,
    "ebitda": 17816000,
    "ebitdaratio": 0.3508053401,
    "operatingIncome": 12627000,
    "operatingIncomeRatio": 0.2486315126,
    "totalOtherIncomeExpensesNet": -5394000,
    "incomeBeforeTax": 7233000,
    "incomeBeforeTaxRatio": 0.1424211397,
    "incomeTaxExpense": 430000,
    "netIncome": 6803000,
    "netIncomeRatio": 0.1339542394,
    "eps": 0.06,
    "epsdiluted": 0.05,
    "weightedAverageShsOut": 123644999,
    "weightedAverageShsOutDil": 146407999,
    "link": "https://www.sec.gov/Archives/edgar/data/1086222/000095013504003886/0000950135-04-003886-index.htm",
    "finalLink": "https://www.sec.gov/Archives/edgar/data/1086222/000095013504003886/b51102ate10vq.htm"
  },
  {
    "date": "2004-03-31",
    "symbol": "AKAM",
    "reportedCurrency": "USD",
    "cik": "0001086222",
    "fillingDate": "2004-05-10",
    "acceptedDate": "2004-05-10 16:00:34",
    "calendarYear": "2004",
    "period": "Q1",
    "revenue": 48367000,
    "costOfRevenue": 12146000,
    "grossProfit": 36221000,
    "grossProfitRatio": 0.7488783675,
    "researchAndDevelopmentExpenses": 2694000,
    "generalAndAdministrativeExpenses": 0,
    "sellingAndMarketingExpenses": 0,
    "sellingGeneralAndAdministrativeExpenses": 25207000,
    "otherExpenses": 12000,
    "operatingExpenses": 27913000,
    "costAndExpenses": 40059000,
    "interestIncome": 0,
    "interestExpense": 0,
    "depreciationAndAmortization": 6497000,
    "ebitda": 14805000,
    "ebitdaratio": 0.3060971323,
    "operatingIncome": 8308000,
    "operatingIncomeRatio": 0.1717700085,
    "totalOtherIncomeExpensesNet": -5303000,
    "incomeBeforeTax": 3005000,
    "incomeBeforeTaxRatio": 0.0621291376,
    "incomeTaxExpense": 84000,
    "netIncome": 2921000,
    "netIncomeRatio": 0.0603924163,
    "eps": 0.02,
    "epsdiluted": 0.02,
    "weightedAverageShsOut": 122103999,
    "weightedAverageShsOutDil": 133824999,
    "link": "https://www.sec.gov/Archives/edgar/data/1086222/000095013504002541/0000950135-04-002541-index.htm",
    "finalLink": "https://www.sec.gov/Archives/edgar/data/1086222/000095013504002541/b50318ate10vq.htm"
  },
  {
    "date": "2003-12-31",
    "symbol": "AKAM",
    "reportedCurrency": "USD",
    "cik": "0001086222",
    "fillingDate": "2004-03-10",
    "acceptedDate": "2004-03-10 09:03:00",
    "calendarYear": "2003",
    "period": "Q4",
    "revenue": 45169000,
    "costOfRevenue": 13123000,
    "grossProfit": 32046000,
    "grossProfitRatio": 0.7094688835,
    "researchAndDevelopmentExpenses": 2909000,
    "generalAndAdministrativeExpenses": 0,
    "sellingAndMarketingExpenses": 0,
    "sellingGeneralAndAdministrativeExpenses": 24573000,
    "otherExpenses": 12000,
    "operatingExpenses": 27494000,
    "costAndExpenses": 40617000,
    "interestIncome": 0,
    "interestExpense": 0,
    "depreciationAndAmortization": 8332000,
    "ebitda": 12884000,
    "ebitdaratio": 0.2852398769,
    "operatingIncome": 4552000,
    "operatingIncomeRatio": 0.1007770816,
    "totalOtherIncomeExpensesNet": -6280000,
    "incomeBeforeTax": -1728000,
    "incomeBeforeTaxRatio": -0.0382563262,
    "incomeTaxExpense": 351000,
    "netIncome": -2079000,
    "netIncomeRatio": -0.0460271425,
    "eps": -0.017,
    "epsdiluted": -0.0155,
    "weightedAverageShsOut": 122103999,
    "weightedAverageShsOutDil": 133824999,
    "link": "https://www.sec.gov/Archives/edgar/data/1086222/000095013504001174/0000950135-04-001174-index.htm",
    "finalLink": "https://www.sec.gov/Archives/edgar/data/1086222/000095013504001174/b48973ate10vk.htm"
  },
  {
    "date": "2003-09-30",
    "symbol": "AKAM",
    "reportedCurrency": "USD",
    "cik": "0001086222",
    "fillingDate": "2003-11-13",
    "acceptedDate": "2003-11-13 17:06:43",
    "calendarYear": "2003",
    "period": "Q3",
    "revenue": 41767000,
    "costOfRevenue": 14275000,
    "grossProfit": 27492000,
    "grossProfitRatio": 0.658222999,
    "researchAndDevelopmentExpenses": 3595000,
    "generalAndAdministrativeExpenses": 0,
    "sellingAndMarketingExpenses": 0,
    "sellingGeneralAndAdministrativeExpenses": 25006000,
    "otherExpenses": 12000,
    "operatingExpenses": 28613000,
    "costAndExpenses": 42888000,
    "interestIncome": 0,
    "interestExpense": 0,
    "depreciationAndAmortization": 11298000,
    "ebitda": 10177000,
    "ebitdaratio": 0.2436612637,
    "operatingIncome": -1121000,
    "operatingIncomeRatio": -0.0268393708,
    "totalOtherIncomeExpensesNet": -2706000,
    "incomeBeforeTax": -3827000,
    "incomeBeforeTaxRatio": -0.0916273613,
    "incomeTaxExpense": 82000,
    "netIncome": -3909000,
    "netIncomeRatio": -0.0935906338,
    "eps": -0.033,
    "epsdiluted": -0.033,
    "weightedAverageShsOut": 118595999,
    "weightedAverageShsOutDil": 118595999,
    "link": "https://www.sec.gov/Archives/edgar/data/1086222/000095013503005654/0000950135-03-005654-index.htm",
    "finalLink": "https://www.sec.gov/Archives/edgar/data/1086222/000095013503005654/b48016ate10vq.htm"
  },
  {
    "date": "2003-06-30",
    "symbol": "AKAM",
    "reportedCurrency": "USD",
    "cik": "0001086222",
    "fillingDate": "2003-08-14",
    "acceptedDate": "2003-08-14 13:01:11",
    "calendarYear": "2003",
    "period": "Q2",
    "revenue": 37759000,
    "costOfRevenue": 15832000,
    "grossProfit": 21927000,
    "grossProfitRatio": 0.5807092349,
    "researchAndDevelopmentExpenses": 2816000,
    "generalAndAdministrativeExpenses": 0,
    "sellingAndMarketingExpenses": 0,
    "sellingGeneralAndAdministrativeExpenses": 28055000,
    "otherExpenses": 1311000,
    "operatingExpenses": 32182000,
    "costAndExpenses": 48014000,
    "interestIncome": 0,
    "interestExpense": 0,
    "depreciationAndAmortization": 13744000,
    "ebitda": 4788000,
    "ebitdaratio": 0.1268042056,
    "operatingIncome": -10255000,
    "operatingIncomeRatio": -0.271590879,
    "totalOtherIncomeExpensesNet": -4268000,
    "incomeBeforeTax": -14523000,
    "incomeBeforeTaxRatio": -0.3846235335,
    "incomeTaxExpense": 123000,
    "netIncome": -14646000,
    "netIncomeRatio": -0.387881035,
    "eps": -0.13,
    "epsdiluted": -0.13,
    "weightedAverageShsOut": 117108999,
    "weightedAverageShsOutDil": 117108999,
    "link": "https://www.sec.gov/Archives/edgar/data/1086222/000095013503004409/0000950135-03-004409-index.htm",
    "finalLink": "https://www.sec.gov/Archives/edgar/data/1086222/000095013503004409/b47128ate10vq.htm"
  },
  {
    "date": "2003-03-31",
    "symbol": "AKAM",
    "reportedCurrency": "USD",
    "cik": "0001086222",
    "fillingDate": "2003-05-15",
    "acceptedDate": "2003-05-15 11:58:15",
    "calendarYear": "2003",
    "period": "Q1",
    "revenue": 36564000,
    "costOfRevenue": 17885000,
    "grossProfit": 18679000,
    "grossProfitRatio": 0.5108576742,
    "researchAndDevelopmentExpenses": 3472000,
    "generalAndAdministrativeExpenses": 0,
    "sellingAndMarketingExpenses": 0,
    "sellingGeneralAndAdministrativeExpenses": 27160000,
    "otherExpenses": -7622000,
    "operatingExpenses": 23010000,
    "costAndExpenses": 40895000,
    "interestIncome": 0,
    "interestExpense": 0,
    "depreciationAndAmortization": 17792000,
    "ebitda": 3641000,
    "ebitdaratio": 0.0995788207,
    "operatingIncome": -4331000,
    "operatingIncomeRatio": -0.1184498414,
    "totalOtherIncomeExpensesNet": -4243000,
    "incomeBeforeTax": -8574000,
    "incomeBeforeTaxRatio": -0.2344929439,
    "incomeTaxExpense": 73000,
    "netIncome": -8647000,
    "netIncomeRatio": -0.2364894432,
    "eps": -0.0743,
    "epsdiluted": -0.0743,
    "weightedAverageShsOut": 116397999,
    "weightedAverageShsOutDil": 116397999,
    "link": "https://www.sec.gov/Archives/edgar/data/1086222/000095013503003086/0000950135-03-003086-index.htm",
    "finalLink": "https://www.sec.gov/Archives/edgar/data/1086222/000095013503003086/b46491ate10vq.htm"
  },
  {
    "date": "2002-12-31",
    "symbol": "AKAM",
    "reportedCurrency": "USD",
    "cik": "0001086222",
    "fillingDate": "2003-03-28",
    "acceptedDate": "2003-03-28 15:40:00",
    "calendarYear": "2002",
    "period": "Q4",
    "revenue": 35352000,
    "costOfRevenue": 53536000,
    "grossProfit": -18184000,
    "grossProfitRatio": -0.5143697669,
    "researchAndDevelopmentExpenses": 7453000,
    "generalAndAdministrativeExpenses": 0,
    "sellingAndMarketingExpenses": 0,
    "sellingGeneralAndAdministrativeExpenses": 74164000,
    "otherExpenses": -48074000,
    "operatingExpenses": 33543000,
    "costAndExpenses": 87079000,
    "interestIncome": 0,
    "interestExpense": 0,
    "depreciationAndAmortization": 21095000,
    "ebitda": -3957000,
    "ebitdaratio": -0.1119314325,
    "operatingIncome": -51727000,
    "operatingIncomeRatio": -1.4631986875,
    "totalOtherIncomeExpensesNet": -1954000,
    "incomeBeforeTax": -53681000,
    "incomeBeforeTaxRatio": -1.5184713736,
    "incomeTaxExpense": 123000,
    "netIncome": -55604000,
    "netIncomeRatio": -1.5728671645,
    "eps": -0.48,
    "epsdiluted": -0.48,
    "weightedAverageShsOut": 114865999,
    "weightedAverageShsOutDil": 116397999,
    "link": "https://www.sec.gov/Archives/edgar/data/1086222/000095013503002051/0000950135-03-002051-index.htm",
    "finalLink": "https://www.sec.gov/Archives/edgar/data/1086222/000095013503002051/b45644ake10vk.htm"
  },
  {
    "date": "2002-09-30",
    "symbol": "AKAM",
    "reportedCurrency": "USD",
    "cik": "0001086222",
    "fillingDate": "2002-11-14",
    "acceptedDate": "2002-11-14 18:41:31",
    "calendarYear": "2002",
    "period": "Q3",
    "revenue": 35375000,
    "costOfRevenue": 9580000,
    "grossProfit": 25795000,
    "grossProfitRatio": 0.7291872792,
    "researchAndDevelopmentExpenses": 4820000,
    "generalAndAdministrativeExpenses": 0,
    "sellingAndMarketingExpenses": 0,
    "sellingGeneralAndAdministrativeExpenses": 29404000,
    "otherExpenses": 33720000,
    "operatingExpenses": 67944000,
    "costAndExpenses": 77524000,
    "interestIncome": 0,
    "interestExpense": 0,
    "depreciationAndAmortization": 25083000,
    "ebitda": -10928000,
    "ebitdaratio": -0.3089187279,
    "operatingIncome": -42149000,
    "operatingIncomeRatio": -1.1914911661,
    "totalOtherIncomeExpensesNet": -5261000,
    "incomeBeforeTax": -47410000,
    "incomeBeforeTaxRatio": -1.3402120141,
    "incomeTaxExpense": 123000,
    "netIncome": -47533000,
    "netIncomeRatio": -1.3436890459,
    "eps": -0.42,
    "epsdiluted": -0.42,
    "weightedAverageShsOut": 114250999,
    "weightedAverageShsOutDil": 114250999,
    "link": "https://www.sec.gov/Archives/edgar/data/1086222/000095012302010980/0000950123-02-010980-index.htm",
    "finalLink": "https://www.sec.gov/Archives/edgar/data/1086222/000095012302010980/b44455ate10vq.htm"
  },
  {
    "date": "2002-06-30",
    "symbol": "AKAM",
    "reportedCurrency": "USD",
    "cik": "0001086222",
    "fillingDate": "2002-08-13",
    "acceptedDate": "2002-08-13 14:24:48",
    "calendarYear": "2002",
    "period": "Q2",
    "revenue": 36322000,
    "costOfRevenue": 10946000,
    "grossProfit": 25376000,
    "grossProfitRatio": 0.6986399427,
    "researchAndDevelopmentExpenses": 4624000,
    "generalAndAdministrativeExpenses": 0,
    "sellingAndMarketingExpenses": 0,
    "sellingGeneralAndAdministrativeExpenses": 30298000,
    "otherExpenses": 28081000,
    "operatingExpenses": 63003000,
    "costAndExpenses": 73949000,
    "interestIncome": 0,
    "interestExpense": 0,
    "depreciationAndAmortization": 24425000,
    "ebitda": -12600000,
    "ebitdaratio": -0.3468971973,
    "operatingIncome": -37627000,
    "operatingIncomeRatio": -1.0359286383,
    "totalOtherIncomeExpensesNet": -4492000,
    "incomeBeforeTax": -42119000,
    "incomeBeforeTaxRatio": -1.1596002423,
    "incomeTaxExpense": 123000,
    "netIncome": -42242000,
    "netIncomeRatio": -1.1629866197,
    "eps": -0.38,
    "epsdiluted": -0.38,
    "weightedAverageShsOut": 112252999,
    "weightedAverageShsOutDil": 112252999,
    "link": "https://www.sec.gov/Archives/edgar/data/1086222/000095013502003694/0000950135-02-003694-index.htm",
    "finalLink": "https://www.sec.gov/Archives/edgar/data/1086222/000095013502003694/b43655ate10vq.htm"
  },
  {
    "date": "2002-03-31",
    "symbol": "AKAM",
    "reportedCurrency": "USD",
    "cik": "0001086222",
    "fillingDate": "2002-05-14",
    "acceptedDate": "2002-05-14 16:30:01",
    "calendarYear": "2002",
    "period": "Q1",
    "revenue": 37927000,
    "costOfRevenue": 11242000,
    "grossProfit": 26685000,
    "grossProfitRatio": 0.7035884726,
    "researchAndDevelopmentExpenses": 4869000,
    "generalAndAdministrativeExpenses": 0,
    "sellingAndMarketingExpenses": 0,
    "sellingGeneralAndAdministrativeExpenses": 28822000,
    "otherExpenses": 44027000,
    "operatingExpenses": 77718000,
    "costAndExpenses": 88960000,
    "interestIncome": 0,
    "interestExpense": 0,
    "depreciationAndAmortization": 26838000,
    "ebitda": -11786000,
    "ebitdaratio": -0.3107548712,
    "operatingIncome": -51033000,
    "operatingIncomeRatio": -1.345558573,
    "totalOtherIncomeExpensesNet": -7902000,
    "incomeBeforeTax": -58935000,
    "incomeBeforeTaxRatio": -1.5539061882,
    "incomeTaxExpense": 123000,
    "netIncome": -59058000,
    "netIncomeRatio": -1.5571492604,
    "eps": -0.54,
    "epsdiluted": -0.54,
    "weightedAverageShsOut": 109692999,
    "weightedAverageShsOutDil": 109692999,
    "link": "https://www.sec.gov/Archives/edgar/data/1086222/000095013502002681/0000950135-02-002681-index.htm",
    "finalLink": "https://www.sec.gov/Archives/edgar/data/1086222/000095013502002681/b43007ate10-q.htm"
  },
  {
    "date": "2001-12-31",
    "symbol": "AKAM",
    "reportedCurrency": "USD",
    "cik": "0001086222",
    "fillingDate": "2002-02-27",
    "acceptedDate": "2002-02-27 00:00:00",
    "calendarYear": "2001",
    "period": "Q4",
    "revenue": 37110000,
    "costOfRevenue": 11948000,
    "grossProfit": 25162000,
    "grossProfitRatio": 0.6780382646,
    "researchAndDevelopmentExpenses": 12254000,
    "generalAndAdministrativeExpenses": 0,
    "sellingAndMarketingExpenses": 0,
    "sellingGeneralAndAdministrativeExpenses": 28632000,
    "otherExpenses": 45436000,
    "operatingExpenses": 86322000,
    "costAndExpenses": 98270000,
    "interestIncome": 0,
    "interestExpense": 0,
    "depreciationAndAmortization": 25703000,
    "ebitda": -21155000,
    "ebitdaratio": -0.5700619779,
    "operatingIncome": -61160000,
    "operatingIncomeRatio": -1.6480732956,
    "totalOtherIncomeExpensesNet": -3328000,
    "incomeBeforeTax": -64488000,
    "incomeBeforeTaxRatio": -1.7377526273,
    "incomeTaxExpense": 277000,
    "netIncome": -64765000,
    "netIncomeRatio": -1.7452169227,
    "eps": -0.6,
    "epsdiluted": -0.59,
    "weightedAverageShsOut": 108356999,
    "weightedAverageShsOutDil": 109692999,
    "link": "https://www.sec.gov/Archives/edgar/data/1086222/000095013502001140/0000950135-02-001140-index.htm",
    "finalLink": "https://www.sec.gov/Archives/edgar/data/1086222/000095013502001140/b42039ate10-k405.htm"
  },
  {
    "date": "2001-09-30",
    "symbol": "AKAM",
    "reportedCurrency": "USD",
    "cik": "0001086222",
    "fillingDate": "2001-10-22",
    "acceptedDate": "2001-10-22 00:00:00",
    "calendarYear": "2001",
    "period": "Q3",
    "revenue": 42754000,
    "costOfRevenue": 13402000,
    "grossProfit": 29352000,
    "grossProfitRatio": 0.6865322543,
    "researchAndDevelopmentExpenses": 13828000,
    "generalAndAdministrativeExpenses": 0,
    "sellingAndMarketingExpenses": 0,
    "sellingGeneralAndAdministrativeExpenses": 33912000,
    "otherExpenses": 35273000,
    "operatingExpenses": 83013000,
    "costAndExpenses": 96415000,
    "interestIncome": 0,
    "interestExpense": 0,
    "depreciationAndAmortization": 28722000,
    "ebitda": -24939000,
    "ebitdaratio": -0.583313842,
    "operatingIncome": -53661000,
    "operatingIncomeRatio": -1.2551106329,
    "totalOtherIncomeExpensesNet": -1421000,
    "incomeBeforeTax": -55082000,
    "incomeBeforeTaxRatio": -1.2883472891,
    "incomeTaxExpense": 277000,
    "netIncome": -55359000,
    "netIncomeRatio": -1.2948262151,
    "eps": -0.53,
    "epsdiluted": -0.53,
    "weightedAverageShsOut": 104165999,
    "weightedAverageShsOutDil": 104165999,
    "link": "https://www.sec.gov/Archives/edgar/data/1086222/000095013501503139/0000950135-01-503139-index.htm",
    "finalLink": "https://www.sec.gov/Archives/edgar/data/1086222/000095013501503139/b40794ate10-q.htm"
  },
  {
    "date": "2001-06-30",
    "symbol": "AKAM",
    "reportedCurrency": "USD",
    "cik": "0001086222",
    "fillingDate": "2001-07-24",
    "acceptedDate": "2001-07-24 00:00:00",
    "calendarYear": "2001",
    "period": "Q2",
    "revenue": 43141000,
    "costOfRevenue": 16439000,
    "grossProfit": 26702000,
    "grossProfitRatio": 0.6189471732,
    "researchAndDevelopmentExpenses": 9595000,
    "generalAndAdministrativeExpenses": 0,
    "sellingAndMarketingExpenses": 0,
    "sellingGeneralAndAdministrativeExpenses": 45617000,
    "otherExpenses": 60964000,
    "operatingExpenses": 116176000,
    "costAndExpenses": 132615000,
    "interestIncome": 0,
    "interestExpense": 0,
    "depreciationAndAmortization": 26092000,
    "ebitda": -37188000,
    "ebitdaratio": -0.8620106164,
    "operatingIncome": -89474000,
    "operatingIncomeRatio": -2.07398994,
    "totalOtherIncomeExpensesNet": -2790000,
    "incomeBeforeTax": -92264000,
    "incomeBeforeTaxRatio": -2.138661598,
    "incomeTaxExpense": 344000,
    "netIncome": -92608000,
    "netIncomeRatio": -2.1466354512,
    "eps": -0.91,
    "epsdiluted": -0.91,
    "weightedAverageShsOut": 101628999,
    "weightedAverageShsOutDil": 101628999,
    "link": "https://www.sec.gov/Archives/edgar/data/1086222/000095013501502140/0000950135-01-502140-index.htm",
    "finalLink": "https://www.sec.gov/Archives/edgar/data/1086222/000095013501502140/b39895ake10-q.htm"
  },
  {
    "date": "2001-03-31",
    "symbol": "AKAM",
    "reportedCurrency": "USD",
    "cik": "0001086222",
    "fillingDate": "2001-05-15",
    "acceptedDate": "2001-05-15 00:00:00",
    "calendarYear": "2001",
    "period": "Q1",
    "revenue": 40209000,
    "costOfRevenue": 16160000,
    "grossProfit": 24049000,
    "grossProfitRatio": 0.5980999279,
    "researchAndDevelopmentExpenses": 18632000,
    "generalAndAdministrativeExpenses": 0,
    "sellingAndMarketingExpenses": 0,
    "sellingGeneralAndAdministrativeExpenses": 42276000,
    "otherExpenses": 2172744000,
    "operatingExpenses": 2233652000,
    "costAndExpenses": 2249812000,
    "interestIncome": 0,
    "interestExpense": 0,
    "depreciationAndAmortization": 256128000,
    "ebitda": -41373000,
    "ebitdaratio": -1.0289487428,
    "operatingIncome": -2209603000,
    "operatingIncomeRatio": -54.9529458579,
    "totalOtherIncomeExpensesNet": -13013000,
    "incomeBeforeTax": -2222616000,
    "incomeBeforeTaxRatio": -55.2765798702,
    "incomeTaxExpense": 164000,
    "netIncome": -2222780000,
    "netIncomeRatio": -55.280658559,
    "eps": -22.5,
    "epsdiluted": -22.5,
    "weightedAverageShsOut": 98779999,
    "weightedAverageShsOutDil": 98779999,
    "link": "https://www.sec.gov/Archives/edgar/data/1086222/000095013501501291/0000950135-01-501291-index.htm",
    "finalLink": "https://www.sec.gov/Archives/edgar/data/1086222/000095013501501291/b39177ate10-q.htm"
  },
  {
    "date": "2000-12-31",
    "symbol": "AKAM",
    "reportedCurrency": "USD",
    "cik": "0001086222",
    "fillingDate": "2001-02-12",
    "acceptedDate": "2001-02-12 00:00:00",
    "calendarYear": "2000",
    "period": "Q4",
    "revenue": 37244000,
    "costOfRevenue": 24037000,
    "grossProfit": 13207000,
    "grossProfitRatio": 0.3546074535,
    "researchAndDevelopmentExpenses": 17408000,
    "generalAndAdministrativeExpenses": 0,
    "sellingAndMarketingExpenses": 0,
    "sellingGeneralAndAdministrativeExpenses": 62424000,
    "otherExpenses": 239329000,
    "operatingExpenses": 319161000,
    "costAndExpenses": 343198000,
    "interestIncome": 0,
    "interestExpense": 0,
    "depreciationAndAmortization": 235440000,
    "ebitda": -66625000,
    "ebitdaratio": -1.7888787456,
    "operatingIncome": -305954000,
    "operatingIncomeRatio": -8.2148533992,
    "totalOtherIncomeExpensesNet": 2932000,
    "incomeBeforeTax": -303022000,
    "incomeBeforeTaxRatio": -8.1361293094,
    "incomeTaxExpense": 55000,
    "netIncome": -303077000,
    "netIncomeRatio": -8.1376060574,
    "eps": -3.15,
    "epsdiluted": -3.07,
    "weightedAverageShsOut": 96103999,
    "weightedAverageShsOutDil": 98779999,
    "link": "https://www.sec.gov/Archives/edgar/data/1086222/000095013501000445/0000950135-01-000445-index.htm",
    "finalLink": "https://www.sec.gov/Archives/edgar/data/1086222/000095013501000445/b37716ate10-k.htm"
  },
  {
    "date": "2000-09-30",
    "symbol": "AKAM",
    "reportedCurrency": "USD",
    "cik": "0001086222",
    "fillingDate": "2000-11-14",
    "acceptedDate": "2000-11-14 00:00:00",
    "calendarYear": "2000",
    "period": "Q3",
    "revenue": 27156000,
    "costOfRevenue": 18182000,
    "grossProfit": 8974000,
    "grossProfitRatio": 0.3304610399,
    "researchAndDevelopmentExpenses": 18352000,
    "generalAndAdministrativeExpenses": 0,
    "sellingAndMarketingExpenses": 0,
    "sellingGeneralAndAdministrativeExpenses": 59601000,
    "otherExpenses": 238700000,
    "operatingExpenses": 316653000,
    "costAndExpenses": 334835000,
    "interestIncome": 0,
    "interestExpense": 0,
    "depreciationAndAmortization": 275703000,
    "ebitda": -31976000,
    "ebitdaratio": -1.1774930034,
    "operatingIncome": -307679000,
    "operatingIncomeRatio": -11.3300559729,
    "totalOtherIncomeExpensesNet": 3624000,
    "incomeBeforeTax": -304055000,
    "incomeBeforeTaxRatio": -11.1966048019,
    "incomeTaxExpense": 20000,
    "netIncome": -304075000,
    "netIncomeRatio": -11.1973412874,
    "eps": -3.27,
    "epsdiluted": -3.27,
    "weightedAverageShsOut": 93098999,
    "weightedAverageShsOutDil": 93098999,
    "link": "https://www.sec.gov/Archives/edgar/data/1086222/000095013500005091/0000950135-00-005091-index.htm",
    "finalLink": "https://www.sec.gov/Archives/edgar/data/1086222/000095013500005091/b36897ake10-q.txt"
  },
  {
    "date": "2000-06-30",
    "symbol": "AKAM",
    "reportedCurrency": "USD",
    "cik": "0001086222",
    "fillingDate": "2000-08-14",
    "acceptedDate": "2000-08-14 00:00:00",
    "calendarYear": "2000",
    "period": "Q2",
    "revenue": 18144000,
    "costOfRevenue": -4079000,
    "grossProfit": 22223000,
    "grossProfitRatio": 1.2248126102,
    "researchAndDevelopmentExpenses": 12931000,
    "generalAndAdministrativeExpenses": 0,
    "sellingAndMarketingExpenses": 0,
    "sellingGeneralAndAdministrativeExpenses": 49083000,
    "otherExpenses": 205806000,
    "operatingExpenses": 267820000,
    "costAndExpenses": 263741000,
    "interestIncome": 0,
    "interestExpense": 0,
    "depreciationAndAmortization": 194196000,
    "ebitda": -39791000,
    "ebitdaratio": -2.1930665785,
    "operatingIncome": -245597000,
    "operatingIncomeRatio": -13.5359898589,
    "totalOtherIncomeExpensesNet": 2431000,
    "incomeBeforeTax": -243166000,
    "incomeBeforeTaxRatio": -13.4020061728,
    "incomeTaxExpense": 70000,
    "netIncome": -243236000,
    "netIncomeRatio": -13.4058641975,
    "eps": -2.78,
    "epsdiluted": -2.78,
    "weightedAverageShsOut": 87373999,
    "weightedAverageShsOutDil": 87373999,
    "link": "https://www.sec.gov/Archives/edgar/data/1086222/000095013500004045/0000950135-00-004045-index.htm",
    "finalLink": "https://www.sec.gov/Archives/edgar/data/1086222/000095013500004045/e10-q.txt"
  },
  {
    "date": "2000-03-31",
    "symbol": "AKAM",
    "reportedCurrency": "USD",
    "cik": "0001086222",
    "fillingDate": "2000-05-15",
    "acceptedDate": "2000-05-15 00:00:00",
    "calendarYear": "2000",
    "period": "Q1",
    "revenue": 7222000,
    "costOfRevenue": 6636000,
    "grossProfit": 586000,
    "grossProfitRatio": 0.0811409582,
    "researchAndDevelopmentExpenses": 6915000,
    "generalAndAdministrativeExpenses": 0,
    "sellingAndMarketingExpenses": 0,
    "sellingGeneralAndAdministrativeExpenses": 23693000,
    "otherExpenses": 9000000,
    "operatingExpenses": 39608000,
    "costAndExpenses": 46244000,
    "interestIncome": 0,
    "interestExpense": 0,
    "depreciationAndAmortization": 14252000,
    "ebitda": -24770000,
    "ebitdaratio": -3.4297978399,
    "operatingIncome": -39022000,
    "operatingIncomeRatio": -5.4032124065,
    "totalOtherIncomeExpensesNet": 39022000,
    "incomeBeforeTax": 0,
    "incomeBeforeTaxRatio": 0,
    "incomeTaxExpense": 0,
    "netIncome": -35397000,
    "netIncomeRatio": -4.9012738854,
    "eps": -0.47,
    "epsdiluted": -0.47,
    "weightedAverageShsOut": 75028999,
    "weightedAverageShsOutDil": 75028999,
    "link": "https://www.sec.gov/Archives/edgar/data/1086222/000095013500002888/0000950135-00-002888-index.html",
    "finalLink": "https://www.sec.gov/Archives/edgar/data/1086222/000095013500002888/"
  },
  {
    "date": "1999-12-31",
    "symbol": "AKAM",
    "reportedCurrency": "USD",
    "cik": "0001086222",
    "fillingDate": "2000-03-03",
    "acceptedDate": "2000-03-03 00:00:00",
    "calendarYear": "1999",
    "period": "Q4",
    "revenue": 2700000,
    "costOfRevenue": 100000,
    "grossProfit": 2600000,
    "grossProfitRatio": 0.962962963,
    "researchAndDevelopmentExpenses": 6300000,
    "generalAndAdministrativeExpenses": 0,
    "sellingAndMarketingExpenses": 0,
    "sellingGeneralAndAdministrativeExpenses": 10000000,
    "otherExpenses": 4400000,
    "operatingExpenses": 20700000,
    "costAndExpenses": 20800000,
    "interestIncome": 0,
    "interestExpense": 0,
    "depreciationAndAmortization": 4400000,
    "ebitda": -13700000,
    "ebitdaratio": -5.0740740741,
    "operatingIncome": -18100000,
    "operatingIncomeRatio": -6.7037037037,
    "totalOtherIncomeExpensesNet": 18100000,
    "incomeBeforeTax": 0,
    "incomeBeforeTaxRatio": 0,
    "incomeTaxExpense": 0,
    "netIncome": -29300000,
    "netIncomeRatio": -10.8518518519,
    "eps": -0.39,
    "epsdiluted": -0.39,
    "weightedAverageShsOut": 75028999,
    "weightedAverageShsOutDil": 75028999,
    "link": "https://www.sec.gov/Archives/edgar/data/1086222/000095013500001233/0000950135-00-001233-index.html",
    "finalLink": "https://www.sec.gov/Archives/edgar/data/1086222/000095013500001233/"
  },
  {
    "date": "1999-09-30",
    "symbol": "AKAM",
    "reportedCurrency": "USD",
    "cik": "0001086222",
    "fillingDate": "1999-09-30",
    "acceptedDate": "1999-09-29 20:00:00",
    "calendarYear": "1999",
    "period": "Q3",
    "revenue": 883000,
    "costOfRevenue": 3125000,
    "grossProfit": -2242000,
    "grossProfitRatio": -2.5390713477,
    "researchAndDevelopmentExpenses": 3320000,
    "generalAndAdministrativeExpenses": 0,
    "sellingAndMarketingExpenses": 0,
    "sellingGeneralAndAdministrativeExpenses": 13100000,
    "otherExpenses": 13000,
    "operatingExpenses": 16433000,
    "costAndExpenses": 19558000,
    "interestIncome": 0,
    "interestExpense": 0,
    "depreciationAndAmortization": 13000,
    "ebitda": -18662000,
    "ebitdaratio": -21.1347678369,
    "operatingIncome": -18675000,
    "operatingIncomeRatio": -21.1494903737,
    "totalOtherIncomeExpensesNet": 133000,
    "incomeBeforeTax": -18542000,
    "incomeBeforeTaxRatio": -20.9988674972,
    "incomeTaxExpense": 0,
    "netIncome": -18542000,
    "netIncomeRatio": -20.9988674972,
    "eps": -0.74,
    "epsdiluted": -0.74,
    "weightedAverageShsOut": 24848999,
    "weightedAverageShsOutDil": 24848999,
    "link": "",
    "finalLink": ""
  },
  {
    "date": "1999-06-30",
    "symbol": "AKAM",
    "reportedCurrency": "USD",
    "cik": "0001086222",
    "fillingDate": "1999-06-30",
    "acceptedDate": "1999-06-29 20:00:00",
    "calendarYear": "1999",
    "period": "Q2",
    "revenue": 400000,
    "costOfRevenue": 0,
    "grossProfit": 0,
    "grossProfitRatio": 0,
    "researchAndDevelopmentExpenses": 0,
    "generalAndAdministrativeExpenses": 0,
    "sellingAndMarketingExpenses": 0,
    "sellingGeneralAndAdministrativeExpenses": 0,
    "otherExpenses": 0,
    "operatingExpenses": 0,
    "costAndExpenses": 0,
    "interestIncome": 0,
    "interestExpense": 0,
    "depreciationAndAmortization": 0,
    "ebitda": 400000,
    "ebitdaratio": 1,
    "operatingIncome": 400000,
    "operatingIncomeRatio": 1,
    "totalOtherIncomeExpensesNet": -400000,
    "incomeBeforeTax": 0,
    "incomeBeforeTaxRatio": 0,
    "incomeTaxExpense": 0,
    "netIncome": -6900000,
    "netIncomeRatio": -17.25,
    "eps": -0.34,
    "epsdiluted": -0.34,
    "weightedAverageShsOut": 20294118,
    "weightedAverageShsOutDil": 20294118,
    "link": "",
    "finalLink": ""
  },
  {
    "date": "1999-03-31",
    "symbol": "AKAM",
    "reportedCurrency": "USD",
    "cik": "0001086222",
    "fillingDate": "1999-03-31",
    "acceptedDate": "1999-03-30 19:00:00",
    "calendarYear": "1999",
    "period": "Q1",
    "revenue": 100000,
    "costOfRevenue": 0,
    "grossProfit": 0,
    "grossProfitRatio": 0,
    "researchAndDevelopmentExpenses": 0,
    "generalAndAdministrativeExpenses": 0,
    "sellingAndMarketingExpenses": 0,
    "sellingGeneralAndAdministrativeExpenses": 0,
    "otherExpenses": 0,
    "operatingExpenses": 0,
    "costAndExpenses": 0,
    "interestIncome": 0,
    "interestExpense": 0,
    "depreciationAndAmortization": 0,
    "ebitda": 100000,
    "ebitdaratio": 1,
    "operatingIncome": 100000,
    "operatingIncomeRatio": 1,
    "totalOtherIncomeExpensesNet": -100000,
    "incomeBeforeTax": 0,
    "incomeBeforeTaxRatio": 0,
    "incomeTaxExpense": 0,
    "netIncome": -2900000,
    "netIncomeRatio": -29,
    "eps": -0.17,
    "epsdiluted": -0.17,
    "weightedAverageShsOut": 17058823,
    "weightedAverageShsOutDil": 17058823,
    "link": "",
    "finalLink": ""
  }
]