[
  {
    "date": "2025-06-30",
    "symbol": "ALB",
    "reportedCurrency": "USD",
    "cik": "0000915913",
    "fillingDate": "2025-08-04",
    "acceptedDate": "2025-08-04 16:19:15",
    "calendarYear": "2025",
    "period": "Q2",
    "revenue": 1329992000,
    "costOfRevenue": 1133116000,
    "grossProfit": 196876000,
    "grossProfitRatio": 0.1480279581,
    "researchAndDevelopmentExpenses": 12444000,
    "generalAndAdministrativeExpenses": 0,
    "sellingAndMarketingExpenses": 0,
    "sellingGeneralAndAdministrativeExpenses": 132457000,
    "otherExpenses": 4448000,
    "operatingExpenses": 149349000,
    "costAndExpenses": 1282465000,
    "interestIncome": 0,
    "interestExpense": 49939000,
    "depreciationAndAmortization": 168731000,
    "ebitda": 209699000,
    "ebitdaratio": 0.1576693694,
    "operatingIncome": 47527000,
    "operatingIncomeRatio": 0.0357348014,
    "totalOtherIncomeExpensesNet": -56498000,
    "incomeBeforeTax": -8971000,
    "incomeBeforeTaxRatio": -0.0067451534,
    "incomeTaxExpense": 34094000,
    "netIncome": 22897000,
    "netIncomeRatio": 0.017215893,
    "eps": -0.16,
    "epsdiluted": -0.16,
    "weightedAverageShsOut": 117665000,
    "weightedAverageShsOutDil": 117665000,
    "link": "https://www.sec.gov/Archives/edgar/data/915913/000091591325000133/0000915913-25-000133-index.htm",
    "finalLink": "https://www.sec.gov/Archives/edgar/data/915913/000091591325000133/alb-20250630.htm"
  },
  {
    "date": "2025-03-31",
    "symbol": "ALB",
    "reportedCurrency": "USD",
    "cik": "0000915913",
    "fillingDate": "2025-04-30",
    "acceptedDate": "2025-04-30 16:35:44",
    "calendarYear": "2025",
    "period": "Q1",
    "revenue": 1076881000,
    "costOfRevenue": 920582000,
    "grossProfit": 156299000,
    "grossProfitRatio": 0.1451404566,
    "researchAndDevelopmentExpenses": 14099000,
    "generalAndAdministrativeExpenses": 0,
    "sellingAndMarketingExpenses": 0,
    "sellingGeneralAndAdministrativeExpenses": 123502000,
    "otherExpenses": -1063000,
    "operatingExpenses": 136538000,
    "costAndExpenses": 1057120000,
    "interestIncome": 0,
    "interestExpense": 48977000,
    "depreciationAndAmortization": 161754000,
    "ebitda": 191765000,
    "ebitdaratio": 0.1780744576,
    "operatingIncome": 19761000,
    "operatingIncomeRatio": 0.018350217,
    "totalOtherIncomeExpensesNet": -38727000,
    "incomeBeforeTax": -18966000,
    "incomeBeforeTaxRatio": -0.0176119738,
    "incomeTaxExpense": -3978000,
    "netIncome": 41348000,
    "netIncomeRatio": 0.0383960716,
    "eps": -0.0029,
    "epsdiluted": -0.0029,
    "weightedAverageShsOut": 117603000,
    "weightedAverageShsOutDil": 117603000,
    "link": "https://www.sec.gov/Archives/edgar/data/915913/000091591325000084/0000915913-25-000084-index.htm",
    "finalLink": "https://www.sec.gov/Archives/edgar/data/915913/000091591325000084/alb-20250331.htm"
  },
  {
    "date": "2024-12-31",
    "symbol": "ALB",
    "reportedCurrency": "USD",
    "cik": "0000915913",
    "fillingDate": "2025-03-31",
    "acceptedDate": "2025-03-31 16:20:28",
    "calendarYear": "2024",
    "period": "Q4",
    "revenue": 1231713000,
    "costOfRevenue": 1093500000,
    "grossProfit": 138213000,
    "grossProfitRatio": 0.1122120169,
    "researchAndDevelopmentExpenses": 20021000,
    "generalAndAdministrativeExpenses": 0,
    "sellingAndMarketingExpenses": 0,
    "sellingGeneralAndAdministrativeExpenses": 135996000,
    "otherExpenses": -22206000,
    "operatingExpenses": 133811000,
    "costAndExpenses": 1227311000,
    "interestIncome": 0,
    "interestExpense": 44703000,
    "depreciationAndAmortization": 163106000,
    "ebitda": 284536000,
    "ebitdaratio": 0.2310083599,
    "operatingIncome": 4402000,
    "operatingIncomeRatio": 0.0035738845,
    "totalOtherIncomeExpensesNet": 72325000,
    "incomeBeforeTax": 76727000,
    "incomeBeforeTaxRatio": 0.0622929205,
    "incomeTaxExpense": 10613000,
    "netIncome": 75293000,
    "netIncomeRatio": 0.0611286883,
    "eps": 0.29,
    "epsdiluted": 0.29,
    "weightedAverageShsOut": 117549000,
    "weightedAverageShsOutDil": 117723000,
    "link": "https://www.sec.gov/Archives/edgar/data/915913/000091591325000077/0000915913-25-000077-index.htm",
    "finalLink": "https://www.sec.gov/Archives/edgar/data/915913/000091591325000077/alb-20241231.htm"
  },
  {
    "date": "2024-09-30",
    "symbol": "ALB",
    "reportedCurrency": "USD",
    "cik": "0000915913",
    "fillingDate": "2024-11-06",
    "acceptedDate": "2024-11-06 16:45:12",
    "calendarYear": "2024",
    "period": "Q3",
    "revenue": 1354692000,
    "costOfRevenue": 1458726000,
    "grossProfit": -104034000,
    "grossProfitRatio": -0.0767953158,
    "researchAndDevelopmentExpenses": 22397000,
    "generalAndAdministrativeExpenses": 0,
    "sellingAndMarketingExpenses": 0,
    "sellingGeneralAndAdministrativeExpenses": 154253000,
    "otherExpenses": 828146000,
    "operatingExpenses": 1004796000,
    "costAndExpenses": 2463522000,
    "interestIncome": 0,
    "interestExpense": 47760000,
    "depreciationAndAmortization": 163502000,
    "ebitda": -967584000,
    "ebitdaratio": -0.7142464855,
    "operatingIncome": -1108830000,
    "operatingIncomeRatio": -0.8185107759,
    "totalOtherIncomeExpensesNet": -70016000,
    "incomeBeforeTax": -1178846000,
    "incomeBeforeTaxRatio": -0.8701948487,
    "incomeTaxExpense": 110853000,
    "netIncome": -1068992000,
    "netIncomeRatio": -0.7891033534,
    "eps": -9.45,
    "epsdiluted": -9.45,
    "weightedAverageShsOut": 117535000,
    "weightedAverageShsOutDil": 117535000,
    "link": "https://www.sec.gov/Archives/edgar/data/915913/000091591324000158/0000915913-24-000158-index.htm",
    "finalLink": "https://www.sec.gov/Archives/edgar/data/915913/000091591324000158/alb-20240930.htm"
  },
  {
    "date": "2024-06-30",
    "symbol": "ALB",
    "reportedCurrency": "USD",
    "cik": "0000915913",
    "fillingDate": "2024-07-31",
    "acceptedDate": "2024-07-31 16:41:53",
    "calendarYear": "2024",
    "period": "Q2",
    "revenue": 1430385000,
    "costOfRevenue": 1440963000,
    "grossProfit": -10578000,
    "grossProfitRatio": -0.0073952118,
    "researchAndDevelopmentExpenses": 20770000,
    "generalAndAdministrativeExpenses": 0,
    "sellingAndMarketingExpenses": 0,
    "sellingGeneralAndAdministrativeExpenses": 166423000,
    "otherExpenses": 294840000,
    "operatingExpenses": 482033000,
    "costAndExpenses": 1922996000,
    "interestIncome": 0,
    "interestExpense": 35187000,
    "depreciationAndAmortization": 138279000,
    "ebitda": -320666000,
    "ebitdaratio": -0.2241816015,
    "operatingIncome": -492611000,
    "operatingIncomeRatio": -0.3443904963,
    "totalOtherIncomeExpensesNet": -1521000,
    "incomeBeforeTax": -494132000,
    "incomeBeforeTaxRatio": -0.3454538463,
    "incomeTaxExpense": -30660000,
    "netIncome": -188198000,
    "netIncomeRatio": -0.1315715699,
    "eps": -1.96,
    "epsdiluted": -1.96,
    "weightedAverageShsOut": 117528000,
    "weightedAverageShsOutDil": 117528000,
    "link": "https://www.sec.gov/Archives/edgar/data/915913/000091591324000139/0000915913-24-000139-index.htm",
    "finalLink": "https://www.sec.gov/Archives/edgar/data/915913/000091591324000139/alb-20240630.htm"
  },
  {
    "date": "2024-03-31",
    "symbol": "ALB",
    "reportedCurrency": "USD",
    "cik": "0000915913",
    "fillingDate": "2024-05-01",
    "acceptedDate": "2024-05-01 16:43:06",
    "calendarYear": "2024",
    "period": "Q1",
    "revenue": 1360736000,
    "costOfRevenue": 1321798000,
    "grossProfit": 38938000,
    "grossProfitRatio": 0.0286153964,
    "researchAndDevelopmentExpenses": 23532000,
    "generalAndAdministrativeExpenses": 0,
    "sellingAndMarketingExpenses": 0,
    "sellingGeneralAndAdministrativeExpenses": 194912000,
    "otherExpenses": 0,
    "operatingExpenses": 218444000,
    "costAndExpenses": 1540242000,
    "interestIncome": 0,
    "interestExpense": 37969000,
    "depreciationAndAmortization": 123751000,
    "ebitda": -5854000,
    "ebitdaratio": -0.0043020836,
    "operatingIncome": -179506000,
    "operatingIncomeRatio": -0.1319183148,
    "totalOtherIncomeExpensesNet": 11932000,
    "incomeBeforeTax": -167574000,
    "incomeBeforeTaxRatio": -0.1231495308,
    "incomeTaxExpense": -3721000,
    "netIncome": 2448000,
    "netIncomeRatio": 0.0017990264,
    "eps": -0.08,
    "epsdiluted": -0.08,
    "weightedAverageShsOut": 117451000,
    "weightedAverageShsOutDil": 117451000,
    "link": "https://www.sec.gov/Archives/edgar/data/915913/000091591324000100/0000915913-24-000100-index.htm",
    "finalLink": "https://www.sec.gov/Archives/edgar/data/915913/000091591324000100/alb-20240331.htm"
  },
  {
    "date": "2023-12-31",
    "symbol": "ALB",
    "reportedCurrency": "USD",
    "cik": "0000915913",
    "fillingDate": "2024-03-28",
    "acceptedDate": "2024-03-28 16:18:54",
    "calendarYear": "2023",
    "period": "Q4",
    "revenue": 2356165000,
    "costOfRevenue": 3060217000,
    "grossProfit": -704052000,
    "grossProfitRatio": -0.2988126893,
    "researchAndDevelopmentExpenses": 22753000,
    "generalAndAdministrativeExpenses": 0,
    "sellingAndMarketingExpenses": 0,
    "sellingGeneralAndAdministrativeExpenses": 194251000,
    "otherExpenses": -71190000,
    "operatingExpenses": 145814000,
    "costAndExpenses": 3206031000,
    "interestIncome": 0,
    "interestExpense": 34386000,
    "depreciationAndAmortization": 144143000,
    "ebitda": -742422000,
    "ebitdaratio": -0.3150976269,
    "operatingIncome": -849866000,
    "operatingIncomeRatio": -0.3606988475,
    "totalOtherIncomeExpensesNet": -71085000,
    "incomeBeforeTax": -920951000,
    "incomeBeforeTaxRatio": -0.3908686361,
    "incomeTaxExpense": 118878000,
    "netIncome": -617680000,
    "netIncomeRatio": -0.2621548151,
    "eps": -5.26,
    "epsdiluted": -5.26,
    "weightedAverageShsOut": 117354000,
    "weightedAverageShsOutDil": 117354000,
    "link": "https://www.sec.gov/Archives/edgar/data/915913/000091591324000094/0000915913-24-000094-index.htm",
    "finalLink": "https://www.sec.gov/Archives/edgar/data/915913/000091591324000094/alb-20231231.htm"
  },
  {
    "date": "2023-09-30",
    "symbol": "ALB",
    "reportedCurrency": "USD",
    "cik": "0000915913",
    "fillingDate": "2023-11-01",
    "acceptedDate": "2023-11-01 16:43:20",
    "calendarYear": "2023",
    "period": "Q3",
    "revenue": 2310596000,
    "costOfRevenue": 2255662000,
    "grossProfit": 54934000,
    "grossProfitRatio": 0.0237748183,
    "researchAndDevelopmentExpenses": 21082000,
    "generalAndAdministrativeExpenses": 0,
    "sellingAndMarketingExpenses": 0,
    "sellingGeneralAndAdministrativeExpenses": 172109000,
    "otherExpenses": 1757000,
    "operatingExpenses": 194948000,
    "costAndExpenses": 2450610000,
    "interestIncome": 0,
    "interestExpense": 29332000,
    "depreciationAndAmortization": 105445000,
    "ebitda": -23387000,
    "ebitdaratio": -0.010121631,
    "operatingIncome": -140014000,
    "operatingIncomeRatio": -0.0605964868,
    "totalOtherIncomeExpensesNet": -18150000,
    "incomeBeforeTax": -158164000,
    "incomeBeforeTaxRatio": -0.068451603,
    "incomeTaxExpense": -8551000,
    "netIncome": 302533000,
    "netIncomeRatio": 0.1309328848,
    "eps": 2.58,
    "epsdiluted": 2.57,
    "weightedAverageShsOut": 117349000,
    "weightedAverageShsOutDil": 117783000,
    "link": "https://www.sec.gov/Archives/edgar/data/915913/000091591323000180/0000915913-23-000180-index.htm",
    "finalLink": "https://www.sec.gov/Archives/edgar/data/915913/000091591323000180/alb-20230930.htm"
  },
  {
    "date": "2023-06-30",
    "symbol": "ALB",
    "reportedCurrency": "USD",
    "cik": "0000915913",
    "fillingDate": "2023-08-02",
    "acceptedDate": "2023-08-02 17:06:52",
    "calendarYear": "2023",
    "period": "Q2",
    "revenue": 2370190000,
    "costOfRevenue": 1811703000,
    "grossProfit": 558487000,
    "grossProfitRatio": 0.2356296331,
    "researchAndDevelopmentExpenses": 21419000,
    "generalAndAdministrativeExpenses": 0,
    "sellingAndMarketingExpenses": 0,
    "sellingGeneralAndAdministrativeExpenses": 397070000,
    "otherExpenses": 0,
    "operatingExpenses": 418489000,
    "costAndExpenses": 2230192000,
    "interestIncome": 0,
    "interestExpense": 25577000,
    "depreciationAndAmortization": 93085000,
    "ebitda": 287037000,
    "ebitdaratio": 0.1211029496,
    "operatingIncome": 139998000,
    "operatingIncomeRatio": 0.0590661508,
    "totalOtherIncomeExpensesNet": 28377000,
    "incomeBeforeTax": 168375000,
    "incomeBeforeTaxRatio": 0.0710386087,
    "incomeTaxExpense": 42987000,
    "netIncome": 650043000,
    "netIncomeRatio": 0.2742577599,
    "eps": 5.54,
    "epsdiluted": 5.52,
    "weightedAverageShsOut": 117332000,
    "weightedAverageShsOutDil": 117769000,
    "link": "https://www.sec.gov/Archives/edgar/data/915913/000091591323000166/0000915913-23-000166-index.htm",
    "finalLink": "https://www.sec.gov/Archives/edgar/data/915913/000091591323000166/alb-20230630.htm"
  },
  {
    "date": "2023-03-31",
    "symbol": "ALB",
    "reportedCurrency": "USD",
    "cik": "0000915913",
    "fillingDate": "2023-05-03",
    "acceptedDate": "2023-05-03 16:50:57",
    "calendarYear": "2023",
    "period": "Q1",
    "revenue": 2580252000,
    "costOfRevenue": 1303712000,
    "grossProfit": 1276540000,
    "grossProfitRatio": 0.4947346228,
    "researchAndDevelopmentExpenses": 20471000,
    "generalAndAdministrativeExpenses": 0,
    "sellingAndMarketingExpenses": 0,
    "sellingGeneralAndAdministrativeExpenses": 154306000,
    "otherExpenses": 0,
    "operatingExpenses": 174777000,
    "costAndExpenses": 1478489000,
    "interestIncome": 0,
    "interestExpense": 26777000,
    "depreciationAndAmortization": 87271000,
    "ebitda": 1271526000,
    "ebitdaratio": 0.4927914018,
    "operatingIncome": 1101763000,
    "operatingIncomeRatio": 0.4269982157,
    "totalOtherIncomeExpensesNet": 55715000,
    "incomeBeforeTax": 1157478000,
    "incomeBeforeTaxRatio": 0.4485910678,
    "incomeTaxExpense": 276963000,
    "netIncome": 1238580000,
    "netIncomeRatio": 0.4800228815,
    "eps": 10.57,
    "epsdiluted": 10.51,
    "weightedAverageShsOut": 117232000,
    "weightedAverageShsOutDil": 117841000,
    "link": "https://www.sec.gov/Archives/edgar/data/915913/000091591323000115/0000915913-23-000115-index.htm",
    "finalLink": "https://www.sec.gov/Archives/edgar/data/915913/000091591323000115/alb-20230331.htm"
  },
  {
    "date": "2022-12-31",
    "symbol": "ALB",
    "reportedCurrency": "USD",
    "cik": "0000915913",
    "fillingDate": "2023-04-21",
    "acceptedDate": "2023-04-21 16:20:52",
    "calendarYear": "2022",
    "period": "Q4",
    "revenue": 2620978000,
    "costOfRevenue": 1619659000,
    "grossProfit": 1001319000,
    "grossProfitRatio": 0.3820402155,
    "researchAndDevelopmentExpenses": 20154000,
    "generalAndAdministrativeExpenses": 0,
    "sellingAndMarketingExpenses": 0,
    "sellingGeneralAndAdministrativeExpenses": 148156000,
    "otherExpenses": 0,
    "operatingExpenses": 168310000,
    "costAndExpenses": 1787969000,
    "interestIncome": 0,
    "interestExpense": 24039000,
    "depreciationAndAmortization": 85561000,
    "ebitda": 972689000,
    "ebitdaratio": 0.3711168121,
    "operatingIncome": 833009000,
    "operatingIncomeRatio": 0.3178237284,
    "totalOtherIncomeExpensesNet": 30080000,
    "incomeBeforeTax": 863089000,
    "incomeBeforeTaxRatio": 0.3293003604,
    "incomeTaxExpense": 24102000,
    "netIncome": 1132445000,
    "netIncomeRatio": 0.432069632,
    "eps": 9.67,
    "epsdiluted": 9.6,
    "weightedAverageShsOut": 117160000,
    "weightedAverageShsOutDil": 117925000,
    "link": "https://www.sec.gov/Archives/edgar/data/915913/000091591323000097/0000915913-23-000097-index.htm",
    "finalLink": "https://www.sec.gov/Archives/edgar/data/915913/000091591323000097/alb-20221231.htm"
  },
  {
    "date": "2022-09-30",
    "symbol": "ALB",
    "reportedCurrency": "USD",
    "cik": "0000915913",
    "fillingDate": "2022-11-02",
    "acceptedDate": "2022-11-02 17:08:05",
    "calendarYear": "2022",
    "period": "Q3",
    "revenue": 2091805000,
    "costOfRevenue": 1047991000,
    "grossProfit": 1043814000,
    "grossProfitRatio": 0.49900158,
    "researchAndDevelopmentExpenses": 18358000,
    "generalAndAdministrativeExpenses": 0,
    "sellingAndMarketingExpenses": 0,
    "sellingGeneralAndAdministrativeExpenses": 134479000,
    "otherExpenses": 0,
    "operatingExpenses": 152837000,
    "costAndExpenses": 1200828000,
    "interestIncome": 0,
    "interestExpense": 29691000,
    "depreciationAndAmortization": 77713000,
    "ebitda": 976664000,
    "ebitdaratio": 0.4669001174,
    "operatingIncome": 890977000,
    "operatingIncomeRatio": 0.4259369301,
    "totalOtherIncomeExpensesNet": -21717000,
    "incomeBeforeTax": 869260000,
    "incomeBeforeTaxRatio": 0.4155549872,
    "incomeTaxExpense": 196938000,
    "netIncome": 897215000,
    "netIncomeRatio": 0.4289190436,
    "eps": 7.66,
    "epsdiluted": 7.61,
    "weightedAverageShsOut": 117136000,
    "weightedAverageShsOutDil": 117869000,
    "link": "https://www.sec.gov/Archives/edgar/data/915913/000091591322000167/0000915913-22-000167-index.htm",
    "finalLink": "https://www.sec.gov/Archives/edgar/data/915913/000091591322000167/alb-20220930.htm"
  },
  {
    "date": "2022-06-30",
    "symbol": "ALB",
    "reportedCurrency": "USD",
    "cik": "0000915913",
    "fillingDate": "2022-08-03",
    "acceptedDate": "2022-08-03 16:49:09",
    "calendarYear": "2022",
    "period": "Q2",
    "revenue": 1479593000,
    "costOfRevenue": 899169000,
    "grossProfit": 580424000,
    "grossProfitRatio": 0.3922862571,
    "researchAndDevelopmentExpenses": 17386000,
    "generalAndAdministrativeExpenses": 0,
    "sellingAndMarketingExpenses": 0,
    "sellingGeneralAndAdministrativeExpenses": 128942000,
    "otherExpenses": 0,
    "operatingExpenses": 146328000,
    "costAndExpenses": 1045497000,
    "interestIncome": 0,
    "interestExpense": 41409000,
    "depreciationAndAmortization": 70993000,
    "ebitda": 513856000,
    "ebitdaratio": 0.3472955063,
    "operatingIncome": 434096000,
    "operatingIncomeRatio": 0.29338879,
    "totalOtherIncomeExpensesNet": -32642000,
    "incomeBeforeTax": 401454000,
    "incomeBeforeTaxRatio": 0.2713273177,
    "incomeTaxExpense": 89018000,
    "netIncome": 406773000,
    "netIncomeRatio": 0.2749222252,
    "eps": 3.47,
    "epsdiluted": 3.46,
    "weightedAverageShsOut": 117116000,
    "weightedAverageShsOutDil": 117724000,
    "link": "https://www.sec.gov/Archives/edgar/data/915913/000091591322000137/0000915913-22-000137-index.htm",
    "finalLink": "https://www.sec.gov/Archives/edgar/data/915913/000091591322000137/alb-20220630.htm"
  },
  {
    "date": "2022-03-31",
    "symbol": "ALB",
    "reportedCurrency": "USD",
    "cik": "0000915913",
    "fillingDate": "2022-05-04",
    "acceptedDate": "2022-05-04 17:17:47",
    "calendarYear": "2022",
    "period": "Q1",
    "revenue": 1127728000,
    "costOfRevenue": 678698000,
    "grossProfit": 449030000,
    "grossProfitRatio": 0.3981722543,
    "researchAndDevelopmentExpenses": 16083000,
    "generalAndAdministrativeExpenses": 0,
    "sellingAndMarketingExpenses": 0,
    "sellingGeneralAndAdministrativeExpenses": 112568000,
    "otherExpenses": 8400000,
    "operatingExpenses": 137051000,
    "costAndExpenses": 815749000,
    "interestIncome": 0,
    "interestExpense": 27834000,
    "depreciationAndAmortization": 66574000,
    "ebitda": 394049000,
    "ebitdaratio": 0.3494184768,
    "operatingIncome": 311979000,
    "operatingIncomeRatio": 0.2766438361,
    "totalOtherIncomeExpensesNet": -12338000,
    "incomeBeforeTax": 299641000,
    "incomeBeforeTaxRatio": 0.2657032547,
    "incomeTaxExpense": 80530000,
    "netIncome": 253383000,
    "netIncomeRatio": 0.2246844984,
    "eps": 2.16,
    "epsdiluted": 2.15,
    "weightedAverageShsOut": 117066000,
    "weightedAverageShsOutDil": 117653000,
    "link": "https://www.sec.gov/Archives/edgar/data/915913/000091591322000103/0000915913-22-000103-index.htm",
    "finalLink": "https://www.sec.gov/Archives/edgar/data/915913/000091591322000103/alb-20220331.htm"
  },
  {
    "date": "2021-12-31",
    "symbol": "ALB",
    "reportedCurrency": "USD",
    "cik": "0000915913",
    "fillingDate": "2022-02-22",
    "acceptedDate": "2022-02-18 17:49:21",
    "calendarYear": "2021",
    "period": "Q4",
    "revenue": 894204000,
    "costOfRevenue": 657610000,
    "grossProfit": 236594000,
    "grossProfitRatio": 0.2645861571,
    "researchAndDevelopmentExpenses": 12125000,
    "generalAndAdministrativeExpenses": 0,
    "sellingAndMarketingExpenses": 0,
    "sellingGeneralAndAdministrativeExpenses": 123302000,
    "otherExpenses": 132453000,
    "operatingExpenses": 267880000,
    "costAndExpenses": 925490000,
    "interestIncome": 0,
    "interestExpense": 5306000,
    "depreciationAndAmortization": 68235000,
    "ebitda": 65479000,
    "ebitdaratio": 0.07322602,
    "operatingIncome": -31286000,
    "operatingIncomeRatio": -0.034987542,
    "totalOtherIncomeExpensesNet": 23224000,
    "incomeBeforeTax": -8062000,
    "incomeBeforeTaxRatio": -0.0090158398,
    "incomeTaxExpense": 15024000,
    "netIncome": -3824000,
    "netIncomeRatio": -0.0042764291,
    "eps": -0.03,
    "epsdiluted": -0.03,
    "weightedAverageShsOut": 116999000,
    "weightedAverageShsOutDil": 116999000,
    "link": "https://www.sec.gov/Archives/edgar/data/915913/000091591322000027/0000915913-22-000027-index.htm",
    "finalLink": "https://www.sec.gov/Archives/edgar/data/915913/000091591322000027/alb-20211231.htm"
  },
  {
    "date": "2021-09-30",
    "symbol": "ALB",
    "reportedCurrency": "USD",
    "cik": "0000915913",
    "fillingDate": "2021-11-04",
    "acceptedDate": "2021-11-04 13:58:05",
    "calendarYear": "2021",
    "period": "Q3",
    "revenue": 830566000,
    "costOfRevenue": 581293000,
    "grossProfit": 249273000,
    "grossProfitRatio": 0.3001242526,
    "researchAndDevelopmentExpenses": 13289000,
    "generalAndAdministrativeExpenses": 0,
    "sellingAndMarketingExpenses": 0,
    "sellingGeneralAndAdministrativeExpenses": 103477000,
    "otherExpenses": 984000,
    "operatingExpenses": 117750000,
    "costAndExpenses": 699043000,
    "interestIncome": 0,
    "interestExpense": 5136000,
    "depreciationAndAmortization": 62082000,
    "ebitda": -449591000,
    "ebitdaratio": -0.5413067715,
    "operatingIncome": 131523000,
    "operatingIncomeRatio": 0.1583534602,
    "totalOtherIncomeExpensesNet": -648332000,
    "incomeBeforeTax": -516809000,
    "incomeBeforeTaxRatio": -0.622237125,
    "incomeTaxExpense": -114670000,
    "netIncome": -392781000,
    "netIncomeRatio": -0.4729076317,
    "eps": -3.36,
    "epsdiluted": -3.36,
    "weightedAverageShsOut": 116899107,
    "weightedAverageShsOutDil": 116965000,
    "link": "https://www.sec.gov/Archives/edgar/data/915913/000091591321000181/0000915913-21-000181-index.htm",
    "finalLink": "https://www.sec.gov/Archives/edgar/data/915913/000091591321000181/alb-20210930.htm"
  },
  {
    "date": "2021-06-30",
    "symbol": "ALB",
    "reportedCurrency": "USD",
    "cik": "0000915913",
    "fillingDate": "2021-08-04",
    "acceptedDate": "2021-08-04 16:51:10",
    "calendarYear": "2021",
    "period": "Q2",
    "revenue": 773896000,
    "costOfRevenue": 525479000,
    "grossProfit": 248417000,
    "grossProfitRatio": 0.3209953275,
    "researchAndDevelopmentExpenses": 13976000,
    "generalAndAdministrativeExpenses": 0,
    "sellingAndMarketingExpenses": 0,
    "sellingGeneralAndAdministrativeExpenses": 121516000,
    "otherExpenses": -429408000,
    "operatingExpenses": -293916000,
    "costAndExpenses": 231563000,
    "interestIncome": 0,
    "interestExpense": 7152000,
    "depreciationAndAmortization": 61423000,
    "ebitda": 603770000,
    "ebitdaratio": 0.7801694285,
    "operatingIncome": 542333000,
    "operatingIncomeRatio": 0.7007827925,
    "totalOtherIncomeExpensesNet": -7138000,
    "incomeBeforeTax": 535195000,
    "incomeBeforeTaxRatio": 0.691559331,
    "incomeTaxExpense": 106985000,
    "netIncome": 424600000,
    "netIncomeRatio": 0.5486525321,
    "eps": 3.63,
    "epsdiluted": 3.62,
    "weightedAverageShsOut": 116809000,
    "weightedAverageShsOutDil": 117436000,
    "link": "https://www.sec.gov/Archives/edgar/data/915913/000091591321000149/0000915913-21-000149-index.htm",
    "finalLink": "https://www.sec.gov/Archives/edgar/data/915913/000091591321000149/alb-20210630.htm"
  },
  {
    "date": "2021-03-31",
    "symbol": "ALB",
    "reportedCurrency": "USD",
    "cik": "0000915913",
    "fillingDate": "2021-05-05",
    "acceptedDate": "2021-05-05 16:53:57",
    "calendarYear": "2021",
    "period": "Q1",
    "revenue": 829291000,
    "costOfRevenue": 565604000,
    "grossProfit": 263687000,
    "grossProfitRatio": 0.3179667933,
    "researchAndDevelopmentExpenses": 14636000,
    "generalAndAdministrativeExpenses": 0,
    "sellingAndMarketingExpenses": 0,
    "sellingGeneralAndAdministrativeExpenses": 93187000,
    "otherExpenses": 0,
    "operatingExpenses": 107823000,
    "costAndExpenses": 673427000,
    "interestIncome": 0,
    "interestExpense": 43882000,
    "depreciationAndAmortization": 62260000,
    "ebitda": 229436000,
    "ebitdaratio": 0.2766652478,
    "operatingIncome": 155864000,
    "operatingIncomeRatio": 0.1879485006,
    "totalOtherIncomeExpensesNet": -32570000,
    "incomeBeforeTax": 123294000,
    "incomeBeforeTaxRatio": 0.1486739878,
    "incomeTaxExpense": 22107000,
    "netIncome": 95677000,
    "netIncomeRatio": 0.1153720467,
    "eps": 0.85,
    "epsdiluted": 0.84,
    "weightedAverageShsOut": 112592000,
    "weightedAverageShsOutDil": 113330000,
    "link": "https://www.sec.gov/Archives/edgar/data/915913/000091591321000098/0000915913-21-000098-index.htm",
    "finalLink": "https://www.sec.gov/Archives/edgar/data/915913/000091591321000098/alb-20210331.htm"
  },
  {
    "date": "2020-12-31",
    "symbol": "ALB",
    "reportedCurrency": "USD",
    "cik": "0000915913",
    "fillingDate": "2021-02-19",
    "acceptedDate": "2021-02-19 16:37:48",
    "calendarYear": "2020",
    "period": "Q4",
    "revenue": 879147000,
    "costOfRevenue": 613727000,
    "grossProfit": 265420000,
    "grossProfitRatio": 0.3019062796,
    "researchAndDevelopmentExpenses": 15375000,
    "generalAndAdministrativeExpenses": 0,
    "sellingAndMarketingExpenses": 0,
    "sellingGeneralAndAdministrativeExpenses": 124909000,
    "otherExpenses": 0,
    "operatingExpenses": 140284000,
    "costAndExpenses": 754011000,
    "interestIncome": 0,
    "interestExpense": 19152000,
    "depreciationAndAmortization": 61770000,
    "ebitda": 129349000,
    "ebitdaratio": 0.1471301159,
    "operatingIncome": 125136000,
    "operatingIncomeRatio": 0.1423379708,
    "totalOtherIncomeExpensesNet": -76709000,
    "incomeBeforeTax": 48427000,
    "incomeBeforeTaxRatio": 0.0550840758,
    "incomeTaxExpense": -10101000,
    "netIncome": 84635000,
    "netIncomeRatio": 0.0962694521,
    "eps": 0.79,
    "epsdiluted": 0.79,
    "weightedAverageShsOut": 106665000,
    "weightedAverageShsOutDil": 107312000,
    "link": "https://www.sec.gov/Archives/edgar/data/915913/000091591321000018/0000915913-21-000018-index.htm",
    "finalLink": "https://www.sec.gov/Archives/edgar/data/915913/000091591321000018/alb-20201231.htm"
  },
  {
    "date": "2020-09-30",
    "symbol": "ALB",
    "reportedCurrency": "USD",
    "cik": "0000915913",
    "fillingDate": "2020-11-04",
    "acceptedDate": "2020-11-04 16:58:43",
    "calendarYear": "2020",
    "period": "Q3",
    "revenue": 746868000,
    "costOfRevenue": 492812000,
    "grossProfit": 254056000,
    "grossProfitRatio": 0.3401618492,
    "researchAndDevelopmentExpenses": 13532000,
    "generalAndAdministrativeExpenses": 0,
    "sellingAndMarketingExpenses": 0,
    "sellingGeneralAndAdministrativeExpenses": 96092000,
    "otherExpenses": 0,
    "operatingExpenses": 109624000,
    "costAndExpenses": 602436000,
    "interestIncome": 0,
    "interestExpense": 19227000,
    "depreciationAndAmortization": 58679000,
    "ebitda": 199450000,
    "ebitdaratio": 0.267048528,
    "operatingIncome": 144432000,
    "operatingIncomeRatio": 0.1933835698,
    "totalOtherIncomeExpensesNet": -22888000,
    "incomeBeforeTax": 121544000,
    "incomeBeforeTaxRatio": 0.1627382616,
    "incomeTaxExpense": 30653000,
    "netIncome": 98301000,
    "netIncomeRatio": 0.1316176352,
    "eps": 0.92,
    "epsdiluted": 0.92,
    "weightedAverageShsOut": 106386000,
    "weightedAverageShsOutDil": 106873000,
    "link": "https://www.sec.gov/Archives/edgar/data/915913/000091591320000165/0000915913-20-000165-index.htm",
    "finalLink": "https://www.sec.gov/Archives/edgar/data/915913/000091591320000165/alb-20200930.htm"
  },
  {
    "date": "2020-06-30",
    "symbol": "ALB",
    "reportedCurrency": "USD",
    "cik": "0000915913",
    "fillingDate": "2020-08-05",
    "acceptedDate": "2020-08-05 16:59:18",
    "calendarYear": "2020",
    "period": "Q2",
    "revenue": 764049000,
    "costOfRevenue": 530690000,
    "grossProfit": 233359000,
    "grossProfitRatio": 0.3054241286,
    "researchAndDevelopmentExpenses": 14210000,
    "generalAndAdministrativeExpenses": 0,
    "sellingAndMarketingExpenses": 0,
    "sellingGeneralAndAdministrativeExpenses": 106949000,
    "otherExpenses": 0,
    "operatingExpenses": 121159000,
    "costAndExpenses": 651849000,
    "interestIncome": 0,
    "interestExpense": 17852000,
    "depreciationAndAmortization": 57841000,
    "ebitda": 163768000,
    "ebitdaratio": 0.2143422739,
    "operatingIncome": 112200000,
    "operatingIncomeRatio": 0.1468492204,
    "totalOtherIncomeExpensesNet": -24125000,
    "incomeBeforeTax": 88075000,
    "incomeBeforeTaxRatio": 0.1152740204,
    "incomeTaxExpense": 15431000,
    "netIncome": 85624000,
    "netIncomeRatio": 0.1120661109,
    "eps": 0.81,
    "epsdiluted": 0.8,
    "weightedAverageShsOut": 106329000,
    "weightedAverageShsOutDil": 106535000,
    "link": "https://www.sec.gov/Archives/edgar/data/915913/000091591320000143/0000915913-20-000143-index.htm",
    "finalLink": "https://www.sec.gov/Archives/edgar/data/915913/000091591320000143/alb-20200630.htm"
  },
  {
    "date": "2020-03-31",
    "symbol": "ALB",
    "reportedCurrency": "USD",
    "cik": "0000915913",
    "fillingDate": "2020-05-11",
    "acceptedDate": "2020-05-11 16:25:53",
    "calendarYear": "2020",
    "period": "Q1",
    "revenue": 738845000,
    "costOfRevenue": 496827000,
    "grossProfit": 242018000,
    "grossProfitRatio": 0.3275626146,
    "researchAndDevelopmentExpenses": 16097000,
    "generalAndAdministrativeExpenses": 0,
    "sellingAndMarketingExpenses": 0,
    "sellingGeneralAndAdministrativeExpenses": 101877000,
    "otherExpenses": 0,
    "operatingExpenses": 117974000,
    "costAndExpenses": 614801000,
    "interestIncome": 0,
    "interestExpense": 16885000,
    "depreciationAndAmortization": 53694000,
    "ebitda": 186052000,
    "ebitdaratio": 0.2518146567,
    "operatingIncome": 124044000,
    "operatingIncomeRatio": 0.1678890701,
    "totalOtherIncomeExpensesNet": -8571000,
    "incomeBeforeTax": 115473000,
    "incomeBeforeTaxRatio": 0.1562885314,
    "incomeTaxExpense": 18442000,
    "netIncome": 107204000,
    "netIncomeRatio": 0.1450967388,
    "eps": 1.01,
    "epsdiluted": 1.01,
    "weightedAverageShsOut": 106227000,
    "weightedAverageShsOutDil": 106512000,
    "link": "https://www.sec.gov/Archives/edgar/data/915913/000091591320000105/0000915913-20-000105-index.htm",
    "finalLink": "https://www.sec.gov/Archives/edgar/data/915913/000091591320000105/a0331202010q.htm"
  },
  {
    "date": "2019-12-31",
    "symbol": "ALB",
    "reportedCurrency": "USD",
    "cik": "0000915913",
    "fillingDate": "2020-02-26",
    "acceptedDate": "2020-02-26 12:42:26",
    "calendarYear": "2019",
    "period": "Q4",
    "revenue": 992564000,
    "costOfRevenue": 654053000,
    "grossProfit": 338511000,
    "grossProfitRatio": 0.3410470257,
    "researchAndDevelopmentExpenses": 14263000,
    "generalAndAdministrativeExpenses": 0,
    "sellingAndMarketingExpenses": 0,
    "sellingGeneralAndAdministrativeExpenses": 185163000,
    "otherExpenses": 0,
    "operatingExpenses": 199426000,
    "costAndExpenses": 853479000,
    "interestIncome": 0,
    "interestExpense": 22400000,
    "depreciationAndAmortization": 56766000,
    "ebitda": 157463000,
    "ebitdaratio": 0.1586426669,
    "operatingIncome": 139085000,
    "operatingIncomeRatio": 0.1401269843,
    "totalOtherIncomeExpensesNet": -60788000,
    "incomeBeforeTax": 78297000,
    "incomeBeforeTaxRatio": 0.0788835783,
    "incomeTaxExpense": -5105000,
    "netIncome": 90391000,
    "netIncomeRatio": 0.091068183,
    "eps": 0.85,
    "epsdiluted": 0.85,
    "weightedAverageShsOut": 106037000,
    "weightedAverageShsOutDil": 106314000,
    "link": "https://www.sec.gov/Archives/edgar/data/915913/000091591320000040/0000915913-20-000040-index.htm",
    "finalLink": "https://www.sec.gov/Archives/edgar/data/915913/000091591320000040/a1231201910-kdocument.htm"
  },
  {
    "date": "2019-09-30",
    "symbol": "ALB",
    "reportedCurrency": "USD",
    "cik": "0000915913",
    "fillingDate": "2019-11-06",
    "acceptedDate": "2019-11-06 16:49:25",
    "calendarYear": "2019",
    "period": "Q3",
    "revenue": 879747000,
    "costOfRevenue": 569880000,
    "grossProfit": 309867000,
    "grossProfitRatio": 0.352222855,
    "researchAndDevelopmentExpenses": 15585000,
    "generalAndAdministrativeExpenses": 0,
    "sellingAndMarketingExpenses": 0,
    "sellingGeneralAndAdministrativeExpenses": 108135000,
    "otherExpenses": 0,
    "operatingExpenses": 123720000,
    "costAndExpenses": 693600000,
    "interestIncome": 0,
    "interestExpense": 11108000,
    "depreciationAndAmortization": 54487000,
    "ebitda": 229318000,
    "ebitdaratio": 0.2606635771,
    "operatingIncome": 186147000,
    "operatingIncomeRatio": 0.2115915144,
    "totalOtherIncomeExpensesNet": -22424000,
    "incomeBeforeTax": 163723000,
    "incomeBeforeTaxRatio": 0.1861023681,
    "incomeTaxExpense": 25341000,
    "netIncome": 155070000,
    "netIncomeRatio": 0.1762665857,
    "eps": 1.46,
    "epsdiluted": 1.46,
    "weightedAverageShsOut": 105999000,
    "weightedAverageShsOutDil": 106299000,
    "link": "https://www.sec.gov/Archives/edgar/data/915913/000091591319000099/0000915913-19-000099-index.htm",
    "finalLink": "https://www.sec.gov/Archives/edgar/data/915913/000091591319000099/a0930201910q.htm"
  },
  {
    "date": "2019-06-30",
    "symbol": "ALB",
    "reportedCurrency": "USD",
    "cik": "0000915913",
    "fillingDate": "2019-08-07",
    "acceptedDate": "2019-08-07 16:57:18",
    "calendarYear": "2019",
    "period": "Q2",
    "revenue": 885052000,
    "costOfRevenue": 559138000,
    "grossProfit": 325914000,
    "grossProfitRatio": 0.3682427699,
    "researchAndDevelopmentExpenses": 13462000,
    "generalAndAdministrativeExpenses": 0,
    "sellingAndMarketingExpenses": 0,
    "sellingGeneralAndAdministrativeExpenses": 126715000,
    "otherExpenses": 0,
    "operatingExpenses": 140177000,
    "costAndExpenses": 699315000,
    "interestIncome": 0,
    "interestExpense": 11601000,
    "depreciationAndAmortization": 52948000,
    "ebitda": 231620000,
    "ebitdaratio": 0.2617021373,
    "operatingIncome": 185737000,
    "operatingIncomeRatio": 0.2098599856,
    "totalOtherIncomeExpensesNet": -18666000,
    "incomeBeforeTax": 167071000,
    "incomeBeforeTaxRatio": 0.1887696994,
    "incomeTaxExpense": 30411000,
    "netIncome": 154198000,
    "netIncomeRatio": 0.1742247913,
    "eps": 1.46,
    "epsdiluted": 1.45,
    "weightedAverageShsOut": 105961000,
    "weightedAverageShsOutDil": 106316000,
    "link": "https://www.sec.gov/Archives/edgar/data/915913/000091591319000078/0000915913-19-000078-index.htm",
    "finalLink": "https://www.sec.gov/Archives/edgar/data/915913/000091591319000078/a0630201910q.htm"
  },
  {
    "date": "2019-03-31",
    "symbol": "ALB",
    "reportedCurrency": "USD",
    "cik": "0000915913",
    "fillingDate": "2019-05-08",
    "acceptedDate": "2019-05-08 17:30:23",
    "calendarYear": "2019",
    "period": "Q1",
    "revenue": 832064000,
    "costOfRevenue": 548578000,
    "grossProfit": 283486000,
    "grossProfitRatio": 0.3407021575,
    "researchAndDevelopmentExpenses": 14977000,
    "generalAndAdministrativeExpenses": 0,
    "sellingAndMarketingExpenses": 0,
    "sellingGeneralAndAdministrativeExpenses": 113355000,
    "otherExpenses": 0,
    "operatingExpenses": 128332000,
    "costAndExpenses": 676910000,
    "interestIncome": 0,
    "interestExpense": 12586000,
    "depreciationAndAmortization": 49283000,
    "ebitda": 215728000,
    "ebitdaratio": 0.2592685178,
    "operatingIncome": 155154000,
    "operatingIncomeRatio": 0.1864688293,
    "totalOtherIncomeExpensesNet": -1295000,
    "incomeBeforeTax": 153859000,
    "incomeBeforeTaxRatio": 0.1849124587,
    "incomeTaxExpense": 37514000,
    "netIncome": 133569000,
    "netIncomeRatio": 0.1605273152,
    "eps": 1.26,
    "epsdiluted": 1.26,
    "weightedAverageShsOut": 105799000,
    "weightedAverageShsOutDil": 106356000,
    "link": "https://www.sec.gov/Archives/edgar/data/915913/000091591319000043/0000915913-19-000043-index.htm",
    "finalLink": "https://www.sec.gov/Archives/edgar/data/915913/000091591319000043/a0331201910q.htm"
  },
  {
    "date": "2018-12-31",
    "symbol": "ALB",
    "reportedCurrency": "USD",
    "cik": "0000915913",
    "fillingDate": "2019-02-27",
    "acceptedDate": "2019-02-27 16:27:52",
    "calendarYear": "2018",
    "period": "Q4",
    "revenue": 921699000,
    "costOfRevenue": 601315000,
    "grossProfit": 320384000,
    "grossProfitRatio": 0.3476015489,
    "researchAndDevelopmentExpenses": 16384000,
    "generalAndAdministrativeExpenses": 0,
    "sellingAndMarketingExpenses": 0,
    "sellingGeneralAndAdministrativeExpenses": 120916000,
    "otherExpenses": 8277000,
    "operatingExpenses": 145577000,
    "costAndExpenses": 746892000,
    "interestIncome": 0,
    "interestExpense": 12571000,
    "depreciationAndAmortization": 50187000,
    "ebitda": 192466000,
    "ebitdaratio": 0.2088165442,
    "operatingIncome": 174807000,
    "operatingIncomeRatio": 0.189657361,
    "totalOtherIncomeExpensesNet": -45099000,
    "incomeBeforeTax": 129708000,
    "incomeBeforeTaxRatio": 0.1407270703,
    "incomeTaxExpense": 11196000,
    "netIncome": 129596000,
    "netIncomeRatio": 0.1406055556,
    "eps": 1.22,
    "epsdiluted": 1.21,
    "weightedAverageShsOut": 106042000,
    "weightedAverageShsOutDil": 107005000,
    "link": "https://www.sec.gov/Archives/edgar/data/915913/000091591319000021/0000915913-19-000021-index.htm",
    "finalLink": "https://www.sec.gov/Archives/edgar/data/915913/000091591319000021/a1231201810-kdocument.htm"
  },
  {
    "date": "2018-09-30",
    "symbol": "ALB",
    "reportedCurrency": "USD",
    "cik": "0000915913",
    "fillingDate": "2018-11-07",
    "acceptedDate": "2018-11-07 17:11:19",
    "calendarYear": "2018",
    "period": "Q3",
    "revenue": 777748000,
    "costOfRevenue": 497211000,
    "grossProfit": 280537000,
    "grossProfitRatio": 0.3607042384,
    "researchAndDevelopmentExpenses": 16610000,
    "generalAndAdministrativeExpenses": 0,
    "sellingAndMarketingExpenses": 0,
    "sellingGeneralAndAdministrativeExpenses": 100167000,
    "otherExpenses": 0,
    "operatingExpenses": 116777000,
    "costAndExpenses": 613988000,
    "interestIncome": 0,
    "interestExpense": 12988000,
    "depreciationAndAmortization": 49707000,
    "ebitda": 217260000,
    "ebitdaratio": 0.2793449806,
    "operatingIncome": 163760000,
    "operatingIncomeRatio": 0.2105566327,
    "totalOtherIncomeExpensesNet": -9195000,
    "incomeBeforeTax": 154565000,
    "incomeBeforeTaxRatio": 0.1987340372,
    "incomeTaxExpense": 33167000,
    "netIncome": 129745000,
    "netIncomeRatio": 0.1668213869,
    "eps": 1.21,
    "epsdiluted": 1.2,
    "weightedAverageShsOut": 107315000,
    "weightedAverageShsOutDil": 108302000,
    "link": "https://www.sec.gov/Archives/edgar/data/915913/000091591318000047/0000915913-18-000047-index.htm",
    "finalLink": "https://www.sec.gov/Archives/edgar/data/915913/000091591318000047/a0930201810q.htm"
  },
  {
    "date": "2018-06-30",
    "symbol": "ALB",
    "reportedCurrency": "USD",
    "cik": "0000915913",
    "fillingDate": "2018-08-07",
    "acceptedDate": "2018-08-07 17:22:47",
    "calendarYear": "2018",
    "period": "Q2",
    "revenue": 853874000,
    "costOfRevenue": 542518000,
    "grossProfit": 311356000,
    "grossProfitRatio": 0.3646392793,
    "researchAndDevelopmentExpenses": 16074000,
    "generalAndAdministrativeExpenses": 0,
    "sellingAndMarketingExpenses": 0,
    "sellingGeneralAndAdministrativeExpenses": 123637000,
    "otherExpenses": -218705000,
    "operatingExpenses": -78994000,
    "costAndExpenses": 463524000,
    "interestIncome": 0,
    "interestExpense": 13308000,
    "depreciationAndAmortization": 50474000,
    "ebitda": 435601000,
    "ebitdaratio": 0.5101466961,
    "operatingIncome": 390350000,
    "operatingIncomeRatio": 0.4571517578,
    "totalOtherIncomeExpensesNet": -18531000,
    "incomeBeforeTax": 371819000,
    "incomeBeforeTaxRatio": 0.4354494925,
    "incomeTaxExpense": 80102000,
    "netIncome": 302461000,
    "netIncomeRatio": 0.3542220515,
    "eps": 2.76,
    "epsdiluted": 2.73,
    "weightedAverageShsOut": 109671000,
    "weightedAverageShsOutDil": 110659000,
    "link": "https://www.sec.gov/Archives/edgar/data/915913/000091591318000039/0000915913-18-000039-index.htm",
    "finalLink": "https://www.sec.gov/Archives/edgar/data/915913/000091591318000039/a0630201810q.htm"
  },
  {
    "date": "2018-03-31",
    "symbol": "ALB",
    "reportedCurrency": "USD",
    "cik": "0000915913",
    "fillingDate": "2018-05-10",
    "acceptedDate": "2018-05-09 17:38:37",
    "calendarYear": "2018",
    "period": "Q1",
    "revenue": 821629000,
    "costOfRevenue": 516650000,
    "grossProfit": 304979000,
    "grossProfitRatio": 0.3711882127,
    "researchAndDevelopmentExpenses": 20986000,
    "generalAndAdministrativeExpenses": 0,
    "sellingAndMarketingExpenses": 0,
    "sellingGeneralAndAdministrativeExpenses": 101370000,
    "otherExpenses": 0,
    "operatingExpenses": 122356000,
    "costAndExpenses": 639006000,
    "interestIncome": 0,
    "interestExpense": 13538000,
    "depreciationAndAmortization": 50330000,
    "ebitda": 202477000,
    "ebitdaratio": 0.2464336093,
    "operatingIncome": 182623000,
    "operatingIncomeRatio": 0.2222694184,
    "totalOtherIncomeExpensesNet": -44014000,
    "incomeBeforeTax": 138609000,
    "incomeBeforeTaxRatio": 0.1687002284,
    "incomeTaxExpense": 20361000,
    "netIncome": 131760000,
    "netIncomeRatio": 0.1603643494,
    "eps": 1.19,
    "epsdiluted": 1.18,
    "weightedAverageShsOut": 110681000,
    "weightedAverageShsOutDil": 111867000,
    "link": "https://www.sec.gov/Archives/edgar/data/915913/000091591318000023/0000915913-18-000023-index.htm",
    "finalLink": "https://www.sec.gov/Archives/edgar/data/915913/000091591318000023/a0331201810q.htm"
  },
  {
    "date": "2017-12-31",
    "symbol": "ALB",
    "reportedCurrency": "USD",
    "cik": "0000915913",
    "fillingDate": "2018-02-28",
    "acceptedDate": "2018-02-27 17:56:57",
    "calendarYear": "2017",
    "period": "Q4",
    "revenue": 857789000,
    "costOfRevenue": 550780000,
    "grossProfit": 307009000,
    "grossProfitRatio": 0.3579073642,
    "researchAndDevelopmentExpenses": 20907000,
    "generalAndAdministrativeExpenses": 0,
    "sellingAndMarketingExpenses": 0,
    "sellingGeneralAndAdministrativeExpenses": 108632000,
    "otherExpenses": 0,
    "operatingExpenses": 129539000,
    "costAndExpenses": 680319000,
    "interestIncome": 0,
    "interestExpense": 16455000,
    "depreciationAndAmortization": 52841000,
    "ebitda": 211222000,
    "ebitdaratio": 0.2462400427,
    "operatingIncome": 177470000,
    "operatingIncomeRatio": 0.206892371,
    "totalOtherIncomeExpensesNet": -35544000,
    "incomeBeforeTax": 141926000,
    "incomeBeforeTaxRatio": 0.1654556074,
    "incomeTaxExpense": 378221000,
    "netIncome": -218366000,
    "netIncomeRatio": -0.2545684312,
    "eps": -1.98,
    "epsdiluted": -1.98,
    "weightedAverageShsOut": 110510000,
    "weightedAverageShsOutDil": 112152000,
    "link": "https://www.sec.gov/Archives/edgar/data/915913/000091591318000005/0000915913-18-000005-index.htm",
    "finalLink": "https://www.sec.gov/Archives/edgar/data/915913/000091591318000005/a1231201710-kdocument.htm"
  },
  {
    "date": "2017-09-30",
    "symbol": "ALB",
    "reportedCurrency": "USD",
    "cik": "0000915913",
    "fillingDate": "2017-11-09",
    "acceptedDate": "2017-11-08 17:45:48",
    "calendarYear": "2017",
    "period": "Q3",
    "revenue": 754866000,
    "costOfRevenue": 479077000,
    "grossProfit": 275789000,
    "grossProfitRatio": 0.365348287,
    "researchAndDevelopmentExpenses": 21763000,
    "generalAndAdministrativeExpenses": 0,
    "sellingAndMarketingExpenses": 0,
    "sellingGeneralAndAdministrativeExpenses": 106471000,
    "otherExpenses": 0,
    "operatingExpenses": 128234000,
    "costAndExpenses": 607444000,
    "interestIncome": 0,
    "interestExpense": 15792000,
    "depreciationAndAmortization": 49895000,
    "ebitda": 195331000,
    "ebitdaratio": 0.2587624823,
    "operatingIncome": 147422000,
    "operatingIncomeRatio": 0.1952955889,
    "totalOtherIncomeExpensesNet": -17778000,
    "incomeBeforeTax": 129644000,
    "incomeBeforeTaxRatio": 0.1717443891,
    "incomeTaxExpense": 18495000,
    "netIncome": 118670000,
    "netIncomeRatio": 0.1572067095,
    "eps": 1.07,
    "epsdiluted": 1.06,
    "weightedAverageShsOut": 110476000,
    "weightedAverageShsOutDil": 111975000,
    "link": "https://www.sec.gov/Archives/edgar/data/915913/000091591317000036/0000915913-17-000036-index.htm",
    "finalLink": "https://www.sec.gov/Archives/edgar/data/915913/000091591317000036/a0930201710q.htm"
  },
  {
    "date": "2017-06-30",
    "symbol": "ALB",
    "reportedCurrency": "USD",
    "cik": "0000915913",
    "fillingDate": "2017-08-08",
    "acceptedDate": "2017-08-07 18:29:33",
    "calendarYear": "2017",
    "period": "Q2",
    "revenue": 737258000,
    "costOfRevenue": 465164000,
    "grossProfit": 272094000,
    "grossProfitRatio": 0.3690621194,
    "researchAndDevelopmentExpenses": 17337000,
    "generalAndAdministrativeExpenses": 0,
    "sellingAndMarketingExpenses": 0,
    "sellingGeneralAndAdministrativeExpenses": 116585000,
    "otherExpenses": 0,
    "operatingExpenses": 133922000,
    "costAndExpenses": 599219000,
    "interestIncome": 0,
    "interestExpense": 14590000,
    "depreciationAndAmortization": 49122000,
    "ebitda": 185483000,
    "ebitdaratio": 0.2515849269,
    "operatingIncome": 138039000,
    "operatingIncomeRatio": 0.1872329632,
    "totalOtherIncomeExpensesNet": -16268000,
    "incomeBeforeTax": 121771000,
    "incomeBeforeTaxRatio": 0.1651674176,
    "incomeTaxExpense": 23130000,
    "netIncome": 103333000,
    "netIncomeRatio": 0.1401585334,
    "eps": 0.93,
    "epsdiluted": 0.92,
    "weightedAverageShsOut": 110686000,
    "weightedAverageShsOutDil": 112105000,
    "link": "https://www.sec.gov/Archives/edgar/data/915913/000091591317000030/0000915913-17-000030-index.htm",
    "finalLink": "https://www.sec.gov/Archives/edgar/data/915913/000091591317000030/a0630201710q.htm"
  },
  {
    "date": "2017-03-31",
    "symbol": "ALB",
    "reportedCurrency": "USD",
    "cik": "0000915913",
    "fillingDate": "2017-05-04",
    "acceptedDate": "2017-05-03 17:43:26",
    "calendarYear": "2017",
    "period": "Q1",
    "revenue": 722063000,
    "costOfRevenue": 466975000,
    "grossProfit": 255088000,
    "grossProfitRatio": 0.3532766531,
    "researchAndDevelopmentExpenses": 24323000,
    "generalAndAdministrativeExpenses": 0,
    "sellingAndMarketingExpenses": 0,
    "sellingGeneralAndAdministrativeExpenses": 108928000,
    "otherExpenses": 0,
    "operatingExpenses": 133251000,
    "costAndExpenses": 600358000,
    "interestIncome": 0,
    "interestExpense": 68513000,
    "depreciationAndAmortization": 45070000,
    "ebitda": 167040000,
    "ebitdaratio": 0.2313371548,
    "operatingIncome": 121705000,
    "operatingIncomeRatio": 0.1685517746,
    "totalOtherIncomeExpensesNet": -68248000,
    "incomeBeforeTax": 53457000,
    "incomeBeforeTaxRatio": 0.0740337062,
    "incomeTaxExpense": 11971000,
    "netIncome": 51213000,
    "netIncomeRatio": 0.0709259441,
    "eps": 0.46,
    "epsdiluted": 0.45,
    "weightedAverageShsOut": 111986000,
    "weightedAverageShsOutDil": 113289000,
    "link": "https://www.sec.gov/Archives/edgar/data/915913/000091591317000021/0000915913-17-000021-index.htm",
    "finalLink": "https://www.sec.gov/Archives/edgar/data/915913/000091591317000021/a0331201710q.htm"
  },
  {
    "date": "2016-12-31",
    "symbol": "ALB",
    "reportedCurrency": "USD",
    "cik": "0000915913",
    "fillingDate": "2017-02-28",
    "acceptedDate": "2017-02-27 17:53:25",
    "calendarYear": "2016",
    "period": "Q4",
    "revenue": 696655000,
    "costOfRevenue": 455689000,
    "grossProfit": 240966000,
    "grossProfitRatio": 0.3458900029,
    "researchAndDevelopmentExpenses": 19091000,
    "generalAndAdministrativeExpenses": 0,
    "sellingAndMarketingExpenses": 0,
    "sellingGeneralAndAdministrativeExpenses": 125476000,
    "otherExpenses": 13047000,
    "operatingExpenses": 157614000,
    "costAndExpenses": 613303000,
    "interestIncome": 0,
    "interestExpense": 18321000,
    "depreciationAndAmortization": 49670000,
    "ebitda": 138176000,
    "ebitdaratio": 0.1983420775,
    "operatingIncome": 83352000,
    "operatingIncomeRatio": 0.1196460228,
    "totalOtherIncomeExpensesNet": -13167000,
    "incomeBeforeTax": 70185000,
    "incomeBeforeTaxRatio": 0.1007457063,
    "incomeTaxExpense": 34728000,
    "netIncome": 602090000,
    "netIncomeRatio": 0.8642584924,
    "eps": 5.35,
    "epsdiluted": 5.3,
    "weightedAverageShsOut": 112487000,
    "weightedAverageShsOutDil": 113563000,
    "link": "https://www.sec.gov/Archives/edgar/data/915913/000091591317000010/0000915913-17-000010-index.htm",
    "finalLink": "https://www.sec.gov/Archives/edgar/data/915913/000091591317000010/a1231201610-kdocument.htm"
  },
  {
    "date": "2016-09-30",
    "symbol": "ALB",
    "reportedCurrency": "USD",
    "cik": "0000915913",
    "fillingDate": "2016-11-08",
    "acceptedDate": "2016-11-07 17:56:47",
    "calendarYear": "2016",
    "period": "Q3",
    "revenue": 654010000,
    "costOfRevenue": 415038000,
    "grossProfit": 238972000,
    "grossProfitRatio": 0.3653950245,
    "researchAndDevelopmentExpenses": 21012000,
    "generalAndAdministrativeExpenses": 0,
    "sellingAndMarketingExpenses": 0,
    "sellingGeneralAndAdministrativeExpenses": 86302000,
    "otherExpenses": 6749000,
    "operatingExpenses": 114063000,
    "costAndExpenses": 529101000,
    "interestIncome": 0,
    "interestExpense": 15946000,
    "depreciationAndAmortization": 47994000,
    "ebitda": 175893000,
    "ebitdaratio": 0.268945429,
    "operatingIncome": 124909000,
    "operatingIncomeRatio": 0.1909894344,
    "totalOtherIncomeExpensesNet": -12956000,
    "incomeBeforeTax": 111953000,
    "incomeBeforeTaxRatio": 0.1711793398,
    "incomeTaxExpense": 12394000,
    "netIncome": 128220000,
    "netIncomeRatio": 0.1960520481,
    "eps": 1.14,
    "epsdiluted": 1.13,
    "weightedAverageShsOut": 112429000,
    "weightedAverageShsOutDil": 113448000,
    "link": "https://www.sec.gov/Archives/edgar/data/915913/000091591316000071/0000915913-16-000071-index.htm",
    "finalLink": "https://www.sec.gov/Archives/edgar/data/915913/000091591316000071/a0930201610q.htm"
  },
  {
    "date": "2016-06-30",
    "symbol": "ALB",
    "reportedCurrency": "USD",
    "cik": "0000915913",
    "fillingDate": "2016-08-05",
    "acceptedDate": "2016-08-05 17:01:53",
    "calendarYear": "2016",
    "period": "Q2",
    "revenue": 669327000,
    "costOfRevenue": 421223000,
    "grossProfit": 248104000,
    "grossProfitRatio": 0.3706768142,
    "researchAndDevelopmentExpenses": 20500000,
    "generalAndAdministrativeExpenses": 0,
    "sellingAndMarketingExpenses": 0,
    "sellingGeneralAndAdministrativeExpenses": 86055000,
    "otherExpenses": 18056000,
    "operatingExpenses": 124611000,
    "costAndExpenses": 545834000,
    "interestIncome": 0,
    "interestExpense": 15800000,
    "depreciationAndAmortization": 67953000,
    "ebitda": 189149000,
    "ebitdaratio": 0.2825958015,
    "operatingIncome": 123493000,
    "operatingIncomeRatio": 0.1845032398,
    "totalOtherIncomeExpensesNet": -18097000,
    "incomeBeforeTax": 105396000,
    "incomeBeforeTaxRatio": 0.1574656334,
    "incomeTaxExpense": 23656000,
    "netIncome": -314821000,
    "netIncomeRatio": -0.4703545502,
    "eps": -2.8,
    "epsdiluted": -2.8,
    "weightedAverageShsOut": 112339000,
    "weightedAverageShsOutDil": 113123000,
    "link": "https://www.sec.gov/Archives/edgar/data/915913/000091591316000065/0000915913-16-000065-index.htm",
    "finalLink": "https://www.sec.gov/Archives/edgar/data/915913/000091591316000065/a0630201610q.htm"
  },
  {
    "date": "2016-03-31",
    "symbol": "ALB",
    "reportedCurrency": "USD",
    "cik": "0000915913",
    "fillingDate": "2016-05-10",
    "acceptedDate": "2016-05-10 17:06:19",
    "calendarYear": "2016",
    "period": "Q1",
    "revenue": 865398000,
    "costOfRevenue": 528000000,
    "grossProfit": 337398000,
    "grossProfitRatio": 0.3898761032,
    "researchAndDevelopmentExpenses": 23401000,
    "generalAndAdministrativeExpenses": 0,
    "sellingAndMarketingExpenses": 0,
    "sellingGeneralAndAdministrativeExpenses": 82631000,
    "otherExpenses": -102766000,
    "operatingExpenses": -263000,
    "costAndExpenses": 414414000,
    "interestIncome": 0,
    "interestExpense": 25251000,
    "depreciationAndAmortization": 60552000,
    "ebitda": 303396000,
    "ebitdaratio": 0.3505855109,
    "operatingIncome": 242797000,
    "operatingIncomeRatio": 0.2805610829,
    "totalOtherIncomeExpensesNet": 924000,
    "incomeBeforeTax": 249967000,
    "incomeBeforeTaxRatio": 0.2888462881,
    "incomeTaxExpense": 25485000,
    "netIncome": 228186000,
    "netIncomeRatio": 0.2636775218,
    "eps": 2.03,
    "epsdiluted": 2.02,
    "weightedAverageShsOut": 112260000,
    "weightedAverageShsOutDil": 112770000,
    "link": "https://www.sec.gov/Archives/edgar/data/915913/000091591316000053/0000915913-16-000053-index.htm",
    "finalLink": "https://www.sec.gov/Archives/edgar/data/915913/000091591316000053/a0331201610q.htm"
  },
  {
    "date": "2015-12-31",
    "symbol": "ALB",
    "reportedCurrency": "USD",
    "cik": "0000915913",
    "fillingDate": "2016-02-29",
    "acceptedDate": "2016-02-29 17:50:14",
    "calendarYear": "2015",
    "period": "Q4",
    "revenue": 930353000,
    "costOfRevenue": 604723000,
    "grossProfit": 325630000,
    "grossProfitRatio": 0.3500069329,
    "researchAndDevelopmentExpenses": 25748000,
    "generalAndAdministrativeExpenses": 0,
    "sellingAndMarketingExpenses": 0,
    "sellingGeneralAndAdministrativeExpenses": 91182000,
    "otherExpenses": 19609000,
    "operatingExpenses": 136539000,
    "costAndExpenses": 741262000,
    "interestIncome": 0,
    "interestExpense": 31736000,
    "depreciationAndAmortization": 59704000,
    "ebitda": 246305000,
    "ebitdaratio": 0.2647435973,
    "operatingIncome": 189091000,
    "operatingIncomeRatio": 0.2032465097,
    "totalOtherIncomeExpensesNet": -34226000,
    "incomeBeforeTax": 154865000,
    "incomeBeforeTaxRatio": 0.1664583228,
    "incomeTaxExpense": -19049000,
    "netIncome": 174252000,
    "netIncomeRatio": 0.1872966498,
    "eps": 1.55,
    "epsdiluted": 1.55,
    "weightedAverageShsOut": 112207000,
    "weightedAverageShsOutDil": 112608000,
    "link": "https://www.sec.gov/Archives/edgar/data/915913/000091591316000041/0000915913-16-000041-index.htm",
    "finalLink": "https://www.sec.gov/Archives/edgar/data/915913/000091591316000041/a1231201510-kdocument.htm"
  },
  {
    "date": "2015-09-30",
    "symbol": "ALB",
    "reportedCurrency": "USD",
    "cik": "0000915913",
    "fillingDate": "2015-11-06",
    "acceptedDate": "2015-11-06 17:19:31",
    "calendarYear": "2015",
    "period": "Q3",
    "revenue": 905093000,
    "costOfRevenue": 592883000,
    "grossProfit": 312210000,
    "grossProfitRatio": 0.3449479777,
    "researchAndDevelopmentExpenses": 25295000,
    "generalAndAdministrativeExpenses": 0,
    "sellingAndMarketingExpenses": 0,
    "sellingGeneralAndAdministrativeExpenses": 81012000,
    "otherExpenses": 29710000,
    "operatingExpenses": 132625000,
    "costAndExpenses": 606796000,
    "interestIncome": 0,
    "interestExpense": 32058000,
    "depreciationAndAmortization": 68903000,
    "ebitda": 155447000,
    "ebitdaratio": 0.1717469917,
    "operatingIncome": 86420000,
    "operatingIncomeRatio": 0.0954819008,
    "totalOtherIncomeExpensesNet": -4706000,
    "incomeBeforeTax": 81714000,
    "incomeBeforeTaxRatio": 0.0902824351,
    "incomeTaxExpense": 13144000,
    "netIncome": 65392000,
    "netIncomeRatio": 0.0722489291,
    "eps": 0.58,
    "epsdiluted": 0.58,
    "weightedAverageShsOut": 112202000,
    "weightedAverageShsOutDil": 112544000,
    "link": "https://www.sec.gov/Archives/edgar/data/915913/000091591315000034/0000915913-15-000034-index.htm",
    "finalLink": "https://www.sec.gov/Archives/edgar/data/915913/000091591315000034/a0930201510q.htm"
  },
  {
    "date": "2015-06-30",
    "symbol": "ALB",
    "reportedCurrency": "USD",
    "cik": "0000915913",
    "fillingDate": "2015-08-07",
    "acceptedDate": "2015-08-06 18:15:22",
    "calendarYear": "2015",
    "period": "Q2",
    "revenue": 931485000,
    "costOfRevenue": 630919000,
    "grossProfit": 300566000,
    "grossProfitRatio": 0.3226740098,
    "researchAndDevelopmentExpenses": 25336000,
    "generalAndAdministrativeExpenses": 0,
    "sellingAndMarketingExpenses": 0,
    "sellingGeneralAndAdministrativeExpenses": 88010000,
    "otherExpenses": 22832000,
    "operatingExpenses": 132767000,
    "costAndExpenses": 639026000,
    "interestIncome": 0,
    "interestExpense": 33182000,
    "depreciationAndAmortization": 67483000,
    "ebitda": 147033000,
    "ebitdaratio": 0.1578479525,
    "operatingIncome": 79264000,
    "operatingIncomeRatio": 0.0850942313,
    "totalOtherIncomeExpensesNet": -8553000,
    "incomeBeforeTax": 70711000,
    "incomeBeforeTaxRatio": 0.0759121188,
    "incomeTaxExpense": 14851000,
    "netIncome": 52147000,
    "netIncomeRatio": 0.0559826514,
    "eps": 0.46,
    "epsdiluted": 0.46,
    "weightedAverageShsOut": 112189000,
    "weightedAverageShsOutDil": 112607000,
    "link": "https://www.sec.gov/Archives/edgar/data/915913/000091591315000027/0000915913-15-000027-index.htm",
    "finalLink": "https://www.sec.gov/Archives/edgar/data/915913/000091591315000027/a0630201510q.htm"
  },
  {
    "date": "2015-03-31",
    "symbol": "ALB",
    "reportedCurrency": "USD",
    "cik": "0000915913",
    "fillingDate": "2015-05-11",
    "acceptedDate": "2015-05-11 17:22:23",
    "calendarYear": "2015",
    "period": "Q1",
    "revenue": 884404000,
    "costOfRevenue": 625938000,
    "grossProfit": 258466000,
    "grossProfitRatio": 0.2922487913,
    "researchAndDevelopmentExpenses": 26492000,
    "generalAndAdministrativeExpenses": 0,
    "sellingAndMarketingExpenses": 0,
    "sellingGeneralAndAdministrativeExpenses": 135765000,
    "otherExpenses": 59523000,
    "operatingExpenses": 221780000,
    "costAndExpenses": 847718000,
    "interestIncome": 0,
    "interestExpense": 35746000,
    "depreciationAndAmortization": 63986000,
    "ebitda": 150629000,
    "ebitdaratio": 0.1703169592,
    "operatingIncome": 36686000,
    "operatingIncomeRatio": 0.0414810426,
    "totalOtherIncomeExpensesNet": 14211000,
    "incomeBeforeTax": 50897000,
    "incomeBeforeTaxRatio": 0.057549491,
    "incomeTaxExpense": 14140000,
    "netIncome": 43115000,
    "netIncomeRatio": 0.0487503449,
    "eps": 0.4,
    "epsdiluted": 0.4,
    "weightedAverageShsOut": 108130000,
    "weightedAverageShsOutDil": 108464000,
    "link": "https://www.sec.gov/Archives/edgar/data/915913/000091591315000018/0000915913-15-000018-index.htm",
    "finalLink": "https://www.sec.gov/Archives/edgar/data/915913/000091591315000018/a0331201510q.htm"
  },
  {
    "date": "2014-12-31",
    "symbol": "ALB",
    "reportedCurrency": "USD",
    "cik": "0000915913",
    "fillingDate": "2015-03-02",
    "acceptedDate": "2015-02-27 18:56:38",
    "calendarYear": "2014",
    "period": "Q4",
    "revenue": 598566000,
    "costOfRevenue": 436126000,
    "grossProfit": 162440000,
    "grossProfitRatio": 0.2713819362,
    "researchAndDevelopmentExpenses": 21394000,
    "generalAndAdministrativeExpenses": 0,
    "sellingAndMarketingExpenses": 0,
    "sellingGeneralAndAdministrativeExpenses": 144008000,
    "otherExpenses": 20376000,
    "operatingExpenses": 185778000,
    "costAndExpenses": 621904000,
    "interestIncome": 0,
    "interestExpense": 15103000,
    "depreciationAndAmortization": 25228000,
    "ebitda": -8417000,
    "ebitdaratio": -0.0140619414,
    "operatingIncome": -23338000,
    "operatingIncomeRatio": -0.0389898524,
    "totalOtherIncomeExpensesNet": -22897000,
    "incomeBeforeTax": -48748000,
    "incomeBeforeTaxRatio": -0.0814413114,
    "incomeTaxExpense": -28216000,
    "netIncome": -18508000,
    "netIncomeRatio": -0.0309205668,
    "eps": -0.24,
    "epsdiluted": -0.24,
    "weightedAverageShsOut": 78144000,
    "weightedAverageShsOutDil": 78545000,
    "link": "https://www.sec.gov/Archives/edgar/data/915913/000091591315000009/0000915913-15-000009-index.htm",
    "finalLink": "https://www.sec.gov/Archives/edgar/data/915913/000091591315000009/a1231201410-kdocument.htm"
  },
  {
    "date": "2014-09-30",
    "symbol": "ALB",
    "reportedCurrency": "USD",
    "cik": "0000915913",
    "fillingDate": "2014-10-29",
    "acceptedDate": "2014-10-29 15:44:39",
    "calendarYear": "2014",
    "period": "Q3",
    "revenue": 642418000,
    "costOfRevenue": 436972000,
    "grossProfit": 205446000,
    "grossProfitRatio": 0.3198011264,
    "researchAndDevelopmentExpenses": 22407000,
    "generalAndAdministrativeExpenses": 0,
    "sellingAndMarketingExpenses": 0,
    "sellingGeneralAndAdministrativeExpenses": 66012000,
    "otherExpenses": 10554000,
    "operatingExpenses": 98973000,
    "costAndExpenses": 535945000,
    "interestIncome": 0,
    "interestExpense": 8749000,
    "depreciationAndAmortization": 25630000,
    "ebitda": 125485000,
    "ebitdaratio": 0.1953323226,
    "operatingIncome": 106473000,
    "operatingIncomeRatio": 0.1657378841,
    "totalOtherIncomeExpensesNet": -15367000,
    "incomeBeforeTax": 91106000,
    "incomeBeforeTaxRatio": 0.1418173214,
    "incomeTaxExpense": 11737000,
    "netIncome": 72794000,
    "netIncomeRatio": 0.1133125161,
    "eps": 0.93,
    "epsdiluted": 0.93,
    "weightedAverageShsOut": 78244000,
    "weightedAverageShsOutDil": 78659000,
    "link": "https://www.sec.gov/Archives/edgar/data/915913/000091591314000053/0000915913-14-000053-index.htm",
    "finalLink": "https://www.sec.gov/Archives/edgar/data/915913/000091591314000053/a0930201410q.htm"
  },
  {
    "date": "2014-06-30",
    "symbol": "ALB",
    "reportedCurrency": "USD",
    "cik": "0000915913",
    "fillingDate": "2014-07-31",
    "acceptedDate": "2014-07-31 15:58:00",
    "calendarYear": "2014",
    "period": "Q2",
    "revenue": 604721000,
    "costOfRevenue": 397358000,
    "grossProfit": 207363000,
    "grossProfitRatio": 0.3429068943,
    "researchAndDevelopmentExpenses": 21937000,
    "generalAndAdministrativeExpenses": 0,
    "sellingAndMarketingExpenses": 0,
    "sellingGeneralAndAdministrativeExpenses": 67011000,
    "otherExpenses": 8175000,
    "operatingExpenses": 97123000,
    "costAndExpenses": 494481000,
    "interestIncome": 0,
    "interestExpense": 8733000,
    "depreciationAndAmortization": 24905000,
    "ebitda": 134166000,
    "ebitdaratio": 0.2218642978,
    "operatingIncome": 110240000,
    "operatingIncomeRatio": 0.1822989445,
    "totalOtherIncomeExpensesNet": -9712000,
    "incomeBeforeTax": 100528000,
    "incomeBeforeTaxRatio": 0.1662386456,
    "incomeTaxExpense": 21773000,
    "netIncome": 22447000,
    "netIncomeRatio": 0.0371195973,
    "eps": 0.29,
    "epsdiluted": 0.28,
    "weightedAverageShsOut": 78662000,
    "weightedAverageShsOutDil": 79091000,
    "link": "https://www.sec.gov/Archives/edgar/data/915913/000091591314000035/0000915913-14-000035-index.htm",
    "finalLink": "https://www.sec.gov/Archives/edgar/data/915913/000091591314000035/a0630201410q.htm"
  },
  {
    "date": "2014-03-31",
    "symbol": "ALB",
    "reportedCurrency": "USD",
    "cik": "0000915913",
    "fillingDate": "2014-04-24",
    "acceptedDate": "2014-04-24 17:21:41",
    "calendarYear": "2014",
    "period": "Q1",
    "revenue": 656679000,
    "costOfRevenue": 462393000,
    "grossProfit": 194286000,
    "grossProfitRatio": 0.2958614483,
    "researchAndDevelopmentExpenses": 22572000,
    "generalAndAdministrativeExpenses": 0,
    "sellingAndMarketingExpenses": 0,
    "sellingGeneralAndAdministrativeExpenses": 78104000,
    "otherExpenses": 17000000,
    "operatingExpenses": 117676000,
    "costAndExpenses": 521920000,
    "interestIncome": 0,
    "interestExpense": 8773000,
    "depreciationAndAmortization": 27809000,
    "ebitda": 106875000,
    "ebitdaratio": 0.1627507504,
    "operatingIncome": 77923000,
    "operatingIncomeRatio": 0.1186622383,
    "totalOtherIncomeExpensesNet": -10143000,
    "incomeBeforeTax": 67780000,
    "incomeBeforeTaxRatio": 0.1032163355,
    "incomeTaxExpense": 13190000,
    "netIncome": 56583000,
    "netIncomeRatio": 0.0861653867,
    "eps": 0.71,
    "epsdiluted": 0.71,
    "weightedAverageShsOut": 79735000,
    "weightedAverageShsOutDil": 80112000,
    "link": "https://www.sec.gov/Archives/edgar/data/915913/000091591314000021/0000915913-14-000021-index.htm",
    "finalLink": "https://www.sec.gov/Archives/edgar/data/915913/000091591314000021/a0331201410q.htm"
  },
  {
    "date": "2013-12-31",
    "symbol": "ALB",
    "reportedCurrency": "USD",
    "cik": "0000915913",
    "fillingDate": "2014-02-25",
    "acceptedDate": "2014-02-25 17:24:49",
    "calendarYear": "2013",
    "period": "Q4",
    "revenue": 691956000,
    "costOfRevenue": 438429000,
    "grossProfit": 253527000,
    "grossProfitRatio": 0.3663917937,
    "researchAndDevelopmentExpenses": 21287000,
    "generalAndAdministrativeExpenses": 0,
    "sellingAndMarketingExpenses": 0,
    "sellingGeneralAndAdministrativeExpenses": -27304000,
    "otherExpenses": 33361000,
    "operatingExpenses": 27344000,
    "costAndExpenses": 465773000,
    "interestIncome": 0,
    "interestExpense": 9224000,
    "depreciationAndAmortization": 27893000,
    "ebitda": 253448000,
    "ebitdaratio": 0.3662776246,
    "operatingIncome": 226183000,
    "operatingIncomeRatio": 0.3268748302,
    "totalOtherIncomeExpensesNet": -9852000,
    "incomeBeforeTax": 216331000,
    "incomeBeforeTaxRatio": 0.3126369307,
    "incomeTaxExpense": 61406000,
    "netIncome": 155933000,
    "netIncomeRatio": 0.2253510339,
    "eps": 1.92,
    "epsdiluted": 1.91,
    "weightedAverageShsOut": 81226000,
    "weightedAverageShsOutDil": 81713000,
    "link": "https://www.sec.gov/Archives/edgar/data/915913/000091591314000008/0000915913-14-000008-index.htm",
    "finalLink": "https://www.sec.gov/Archives/edgar/data/915913/000091591314000008/a1231201310k.htm"
  },
  {
    "date": "2013-09-30",
    "symbol": "ALB",
    "reportedCurrency": "USD",
    "cik": "0000915913",
    "fillingDate": "2013-10-18",
    "acceptedDate": "2013-10-18 16:38:52",
    "calendarYear": "2013",
    "period": "Q3",
    "revenue": 648638000,
    "costOfRevenue": 436989000,
    "grossProfit": 211649000,
    "grossProfitRatio": 0.3262975651,
    "researchAndDevelopmentExpenses": 19441000,
    "generalAndAdministrativeExpenses": 0,
    "sellingAndMarketingExpenses": 0,
    "sellingGeneralAndAdministrativeExpenses": 61368000,
    "otherExpenses": 0,
    "operatingExpenses": 80809000,
    "costAndExpenses": 462394000,
    "interestIncome": 0,
    "interestExpense": 9496000,
    "depreciationAndAmortization": 27660000,
    "ebitda": 156094000,
    "ebitdaratio": 0.2406488673,
    "operatingIncome": 128802000,
    "operatingIncomeRatio": 0.1985730099,
    "totalOtherIncomeExpensesNet": -4526000,
    "incomeBeforeTax": 119780000,
    "incomeBeforeTaxRatio": 0.1846638649,
    "incomeTaxExpense": 26963000,
    "netIncome": 90512000,
    "netIncomeRatio": 0.1395416241,
    "eps": 1.11,
    "epsdiluted": 1.11,
    "weightedAverageShsOut": 81385000,
    "weightedAverageShsOutDil": 81852000,
    "link": "https://www.sec.gov/Archives/edgar/data/915913/000091591313000007/0000915913-13-000007-index.htm",
    "finalLink": "https://www.sec.gov/Archives/edgar/data/915913/000091591313000007/a930201310q.htm"
  },
  {
    "date": "2013-06-30",
    "symbol": "ALB",
    "reportedCurrency": "USD",
    "cik": "0000915913",
    "fillingDate": "2013-07-19",
    "acceptedDate": "2013-07-19 15:24:25",
    "calendarYear": "2013",
    "period": "Q2",
    "revenue": 634197000,
    "costOfRevenue": 437558000,
    "grossProfit": 196639000,
    "grossProfitRatio": 0.3100598079,
    "researchAndDevelopmentExpenses": 21565000,
    "generalAndAdministrativeExpenses": 0,
    "sellingAndMarketingExpenses": 0,
    "sellingGeneralAndAdministrativeExpenses": 61725000,
    "otherExpenses": 0,
    "operatingExpenses": 83290000,
    "costAndExpenses": 468462000,
    "interestIncome": 0,
    "interestExpense": 7608000,
    "depreciationAndAmortization": 26573000,
    "ebitda": 133368000,
    "ebitdaratio": 0.2102942776,
    "operatingIncome": 108380000,
    "operatingIncomeRatio": 0.1708932713,
    "totalOtherIncomeExpensesNet": -5511000,
    "incomeBeforeTax": 102869000,
    "incomeBeforeTaxRatio": 0.1622035424,
    "incomeTaxExpense": 20396000,
    "netIncome": 82739000,
    "netIncomeRatio": 0.1304626165,
    "eps": 0.98,
    "epsdiluted": 0.98,
    "weightedAverageShsOut": 84028000,
    "weightedAverageShsOutDil": 84489000,
    "link": "https://www.sec.gov/Archives/edgar/data/915913/000119312513295546/0001193125-13-295546-index.htm",
    "finalLink": "https://www.sec.gov/Archives/edgar/data/915913/000119312513295546/d547207d10q.htm"
  },
  {
    "date": "2013-03-31",
    "symbol": "ALB",
    "reportedCurrency": "USD",
    "cik": "0000915913",
    "fillingDate": "2013-04-19",
    "acceptedDate": "2013-04-19 14:03:07",
    "calendarYear": "2013",
    "period": "Q1",
    "revenue": 641625000,
    "costOfRevenue": 442035000,
    "grossProfit": 199590000,
    "grossProfitRatio": 0.31106955,
    "researchAndDevelopmentExpenses": 19953000,
    "generalAndAdministrativeExpenses": 0,
    "sellingAndMarketingExpenses": 0,
    "sellingGeneralAndAdministrativeExpenses": 64750000,
    "otherExpenses": 0,
    "operatingExpenses": 84703000,
    "costAndExpenses": 526738000,
    "interestIncome": 0,
    "interestExpense": 5231000,
    "depreciationAndAmortization": 25244000,
    "ebitda": 135922000,
    "ebitdaratio": 0.2118402494,
    "operatingIncome": 114887000,
    "operatingIncomeRatio": 0.1790563024,
    "totalOtherIncomeExpensesNet": -9440000,
    "incomeBeforeTax": 105447000,
    "incomeBeforeTaxRatio": 0.1643436587,
    "incomeTaxExpense": 26192000,
    "netIncome": 83987000,
    "netIncomeRatio": 0.130897331,
    "eps": 0.95,
    "epsdiluted": 0.94,
    "weightedAverageShsOut": 88719000,
    "weightedAverageShsOutDil": 89236000,
    "link": "https://www.sec.gov/Archives/edgar/data/915913/000119312513162568/0001193125-13-162568-index.htm",
    "finalLink": "https://www.sec.gov/Archives/edgar/data/915913/000119312513162568/d501631d10q.htm"
  },
  {
    "date": "2012-12-31",
    "symbol": "ALB",
    "reportedCurrency": "USD",
    "cik": "0000915913",
    "fillingDate": "2013-02-15",
    "acceptedDate": "2013-02-15 16:16:57",
    "calendarYear": "2012",
    "period": "Q4",
    "revenue": 687596000,
    "costOfRevenue": 495619000,
    "grossProfit": 191977000,
    "grossProfitRatio": 0.2792002862,
    "researchAndDevelopmentExpenses": 19128000,
    "generalAndAdministrativeExpenses": 0,
    "sellingAndMarketingExpenses": 0,
    "sellingGeneralAndAdministrativeExpenses": 97929000,
    "otherExpenses": 0,
    "operatingExpenses": 117057000,
    "costAndExpenses": 599987000,
    "interestIncome": 0,
    "interestExpense": 7666000,
    "depreciationAndAmortization": 24592000,
    "ebitda": 101392000,
    "ebitdaratio": 0.1474586821,
    "operatingIncome": 87609000,
    "operatingIncomeRatio": 0.1274134812,
    "totalOtherIncomeExpensesNet": -18475000,
    "incomeBeforeTax": 23782000,
    "incomeBeforeTaxRatio": 0.0345871704,
    "incomeTaxExpense": 159337000,
    "netIncome": 66500000,
    "netIncomeRatio": 0.096713768,
    "eps": 0.42,
    "epsdiluted": 0.42,
    "weightedAverageShsOut": 89018000,
    "weightedAverageShsOutDil": 89660000,
    "link": "https://www.sec.gov/Archives/edgar/data/915913/000119312513062728/0001193125-13-062728-index.htm",
    "finalLink": "https://www.sec.gov/Archives/edgar/data/915913/000119312513062728/d437520d10k.htm"
  },
  {
    "date": "2012-09-30",
    "symbol": "ALB",
    "reportedCurrency": "USD",
    "cik": "0000915913",
    "fillingDate": "2012-10-19",
    "acceptedDate": "2012-10-19 11:48:59",
    "calendarYear": "2012",
    "period": "Q3",
    "revenue": 661226000,
    "costOfRevenue": 446469000,
    "grossProfit": 214757000,
    "grossProfitRatio": 0.3247860792,
    "researchAndDevelopmentExpenses": 19831000,
    "generalAndAdministrativeExpenses": 0,
    "sellingAndMarketingExpenses": 0,
    "sellingGeneralAndAdministrativeExpenses": 53404000,
    "otherExpenses": 0,
    "operatingExpenses": 73235000,
    "costAndExpenses": 516711000,
    "interestIncome": 0,
    "interestExpense": 7914000,
    "depreciationAndAmortization": 24979000,
    "ebitda": 171864000,
    "ebitdaratio": 0.2599171841,
    "operatingIncome": 144515000,
    "operatingIncomeRatio": 0.2185561366,
    "totalOtherIncomeExpensesNet": -21623000,
    "incomeBeforeTax": 122892000,
    "incomeBeforeTaxRatio": 0.1858547607,
    "incomeTaxExpense": 32472000,
    "netIncome": 109459000,
    "netIncomeRatio": 0.1655394676,
    "eps": 1.11,
    "epsdiluted": 1.1,
    "weightedAverageShsOut": 89327000,
    "weightedAverageShsOutDil": 89879000,
    "link": "https://www.sec.gov/Archives/edgar/data/915913/000119312512428238/0001193125-12-428238-index.htm",
    "finalLink": "https://www.sec.gov/Archives/edgar/data/915913/000119312512428238/d411901d10q.htm"
  },
  {
    "date": "2012-06-30",
    "symbol": "ALB",
    "reportedCurrency": "USD",
    "cik": "0000915913",
    "fillingDate": "2012-07-19",
    "acceptedDate": "2012-07-19 14:44:54",
    "calendarYear": "2012",
    "period": "Q2",
    "revenue": 684894000,
    "costOfRevenue": 442209000,
    "grossProfit": 242685000,
    "grossProfitRatio": 0.3543395036,
    "researchAndDevelopmentExpenses": 20911000,
    "generalAndAdministrativeExpenses": 0,
    "sellingAndMarketingExpenses": 0,
    "sellingGeneralAndAdministrativeExpenses": 61735000,
    "otherExpenses": 94703000,
    "operatingExpenses": 177349000,
    "costAndExpenses": 612955000,
    "interestIncome": 0,
    "interestExpense": 8486000,
    "depreciationAndAmortization": 25214000,
    "ebitda": 96465000,
    "ebitdaratio": 0.1408466128,
    "operatingIncome": 71939000,
    "operatingIncomeRatio": 0.1050366918,
    "totalOtherIncomeExpensesNet": 10318000,
    "incomeBeforeTax": 43273000,
    "incomeBeforeTaxRatio": 0.0631820398,
    "incomeTaxExpense": 21882000,
    "netIncome": 50089000,
    "netIncomeRatio": 0.0731339448,
    "eps": 0.42,
    "epsdiluted": 0.42,
    "weightedAverageShsOut": 89414000,
    "weightedAverageShsOutDil": 90051000,
    "link": "https://www.sec.gov/Archives/edgar/data/915913/000119312512307324/0001193125-12-307324-index.htm",
    "finalLink": "https://www.sec.gov/Archives/edgar/data/915913/000119312512307324/d368174d10q.htm"
  },
  {
    "date": "2012-03-31",
    "symbol": "ALB",
    "reportedCurrency": "USD",
    "cik": "0000915913",
    "fillingDate": "2012-04-19",
    "acceptedDate": "2012-04-19 12:06:40",
    "calendarYear": "2012",
    "period": "Q1",
    "revenue": 711704000,
    "costOfRevenue": 463817000,
    "grossProfit": 247887000,
    "grossProfitRatio": 0.348300698,
    "researchAndDevelopmentExpenses": 19049000,
    "generalAndAdministrativeExpenses": 0,
    "sellingAndMarketingExpenses": 0,
    "sellingGeneralAndAdministrativeExpenses": 74004000,
    "otherExpenses": 0,
    "operatingExpenses": 93053000,
    "costAndExpenses": 553777000,
    "interestIncome": 0,
    "interestExpense": 8734000,
    "depreciationAndAmortization": 24235000,
    "ebitda": 182044000,
    "ebitdaratio": 0.2557861133,
    "operatingIncome": 157927000,
    "operatingIncomeRatio": 0.2218998348,
    "totalOtherIncomeExpensesNet": -8852000,
    "incomeBeforeTax": 139294000,
    "incomeBeforeTaxRatio": 0.1957190068,
    "incomeTaxExpense": 39028000,
    "netIncome": 114262000,
    "netIncomeRatio": 0.1605470814,
    "eps": 1.21,
    "epsdiluted": 1.2,
    "weightedAverageShsOut": 88997000,
    "weightedAverageShsOutDil": 89947000,
    "link": "https://www.sec.gov/Archives/edgar/data/915913/000119312512170115/0001193125-12-170115-index.htm",
    "finalLink": "https://www.sec.gov/Archives/edgar/data/915913/000119312512170115/d318688d10q.htm"
  },
  {
    "date": "2011-12-31",
    "symbol": "ALB",
    "reportedCurrency": "USD",
    "cik": "0000915913",
    "fillingDate": "2012-02-22",
    "acceptedDate": "2012-02-22 11:36:14",
    "calendarYear": "2011",
    "period": "Q4",
    "revenue": 707390000,
    "costOfRevenue": 473308000,
    "grossProfit": 234082000,
    "grossProfitRatio": 0.3309093993,
    "researchAndDevelopmentExpenses": 18987000,
    "generalAndAdministrativeExpenses": 0,
    "sellingAndMarketingExpenses": 0,
    "sellingGeneralAndAdministrativeExpenses": 79021000,
    "otherExpenses": 0,
    "operatingExpenses": 98008000,
    "costAndExpenses": 571316000,
    "interestIncome": 0,
    "interestExpense": 8998000,
    "depreciationAndAmortization": 24827000,
    "ebitda": 160724000,
    "ebitdaratio": 0.2272070569,
    "operatingIncome": 136074000,
    "operatingIncomeRatio": 0.1923606497,
    "totalOtherIncomeExpensesNet": -9175000,
    "incomeBeforeTax": 126899000,
    "incomeBeforeTaxRatio": 0.1793904353,
    "incomeTaxExpense": -230437000,
    "netIncome": 99443000,
    "netIncomeRatio": 0.1405773336,
    "eps": 0,
    "epsdiluted": 0,
    "weightedAverageShsOut": 88997000,
    "weightedAverageShsOutDil": 89947000,
    "link": "https://www.sec.gov/Archives/edgar/data/915913/000119312512071957/0001193125-12-071957-index.htm",
    "finalLink": "https://www.sec.gov/Archives/edgar/data/915913/000119312512071957/d260152d10k.htm"
  },
  {
    "date": "2011-09-30",
    "symbol": "ALB",
    "reportedCurrency": "USD",
    "cik": "0000915913",
    "fillingDate": "2011-10-25",
    "acceptedDate": "2011-10-25 12:05:50",
    "calendarYear": "2011",
    "period": "Q3",
    "revenue": 722977000,
    "costOfRevenue": 464965000,
    "grossProfit": 258012000,
    "grossProfitRatio": 0.3568744234,
    "researchAndDevelopmentExpenses": 20534000,
    "generalAndAdministrativeExpenses": 0,
    "sellingAndMarketingExpenses": 0,
    "sellingGeneralAndAdministrativeExpenses": 77169000,
    "otherExpenses": 0,
    "operatingExpenses": 97703000,
    "costAndExpenses": 562668000,
    "interestIncome": 0,
    "interestExpense": 9710000,
    "depreciationAndAmortization": 24616000,
    "ebitda": 185881000,
    "ebitdaratio": 0.2571049978,
    "operatingIncome": 160309000,
    "operatingIncomeRatio": 0.221734578,
    "totalOtherIncomeExpensesNet": -8754000,
    "incomeBeforeTax": 151555000,
    "incomeBeforeTaxRatio": 0.209626309,
    "incomeTaxExpense": -38097000,
    "netIncome": 116098000,
    "netIncomeRatio": 0.1605832551,
    "eps": 1.29,
    "epsdiluted": 1.28,
    "weightedAverageShsOut": 89935000,
    "weightedAverageShsOutDil": 90958000,
    "link": "https://www.sec.gov/Archives/edgar/data/915913/000119312511279855/0001193125-11-279855-index.htm",
    "finalLink": "https://www.sec.gov/Archives/edgar/data/915913/000119312511279855/d230828d10q.htm"
  },
  {
    "date": "2011-06-30",
    "symbol": "ALB",
    "reportedCurrency": "USD",
    "cik": "0000915913",
    "fillingDate": "2011-07-26",
    "acceptedDate": "2011-07-26 12:33:08",
    "calendarYear": "2011",
    "period": "Q2",
    "revenue": 742108000,
    "costOfRevenue": 490159000,
    "grossProfit": 251949000,
    "grossProfitRatio": 0.3395044926,
    "researchAndDevelopmentExpenses": 19947000,
    "generalAndAdministrativeExpenses": 0,
    "sellingAndMarketingExpenses": 0,
    "sellingGeneralAndAdministrativeExpenses": 82907000,
    "otherExpenses": 0,
    "operatingExpenses": 102854000,
    "costAndExpenses": 593013000,
    "interestIncome": 0,
    "interestExpense": 9274000,
    "depreciationAndAmortization": 24306000,
    "ebitda": 172641000,
    "ebitdaratio": 0.2326359506,
    "operatingIncome": 149095000,
    "operatingIncomeRatio": 0.2009074151,
    "totalOtherIncomeExpensesNet": -10034000,
    "incomeBeforeTax": 139061000,
    "incomeBeforeTaxRatio": 0.187386472,
    "incomeTaxExpense": 30154000,
    "netIncome": 114159000,
    "netIncomeRatio": 0.1538307093,
    "eps": 1.24,
    "epsdiluted": 1.23,
    "weightedAverageShsOut": 91713000,
    "weightedAverageShsOutDil": 92795000,
    "link": "https://www.sec.gov/Archives/edgar/data/915913/000119312511197105/0001193125-11-197105-index.htm",
    "finalLink": "https://www.sec.gov/Archives/edgar/data/915913/000119312511197105/d10q.htm"
  },
  {
    "date": "2011-03-31",
    "symbol": "ALB",
    "reportedCurrency": "USD",
    "cik": "0000915913",
    "fillingDate": "2011-04-28",
    "acceptedDate": "2011-04-28 15:13:01",
    "calendarYear": "2011",
    "period": "Q1",
    "revenue": 696530000,
    "costOfRevenue": 463514000,
    "grossProfit": 233016000,
    "grossProfitRatio": 0.3345383544,
    "researchAndDevelopmentExpenses": 17615000,
    "generalAndAdministrativeExpenses": 0,
    "sellingAndMarketingExpenses": 0,
    "sellingGeneralAndAdministrativeExpenses": 73039000,
    "otherExpenses": 0,
    "operatingExpenses": 90654000,
    "costAndExpenses": 554168000,
    "interestIncome": 0,
    "interestExpense": 9592000,
    "depreciationAndAmortization": 23004000,
    "ebitda": 165704000,
    "ebitdaratio": 0.2378993008,
    "operatingIncome": 142362000,
    "operatingIncomeRatio": 0.2043874636,
    "totalOtherIncomeExpensesNet": -9254000,
    "incomeBeforeTax": 133108000,
    "incomeBeforeTaxRatio": 0.1911016037,
    "incomeTaxExpense": 32172000,
    "netIncome": 106580000,
    "netIncomeRatio": 0.1530156634,
    "eps": 1.16,
    "epsdiluted": 1.15,
    "weightedAverageShsOut": 91633000,
    "weightedAverageShsOutDil": 92517000,
    "link": "https://www.sec.gov/Archives/edgar/data/915913/000119312511114734/0001193125-11-114734-index.htm",
    "finalLink": "https://www.sec.gov/Archives/edgar/data/915913/000119312511114734/d10q.htm"
  },
  {
    "date": "2010-12-31",
    "symbol": "ALB",
    "reportedCurrency": "USD",
    "cik": "0000915913",
    "fillingDate": "2011-02-25",
    "acceptedDate": "2011-02-25 16:10:25",
    "calendarYear": "2010",
    "period": "Q4",
    "revenue": 604975000,
    "costOfRevenue": 408514000,
    "grossProfit": 196461000,
    "grossProfitRatio": 0.3247423447,
    "researchAndDevelopmentExpenses": 14672000,
    "generalAndAdministrativeExpenses": 0,
    "sellingAndMarketingExpenses": 0,
    "sellingGeneralAndAdministrativeExpenses": 70403000,
    "otherExpenses": 0,
    "operatingExpenses": 85075000,
    "costAndExpenses": 493589000,
    "interestIncome": 0,
    "interestExpense": 7474000,
    "depreciationAndAmortization": 24092000,
    "ebitda": 136682000,
    "ebitdaratio": 0.2259299971,
    "operatingIncome": 111386000,
    "operatingIncomeRatio": 0.184116699,
    "totalOtherIncomeExpensesNet": -6270000,
    "incomeBeforeTax": 105116000,
    "incomeBeforeTaxRatio": 0.1737526344,
    "incomeTaxExpense": 23802000,
    "netIncome": 84972000,
    "netIncomeRatio": 0.1404553907,
    "eps": 0,
    "epsdiluted": 0,
    "weightedAverageShsOut": 91633000,
    "weightedAverageShsOutDil": 92517000,
    "link": "https://www.sec.gov/Archives/edgar/data/915913/000119312511047404/0001193125-11-047404-index.htm",
    "finalLink": "https://www.sec.gov/Archives/edgar/data/915913/000119312511047404/d10k.htm"
  },
  {
    "date": "2010-09-30",
    "symbol": "ALB",
    "reportedCurrency": "USD",
    "cik": "0000915913",
    "fillingDate": "2010-10-29",
    "acceptedDate": "2010-10-29 10:32:19",
    "calendarYear": "2010",
    "period": "Q3",
    "revenue": 585036000,
    "costOfRevenue": 388213000,
    "grossProfit": 196823000,
    "grossProfitRatio": 0.3364288693,
    "researchAndDevelopmentExpenses": 14336000,
    "generalAndAdministrativeExpenses": 0,
    "sellingAndMarketingExpenses": 0,
    "sellingGeneralAndAdministrativeExpenses": 61924000,
    "otherExpenses": 0,
    "operatingExpenses": 76260000,
    "costAndExpenses": 464473000,
    "interestIncome": 0,
    "interestExpense": 6139000,
    "depreciationAndAmortization": 23075000,
    "ebitda": 144941000,
    "ebitdaratio": 0.2477471472,
    "operatingIncome": 120563000,
    "operatingIncomeRatio": 0.2060779166,
    "totalOtherIncomeExpensesNet": -4836000,
    "incomeBeforeTax": 115727000,
    "incomeBeforeTaxRatio": 0.1978117586,
    "incomeTaxExpense": 27886000,
    "netIncome": 93689000,
    "netIncomeRatio": 0.1601422818,
    "eps": 1.03,
    "epsdiluted": 1.02,
    "weightedAverageShsOut": 91312000,
    "weightedAverageShsOutDil": 92082000,
    "link": "https://www.sec.gov/Archives/edgar/data/915913/000119312510240748/0001193125-10-240748-index.htm",
    "finalLink": "https://www.sec.gov/Archives/edgar/data/915913/000119312510240748/d10q.htm"
  },
  {
    "date": "2010-06-30",
    "symbol": "ALB",
    "reportedCurrency": "USD",
    "cik": "0000915913",
    "fillingDate": "2010-08-06",
    "acceptedDate": "2010-08-06 09:11:13",
    "calendarYear": "2010",
    "period": "Q2",
    "revenue": 592483000,
    "costOfRevenue": 404316000,
    "grossProfit": 188167000,
    "grossProfitRatio": 0.3175905469,
    "researchAndDevelopmentExpenses": 14667000,
    "generalAndAdministrativeExpenses": 0,
    "sellingAndMarketingExpenses": 0,
    "sellingGeneralAndAdministrativeExpenses": 66865000,
    "otherExpenses": 0,
    "operatingExpenses": 81532000,
    "costAndExpenses": 485848000,
    "interestIncome": 0,
    "interestExpense": 5984000,
    "depreciationAndAmortization": 23710000,
    "ebitda": 129616000,
    "ebitdaratio": 0.2187674583,
    "operatingIncome": 106635000,
    "operatingIncomeRatio": 0.1799798475,
    "totalOtherIncomeExpensesNet": -6713000,
    "incomeBeforeTax": 99922000,
    "incomeBeforeTaxRatio": 0.1686495646,
    "incomeTaxExpense": 24331000,
    "netIncome": 81751000,
    "netIncomeRatio": 0.1379803302,
    "eps": 0.9,
    "epsdiluted": 0.89,
    "weightedAverageShsOut": 91308000,
    "weightedAverageShsOutDil": 92111000,
    "link": "https://www.sec.gov/Archives/edgar/data/915913/000119312510180498/0001193125-10-180498-index.htm",
    "finalLink": "https://www.sec.gov/Archives/edgar/data/915913/000119312510180498/d10q.htm"
  },
  {
    "date": "2010-03-31",
    "symbol": "ALB",
    "reportedCurrency": "USD",
    "cik": "0000915913",
    "fillingDate": "2010-05-07",
    "acceptedDate": "2010-05-07 10:18:07",
    "calendarYear": "2010",
    "period": "Q1",
    "revenue": 580270000,
    "costOfRevenue": 415799000,
    "grossProfit": 164471000,
    "grossProfitRatio": 0.283438744,
    "researchAndDevelopmentExpenses": 14719000,
    "generalAndAdministrativeExpenses": 0,
    "sellingAndMarketingExpenses": 0,
    "sellingGeneralAndAdministrativeExpenses": 66530000,
    "otherExpenses": 0,
    "operatingExpenses": 81249000,
    "costAndExpenses": 497048000,
    "interestIncome": 0,
    "interestExpense": 5936000,
    "depreciationAndAmortization": 24701000,
    "ebitda": 101975000,
    "ebitdaratio": 0.1757371568,
    "operatingIncome": 83222000,
    "operatingIncomeRatio": 0.1434194427,
    "totalOtherIncomeExpensesNet": -11884000,
    "incomeBeforeTax": 71338000,
    "incomeBeforeTaxRatio": 0.1229393214,
    "incomeTaxExpense": -16700000,
    "netIncome": 63308000,
    "netIncomeRatio": 0.1091009358,
    "eps": 0.69,
    "epsdiluted": 0.69,
    "weightedAverageShsOut": 91386000,
    "weightedAverageShsOutDil": 92193000,
    "link": "https://www.sec.gov/Archives/edgar/data/915913/000119312510112127/0001193125-10-112127-index.htm",
    "finalLink": "https://www.sec.gov/Archives/edgar/data/915913/000119312510112127/d10q.htm"
  },
  {
    "date": "2009-12-31",
    "symbol": "ALB",
    "reportedCurrency": "USD",
    "cik": "0000915913",
    "fillingDate": "2010-02-26",
    "acceptedDate": "2010-02-26 15:24:41",
    "calendarYear": "2009",
    "period": "Q4",
    "revenue": 558228000,
    "costOfRevenue": 408769000,
    "grossProfit": 149459000,
    "grossProfitRatio": 0.2677382718,
    "researchAndDevelopmentExpenses": 14837000,
    "generalAndAdministrativeExpenses": 0,
    "sellingAndMarketingExpenses": 0,
    "sellingGeneralAndAdministrativeExpenses": 59542000,
    "otherExpenses": 0,
    "operatingExpenses": 74379000,
    "costAndExpenses": 483148000,
    "interestIncome": 0,
    "interestExpense": 6023000,
    "depreciationAndAmortization": 25974000,
    "ebitda": 87500000,
    "ebitdaratio": 0.1567459891,
    "operatingIncome": 75080000,
    "operatingIncomeRatio": 0.1344970156,
    "totalOtherIncomeExpensesNet": -19577000,
    "incomeBeforeTax": 55503000,
    "incomeBeforeTaxRatio": 0.0994271158,
    "incomeTaxExpense": -5353000,
    "netIncome": 62345000,
    "netIncomeRatio": 0.1116837565,
    "eps": 0,
    "epsdiluted": 0,
    "weightedAverageShsOut": 91386000,
    "weightedAverageShsOutDil": 92193000,
    "link": "https://www.sec.gov/Archives/edgar/data/915913/000119312510042722/0001193125-10-042722-index.htm",
    "finalLink": "https://www.sec.gov/Archives/edgar/data/915913/000119312510042722/d10k.htm"
  },
  {
    "date": "2009-09-30",
    "symbol": "ALB",
    "reportedCurrency": "USD",
    "cik": "0000915913",
    "fillingDate": "2009-11-06",
    "acceptedDate": "2009-11-06 13:49:10",
    "calendarYear": "2009",
    "period": "Q3",
    "revenue": 515276000,
    "costOfRevenue": 381197000,
    "grossProfit": 134079000,
    "grossProfitRatio": 0.2602081215,
    "researchAndDevelopmentExpenses": 14983000,
    "generalAndAdministrativeExpenses": 0,
    "sellingAndMarketingExpenses": 0,
    "sellingGeneralAndAdministrativeExpenses": 56171000,
    "otherExpenses": 0,
    "operatingExpenses": 71154000,
    "costAndExpenses": 452351000,
    "interestIncome": 0,
    "interestExpense": 6199000,
    "depreciationAndAmortization": 24135000,
    "ebitda": 87403000,
    "ebitdaratio": 0.169623658,
    "operatingIncome": 62925000,
    "operatingIncomeRatio": 0.1221190197,
    "totalOtherIncomeExpensesNet": -5856000,
    "incomeBeforeTax": 57069000,
    "incomeBeforeTaxRatio": 0.1107542366,
    "incomeTaxExpense": 5549000,
    "netIncome": 52131000,
    "netIncomeRatio": 0.1011710229,
    "eps": 0.57,
    "epsdiluted": 0.57,
    "weightedAverageShsOut": 91588000,
    "weightedAverageShsOutDil": 92174000,
    "link": "https://www.sec.gov/Archives/edgar/data/915913/000119312509227164/0001193125-09-227164-index.htm",
    "finalLink": "https://www.sec.gov/Archives/edgar/data/915913/000119312509227164/d10q.htm"
  },
  {
    "date": "2009-06-30",
    "symbol": "ALB",
    "reportedCurrency": "USD",
    "cik": "0000915913",
    "fillingDate": "2009-08-07",
    "acceptedDate": "2009-08-07 14:45:09",
    "calendarYear": "2009",
    "period": "Q2",
    "revenue": 445299000,
    "costOfRevenue": 335481000,
    "grossProfit": 109818000,
    "grossProfitRatio": 0.2466163185,
    "researchAndDevelopmentExpenses": 14953000,
    "generalAndAdministrativeExpenses": 0,
    "sellingAndMarketingExpenses": 0,
    "sellingGeneralAndAdministrativeExpenses": 63874000,
    "otherExpenses": 0,
    "operatingExpenses": 78827000,
    "costAndExpenses": 414308000,
    "interestIncome": 0,
    "interestExpense": 6088000,
    "depreciationAndAmortization": 24629000,
    "ebitda": 56896000,
    "ebitdaratio": 0.1277703296,
    "operatingIncome": 30991000,
    "operatingIncomeRatio": 0.0695959344,
    "totalOtherIncomeExpensesNet": -4812000,
    "incomeBeforeTax": 26179000,
    "incomeBeforeTaxRatio": 0.0587897121,
    "incomeTaxExpense": -7749000,
    "netIncome": 38493000,
    "netIncomeRatio": 0.0864430416,
    "eps": 0.42,
    "epsdiluted": 0.42,
    "weightedAverageShsOut": 91474000,
    "weightedAverageShsOutDil": 92011000,
    "link": "https://www.sec.gov/Archives/edgar/data/915913/000119312509168909/0001193125-09-168909-index.htm",
    "finalLink": "https://www.sec.gov/Archives/edgar/data/915913/000119312509168909/d10q.htm"
  },
  {
    "date": "2009-03-31",
    "symbol": "ALB",
    "reportedCurrency": "USD",
    "cik": "0000915913",
    "fillingDate": "2009-05-08",
    "acceptedDate": "2009-05-08 14:52:55",
    "calendarYear": "2009",
    "period": "Q1",
    "revenue": 486591000,
    "costOfRevenue": 396085000,
    "grossProfit": 90506000,
    "grossProfitRatio": 0.1860001521,
    "researchAndDevelopmentExpenses": 16145000,
    "generalAndAdministrativeExpenses": 0,
    "sellingAndMarketingExpenses": 0,
    "sellingGeneralAndAdministrativeExpenses": 45434000,
    "otherExpenses": 0,
    "operatingExpenses": 61579000,
    "costAndExpenses": 457664000,
    "interestIncome": 0,
    "interestExpense": 6274000,
    "depreciationAndAmortization": 25775000,
    "ebitda": 53571000,
    "ebitdaratio": 0.1100945147,
    "operatingIncome": 28927000,
    "operatingIncomeRatio": 0.0594482841,
    "totalOtherIncomeExpensesNet": -9626000,
    "incomeBeforeTax": 21522000,
    "incomeBeforeTaxRatio": 0.0442301646,
    "incomeTaxExpense": -525000,
    "netIncome": 25399000,
    "netIncomeRatio": 0.0521978417,
    "eps": 0.28,
    "epsdiluted": 0.28,
    "weightedAverageShsOut": 91380000,
    "weightedAverageShsOutDil": 91797000,
    "link": "https://www.sec.gov/Archives/edgar/data/915913/000119312509105171/0001193125-09-105171-index.htm",
    "finalLink": "https://www.sec.gov/Archives/edgar/data/915913/000119312509105171/d10q.htm"
  },
  {
    "date": "2008-12-31",
    "symbol": "ALB",
    "reportedCurrency": "USD",
    "cik": "0000915913",
    "fillingDate": "2009-02-27",
    "acceptedDate": "2009-02-27 14:29:20",
    "calendarYear": "2008",
    "period": "Q4",
    "revenue": 517725000,
    "costOfRevenue": 394626000,
    "grossProfit": 123099000,
    "grossProfitRatio": 0.2377690859,
    "researchAndDevelopmentExpenses": 15507000,
    "generalAndAdministrativeExpenses": 0,
    "sellingAndMarketingExpenses": 0,
    "sellingGeneralAndAdministrativeExpenses": 64116000,
    "otherExpenses": -3278000,
    "operatingExpenses": 76345000,
    "costAndExpenses": 470971000,
    "interestIncome": 0,
    "interestExpense": 0,
    "depreciationAndAmortization": 30130000,
    "ebitda": 13152000,
    "ebitdaratio": 0.0254034478,
    "operatingIncome": 46754000,
    "operatingIncomeRatio": 0.09030663,
    "totalOtherIncomeExpensesNet": -75501000,
    "incomeBeforeTax": -28747000,
    "incomeBeforeTaxRatio": -0.0555256169,
    "incomeTaxExpense": -45945000,
    "netIncome": 13111000,
    "netIncomeRatio": 0.0253242552,
    "eps": 0,
    "epsdiluted": 0,
    "weightedAverageShsOut": 91380000,
    "weightedAverageShsOutDil": 91797000,
    "link": "https://www.sec.gov/Archives/edgar/data/915913/000119312509040740/0001193125-09-040740-index.htm",
    "finalLink": "https://www.sec.gov/Archives/edgar/data/915913/000119312509040740/d10k.htm"
  },
  {
    "date": "2008-09-30",
    "symbol": "ALB",
    "reportedCurrency": "USD",
    "cik": "0000915913",
    "fillingDate": "2008-11-07",
    "acceptedDate": "2008-11-06 18:46:12",
    "calendarYear": "2008",
    "period": "Q3",
    "revenue": 660463000,
    "costOfRevenue": 506280000,
    "grossProfit": 154183000,
    "grossProfitRatio": 0.2334468396,
    "researchAndDevelopmentExpenses": 17392000,
    "generalAndAdministrativeExpenses": 0,
    "sellingAndMarketingExpenses": 0,
    "sellingGeneralAndAdministrativeExpenses": 59899000,
    "otherExpenses": 0,
    "operatingExpenses": 77291000,
    "costAndExpenses": 583571000,
    "interestIncome": 0,
    "interestExpense": 0,
    "depreciationAndAmortization": 27513000,
    "ebitda": 104405000,
    "ebitdaratio": 0.1580784995,
    "operatingIncome": 76892000,
    "operatingIncomeRatio": 0.116421359,
    "totalOtherIncomeExpensesNet": -12533000,
    "incomeBeforeTax": 64359000,
    "incomeBeforeTaxRatio": 0.097445277,
    "incomeTaxExpense": 9878000,
    "netIncome": 56175000,
    "netIncomeRatio": 0.0850539697,
    "eps": 0.62,
    "epsdiluted": 0.61,
    "weightedAverageShsOut": 91074000,
    "weightedAverageShsOutDil": 92265000,
    "link": "https://www.sec.gov/Archives/edgar/data/915913/000119312508228246/0001193125-08-228246-index.htm",
    "finalLink": "https://www.sec.gov/Archives/edgar/data/915913/000119312508228246/d10q.htm"
  },
  {
    "date": "2008-06-30",
    "symbol": "ALB",
    "reportedCurrency": "USD",
    "cik": "0000915913",
    "fillingDate": "2008-08-07",
    "acceptedDate": "2008-08-07 12:08:24",
    "calendarYear": "2008",
    "period": "Q2",
    "revenue": 620750000,
    "costOfRevenue": 457769000,
    "grossProfit": 162981000,
    "grossProfitRatio": 0.2625549738,
    "researchAndDevelopmentExpenses": 17593000,
    "generalAndAdministrativeExpenses": 0,
    "sellingAndMarketingExpenses": 0,
    "sellingGeneralAndAdministrativeExpenses": 67598000,
    "otherExpenses": 0,
    "operatingExpenses": 85191000,
    "costAndExpenses": 542960000,
    "interestIncome": 0,
    "interestExpense": 0,
    "depreciationAndAmortization": 27500000,
    "ebitda": 105290000,
    "ebitdaratio": 0.1696173983,
    "operatingIncome": 77790000,
    "operatingIncomeRatio": 0.1253161498,
    "totalOtherIncomeExpensesNet": -3233000,
    "incomeBeforeTax": 71287000,
    "incomeBeforeTaxRatio": 0.1148401128,
    "incomeTaxExpense": 12902000,
    "netIncome": 61655000,
    "netIncomeRatio": 0.0993233991,
    "eps": 0.68,
    "epsdiluted": 0.67,
    "weightedAverageShsOut": 91182000,
    "weightedAverageShsOutDil": 92367000,
    "link": "https://www.sec.gov/Archives/edgar/data/915913/000119312508169670/0001193125-08-169670-index.htm",
    "finalLink": "https://www.sec.gov/Archives/edgar/data/915913/000119312508169670/d10q.htm"
  },
  {
    "date": "2008-03-31",
    "symbol": "ALB",
    "reportedCurrency": "USD",
    "cik": "0000915913",
    "fillingDate": "2008-05-05",
    "acceptedDate": "2008-05-05 16:30:06",
    "calendarYear": "2008",
    "period": "Q1",
    "revenue": 668177000,
    "costOfRevenue": 500766000,
    "grossProfit": 167411000,
    "grossProfitRatio": 0.2505488815,
    "researchAndDevelopmentExpenses": 16800000,
    "generalAndAdministrativeExpenses": 0,
    "sellingAndMarketingExpenses": 0,
    "sellingGeneralAndAdministrativeExpenses": 63519000,
    "otherExpenses": 0,
    "operatingExpenses": 80319000,
    "costAndExpenses": 581085000,
    "interestIncome": 0,
    "interestExpense": 10216000,
    "depreciationAndAmortization": 26542000,
    "ebitda": 113202000,
    "ebitdaratio": 0.1694191808,
    "operatingIncome": 87092000,
    "operatingIncomeRatio": 0.1303427086,
    "totalOtherIncomeExpensesNet": -7205000,
    "incomeBeforeTax": 76444000,
    "incomeBeforeTaxRatio": 0.1144068114,
    "incomeTaxExpense": 16626000,
    "netIncome": 63261000,
    "netIncomeRatio": 0.0946770092,
    "eps": 0.68,
    "epsdiluted": 0.67,
    "weightedAverageShsOut": 92654000,
    "weightedAverageShsOutDil": 93905000,
    "link": "https://www.sec.gov/Archives/edgar/data/915913/000119312508102366/0001193125-08-102366-index.htm",
    "finalLink": "https://www.sec.gov/Archives/edgar/data/915913/000119312508102366/d10q.htm"
  },
  {
    "date": "2007-12-31",
    "symbol": "ALB",
    "reportedCurrency": "USD",
    "cik": "0000915913",
    "fillingDate": "2008-02-29",
    "acceptedDate": "2008-02-28 19:07:03",
    "calendarYear": "2007",
    "period": "Q4",
    "revenue": 599156000,
    "costOfRevenue": 442798000,
    "grossProfit": 156358000,
    "grossProfitRatio": 0.2609637557,
    "researchAndDevelopmentExpenses": 16634000,
    "generalAndAdministrativeExpenses": 0,
    "sellingAndMarketingExpenses": 0,
    "sellingGeneralAndAdministrativeExpenses": 62224000,
    "otherExpenses": 0,
    "operatingExpenses": 78858000,
    "costAndExpenses": 521656000,
    "interestIncome": 0,
    "interestExpense": 0,
    "depreciationAndAmortization": 27031000,
    "ebitda": 104531000,
    "ebitdaratio": 0.1744637457,
    "operatingIncome": 77500000,
    "operatingIncomeRatio": 0.1293486171,
    "totalOtherIncomeExpensesNet": -6652000,
    "incomeBeforeTax": 70848000,
    "incomeBeforeTaxRatio": 0.1182463332,
    "incomeTaxExpense": 12124000,
    "netIncome": 58620000,
    "netIncomeRatio": 0.0978376249,
    "eps": 0,
    "epsdiluted": 0,
    "weightedAverageShsOut": 92349000,
    "weightedAverageShsOutDil": 93688000,
    "link": "https://www.sec.gov/Archives/edgar/data/915913/000119312508042183/0001193125-08-042183-index.htm",
    "finalLink": "https://www.sec.gov/Archives/edgar/data/915913/000119312508042183/d10k.htm"
  },
  {
    "date": "2007-09-30",
    "symbol": "ALB",
    "reportedCurrency": "USD",
    "cik": "0000915913",
    "fillingDate": "2007-11-06",
    "acceptedDate": "2007-11-06 13:30:25",
    "calendarYear": "2007",
    "period": "Q3",
    "revenue": 583981000,
    "costOfRevenue": 431019000,
    "grossProfit": 152962000,
    "grossProfitRatio": 0.2619297546,
    "researchAndDevelopmentExpenses": 15422000,
    "generalAndAdministrativeExpenses": 0,
    "sellingAndMarketingExpenses": 0,
    "sellingGeneralAndAdministrativeExpenses": 61004000,
    "otherExpenses": 0,
    "operatingExpenses": 76426000,
    "costAndExpenses": 507445000,
    "interestIncome": 0,
    "interestExpense": 0,
    "depreciationAndAmortization": 26066000,
    "ebitda": 102602000,
    "ebitdaratio": 0.1756940722,
    "operatingIncome": 76536000,
    "operatingIncomeRatio": 0.1310590584,
    "totalOtherIncomeExpensesNet": -8672000,
    "incomeBeforeTax": 67864000,
    "incomeBeforeTaxRatio": 0.1162092602,
    "incomeTaxExpense": 10433000,
    "netIncome": 59099000,
    "netIncomeRatio": 0.1012002103,
    "eps": 0.62,
    "epsdiluted": 0.61,
    "weightedAverageShsOut": 95245000,
    "weightedAverageShsOutDil": 97106000,
    "link": "https://www.sec.gov/Archives/edgar/data/915913/000119312507236422/0001193125-07-236422-index.htm",
    "finalLink": "https://www.sec.gov/Archives/edgar/data/915913/000119312507236422/d10q.htm"
  },
  {
    "date": "2007-06-30",
    "symbol": "ALB",
    "reportedCurrency": "USD",
    "cik": "0000915913",
    "fillingDate": "2007-08-06",
    "acceptedDate": "2007-08-06 16:26:16",
    "calendarYear": "2007",
    "period": "Q2",
    "revenue": 563812000,
    "costOfRevenue": 410430000,
    "grossProfit": 153382000,
    "grossProfitRatio": 0.2720445822,
    "researchAndDevelopmentExpenses": 14924000,
    "generalAndAdministrativeExpenses": 0,
    "sellingAndMarketingExpenses": 0,
    "sellingGeneralAndAdministrativeExpenses": 59255000,
    "otherExpenses": 0,
    "operatingExpenses": 74179000,
    "costAndExpenses": 484609000,
    "interestIncome": 0,
    "interestExpense": 0,
    "depreciationAndAmortization": 26409000,
    "ebitda": 105612000,
    "ebitdaratio": 0.1873177584,
    "operatingIncome": 79203000,
    "operatingIncomeRatio": 0.140477677,
    "totalOtherIncomeExpensesNet": -13730000,
    "incomeBeforeTax": 65473000,
    "incomeBeforeTaxRatio": 0.116125588,
    "incomeTaxExpense": 15585000,
    "netIncome": 53863000,
    "netIncomeRatio": 0.0955336176,
    "eps": 0.57,
    "epsdiluted": 0.55,
    "weightedAverageShsOut": 95272000,
    "weightedAverageShsOutDil": 97256000,
    "link": "https://www.sec.gov/Archives/edgar/data/915913/000119312507172024/0001193125-07-172024-index.htm",
    "finalLink": "https://www.sec.gov/Archives/edgar/data/915913/000119312507172024/d10q.htm"
  },
  {
    "date": "2007-03-31",
    "symbol": "ALB",
    "reportedCurrency": "USD",
    "cik": "0000915913",
    "fillingDate": "2007-05-07",
    "acceptedDate": "2007-05-07 13:58:45",
    "calendarYear": "2007",
    "period": "Q1",
    "revenue": 589238000,
    "costOfRevenue": 429449000,
    "grossProfit": 159789000,
    "grossProfitRatio": 0.2711790482,
    "researchAndDevelopmentExpenses": 15711000,
    "generalAndAdministrativeExpenses": 0,
    "sellingAndMarketingExpenses": 0,
    "sellingGeneralAndAdministrativeExpenses": 62486000,
    "otherExpenses": 0,
    "operatingExpenses": 78197000,
    "costAndExpenses": 507646000,
    "interestIncome": 0,
    "interestExpense": 0,
    "depreciationAndAmortization": 27349000,
    "ebitda": 108941000,
    "ebitdaratio": 0.1848845458,
    "operatingIncome": 81592000,
    "operatingIncomeRatio": 0.1384703634,
    "totalOtherIncomeExpensesNet": -7958000,
    "incomeBeforeTax": 73634000,
    "incomeBeforeTaxRatio": 0.124964785,
    "incomeTaxExpense": 16936000,
    "netIncome": 58108000,
    "netIncomeRatio": 0.0986155,
    "eps": 0.61,
    "epsdiluted": 0.6,
    "weightedAverageShsOut": 95288000,
    "weightedAverageShsOutDil": 97504000,
    "link": "https://www.sec.gov/Archives/edgar/data/915913/000119312507104115/0001193125-07-104115-index.htm",
    "finalLink": "https://www.sec.gov/Archives/edgar/data/915913/000119312507104115/d10q.htm"
  },
  {
    "date": "2006-12-31",
    "symbol": "ALB",
    "reportedCurrency": "USD",
    "cik": "0000915913",
    "fillingDate": "2007-03-01",
    "acceptedDate": "2007-03-01 14:20:37",
    "calendarYear": "2006",
    "period": "Q4",
    "revenue": 584537000,
    "costOfRevenue": 435788000,
    "grossProfit": 148749000,
    "grossProfitRatio": 0.2544731984,
    "researchAndDevelopmentExpenses": 12107000,
    "generalAndAdministrativeExpenses": 0,
    "sellingAndMarketingExpenses": 0,
    "sellingGeneralAndAdministrativeExpenses": 59801000,
    "otherExpenses": 0,
    "operatingExpenses": 71908000,
    "costAndExpenses": 507696000,
    "interestIncome": 0,
    "interestExpense": 0,
    "depreciationAndAmortization": 26935000,
    "ebitda": 103776000,
    "ebitdaratio": 0.1775353827,
    "operatingIncome": 76841000,
    "operatingIncomeRatio": 0.1314561781,
    "totalOtherIncomeExpensesNet": -10313000,
    "incomeBeforeTax": 66528000,
    "incomeBeforeTaxRatio": 0.1138131547,
    "incomeTaxExpense": 3144000,
    "netIncome": 62977000,
    "netIncomeRatio": 0.1077382612,
    "eps": 0,
    "epsdiluted": 0,
    "weightedAverageShsOut": 95288000,
    "weightedAverageShsOutDil": 97504000,
    "link": "https://www.sec.gov/Archives/edgar/data/915913/000119312507044118/0001193125-07-044118-index.htm",
    "finalLink": "https://www.sec.gov/Archives/edgar/data/915913/000119312507044118/d10k.htm"
  },
  {
    "date": "2006-09-30",
    "symbol": "ALB",
    "reportedCurrency": "USD",
    "cik": "0000915913",
    "fillingDate": "2006-11-07",
    "acceptedDate": "2006-11-07 15:29:27",
    "calendarYear": "2006",
    "period": "Q3",
    "revenue": 607818000,
    "costOfRevenue": 459590000,
    "grossProfit": 148228000,
    "grossProfitRatio": 0.2438690529,
    "researchAndDevelopmentExpenses": 11549000,
    "generalAndAdministrativeExpenses": 0,
    "sellingAndMarketingExpenses": 0,
    "sellingGeneralAndAdministrativeExpenses": 58000000,
    "otherExpenses": 0,
    "operatingExpenses": 69549000,
    "costAndExpenses": 529139000,
    "interestIncome": 0,
    "interestExpense": 0,
    "depreciationAndAmortization": 28349000,
    "ebitda": 107028000,
    "ebitdaratio": 0.1760856046,
    "operatingIncome": 78679000,
    "operatingIncomeRatio": 0.1294449983,
    "totalOtherIncomeExpensesNet": -99720000,
    "incomeBeforeTax": -20248000,
    "incomeBeforeTaxRatio": -0.0333126034,
    "incomeTaxExpense": -23330000,
    "netIncome": 2289000,
    "netIncomeRatio": 0.0037659299,
    "eps": 0.02,
    "epsdiluted": 0.02,
    "weightedAverageShsOut": 94755000,
    "weightedAverageShsOutDil": 97298000,
    "link": "https://www.sec.gov/Archives/edgar/data/915913/000119312506226566/0001193125-06-226566-index.htm",
    "finalLink": "https://www.sec.gov/Archives/edgar/data/915913/000119312506226566/d10q.htm"
  },
  {
    "date": "2006-06-30",
    "symbol": "ALB",
    "reportedCurrency": "USD",
    "cik": "0000915913",
    "fillingDate": "2006-08-07",
    "acceptedDate": "2006-08-07 14:46:06",
    "calendarYear": "2006",
    "period": "Q2",
    "revenue": 568797000,
    "costOfRevenue": 437413000,
    "grossProfit": 131384000,
    "grossProfitRatio": 0.2309857471,
    "researchAndDevelopmentExpenses": 11198000,
    "generalAndAdministrativeExpenses": 0,
    "sellingAndMarketingExpenses": 0,
    "sellingGeneralAndAdministrativeExpenses": 62202000,
    "otherExpenses": 0,
    "operatingExpenses": 73400000,
    "costAndExpenses": 510813000,
    "interestIncome": 0,
    "interestExpense": 0,
    "depreciationAndAmortization": 27040000,
    "ebitda": 85024000,
    "ebitdaratio": 0.1494803946,
    "operatingIncome": 57984000,
    "operatingIncomeRatio": 0.1019414659,
    "totalOtherIncomeExpensesNet": -14340000,
    "incomeBeforeTax": 43644000,
    "incomeBeforeTaxRatio": 0.0767303625,
    "incomeTaxExpense": 11041000,
    "netIncome": 43327000,
    "netIncomeRatio": 0.0761730459,
    "eps": 0.46,
    "epsdiluted": 0.45,
    "weightedAverageShsOut": 94689000,
    "weightedAverageShsOutDil": 97159000,
    "link": "https://www.sec.gov/Archives/edgar/data/915913/000119312506163570/0001193125-06-163570-index.htm",
    "finalLink": "https://www.sec.gov/Archives/edgar/data/915913/000119312506163570/d10q.htm"
  },
  {
    "date": "2006-03-31",
    "symbol": "ALB",
    "reportedCurrency": "USD",
    "cik": "0000915913",
    "fillingDate": "2006-05-09",
    "acceptedDate": "2006-05-09 07:10:52",
    "calendarYear": "2006",
    "period": "Q1",
    "revenue": 607354000,
    "costOfRevenue": 484901000,
    "grossProfit": 122453000,
    "grossProfitRatio": 0.2016171788,
    "researchAndDevelopmentExpenses": 11445000,
    "generalAndAdministrativeExpenses": 0,
    "sellingAndMarketingExpenses": 0,
    "sellingGeneralAndAdministrativeExpenses": 57853000,
    "otherExpenses": 0,
    "operatingExpenses": 69298000,
    "costAndExpenses": 554199000,
    "interestIncome": 0,
    "interestExpense": 0,
    "depreciationAndAmortization": 30626000,
    "ebitda": 83781000,
    "ebitdaratio": 0.1379442631,
    "operatingIncome": 53155000,
    "operatingIncomeRatio": 0.0875189758,
    "totalOtherIncomeExpensesNet": -9693000,
    "incomeBeforeTax": 43462000,
    "incomeBeforeTaxRatio": 0.0715595847,
    "incomeTaxExpense": 11337000,
    "netIncome": 34376000,
    "netIncomeRatio": 0.0565996108,
    "eps": 0.37,
    "epsdiluted": 0.36,
    "weightedAverageShsOut": 94154000,
    "weightedAverageShsOutDil": 96570000,
    "link": "https://www.sec.gov/Archives/edgar/data/915913/000119312506104278/0001193125-06-104278-index.htm",
    "finalLink": "https://www.sec.gov/Archives/edgar/data/915913/000119312506104278/d10q.htm"
  },
  {
    "date": "2005-12-31",
    "symbol": "ALB",
    "reportedCurrency": "USD",
    "cik": "0000915913",
    "fillingDate": "2005-12-31",
    "acceptedDate": "2005-12-31 00:00:00",
    "calendarYear": "2005",
    "period": "Q4",
    "revenue": 588175000,
    "costOfRevenue": 476877000,
    "grossProfit": 111298000,
    "grossProfitRatio": 0.1892259957,
    "researchAndDevelopmentExpenses": 10246000,
    "generalAndAdministrativeExpenses": 0,
    "sellingAndMarketingExpenses": 0,
    "sellingGeneralAndAdministrativeExpenses": 58607000,
    "otherExpenses": 2970000,
    "operatingExpenses": 71823000,
    "costAndExpenses": 548700000,
    "interestIncome": 0,
    "interestExpense": 0,
    "depreciationAndAmortization": 31238000,
    "ebitda": 70713000,
    "ebitdaratio": 0.120224423,
    "operatingIncome": 39475000,
    "operatingIncomeRatio": 0.0671143792,
    "totalOtherIncomeExpensesNet": -6380000,
    "incomeBeforeTax": 33095000,
    "incomeBeforeTaxRatio": 0.0562672674,
    "incomeTaxExpense": -1997000,
    "netIncome": 32198000,
    "netIncomeRatio": 0.0547422111,
    "eps": 0,
    "epsdiluted": 0,
    "weightedAverageShsOut": 94154000,
    "weightedAverageShsOutDil": 96570000,
    "link": null,
    "finalLink": null
  },
  {
    "date": "2005-09-30",
    "symbol": "ALB",
    "reportedCurrency": "USD",
    "cik": "0000915913",
    "fillingDate": "2005-11-09",
    "acceptedDate": "2005-11-09 13:20:48",
    "calendarYear": "2005",
    "period": "Q3",
    "revenue": 506605000,
    "costOfRevenue": 406994000,
    "grossProfit": 99611000,
    "grossProfitRatio": 0.1966245892,
    "researchAndDevelopmentExpenses": 10107000,
    "generalAndAdministrativeExpenses": 0,
    "sellingAndMarketingExpenses": 0,
    "sellingGeneralAndAdministrativeExpenses": 50423000,
    "otherExpenses": 0,
    "operatingExpenses": 60530000,
    "costAndExpenses": 467524000,
    "interestIncome": 0,
    "interestExpense": 0,
    "depreciationAndAmortization": 28505000,
    "ebitda": 67586000,
    "ebitdaratio": 0.1334096584,
    "operatingIncome": 39081000,
    "operatingIncomeRatio": 0.0771429417,
    "totalOtherIncomeExpensesNet": -6224000,
    "incomeBeforeTax": 32857000,
    "incomeBeforeTaxRatio": 0.0648572359,
    "incomeTaxExpense": 4502000,
    "netIncome": 26292000,
    "netIncomeRatio": 0.0518984218,
    "eps": 0.28,
    "epsdiluted": 0.28,
    "weightedAverageShsOut": 93900000,
    "weightedAverageShsOutDil": 95607273,
    "link": "https://www.sec.gov/Archives/edgar/data/915913/000119312505221203/0001193125-05-221203-index.htm",
    "finalLink": "https://www.sec.gov/Archives/edgar/data/915913/000119312505221203/d10q.htm"
  },
  {
    "date": "2005-06-30",
    "symbol": "ALB",
    "reportedCurrency": "USD",
    "cik": "0000915913",
    "fillingDate": "2005-08-08",
    "acceptedDate": "2005-08-08 16:23:44",
    "calendarYear": "2005",
    "period": "Q2",
    "revenue": 502754000,
    "costOfRevenue": 397587000,
    "grossProfit": 105167000,
    "grossProfitRatio": 0.2091818265,
    "researchAndDevelopmentExpenses": 10342000,
    "generalAndAdministrativeExpenses": 0,
    "sellingAndMarketingExpenses": 0,
    "sellingGeneralAndAdministrativeExpenses": 53669000,
    "otherExpenses": -4868000,
    "operatingExpenses": 59143000,
    "costAndExpenses": 456730000,
    "interestIncome": 0,
    "interestExpense": 0,
    "depreciationAndAmortization": 28647000,
    "ebitda": 74671000,
    "ebitdaratio": 0.1485239302,
    "operatingIncome": 46024000,
    "operatingIncomeRatio": 0.0915437769,
    "totalOtherIncomeExpensesNet": -18000,
    "incomeBeforeTax": 46006000,
    "incomeBeforeTaxRatio": 0.0915079741,
    "incomeTaxExpense": 13948000,
    "netIncome": 32058000,
    "netIncomeRatio": 0.0637647836,
    "eps": 0.35,
    "epsdiluted": 0.34,
    "weightedAverageShsOut": 93162000,
    "weightedAverageShsOutDil": 95942000,
    "link": "https://www.sec.gov/Archives/edgar/data/915913/000119312505160777/0001193125-05-160777-index.htm",
    "finalLink": "https://www.sec.gov/Archives/edgar/data/915913/000119312505160777/d10q.htm"
  },
  {
    "date": "2005-03-31",
    "symbol": "ALB",
    "reportedCurrency": "USD",
    "cik": "0000915913",
    "fillingDate": "2005-05-10",
    "acceptedDate": "2005-05-10 13:59:40",
    "calendarYear": "2005",
    "period": "Q1",
    "revenue": 509965000,
    "costOfRevenue": 402643000,
    "grossProfit": 107322000,
    "grossProfitRatio": 0.2104497367,
    "researchAndDevelopmentExpenses": 10980000,
    "generalAndAdministrativeExpenses": 0,
    "sellingAndMarketingExpenses": 0,
    "sellingGeneralAndAdministrativeExpenses": 57026000,
    "otherExpenses": 0,
    "operatingExpenses": 68006000,
    "costAndExpenses": 470649000,
    "interestIncome": 0,
    "interestExpense": 0,
    "depreciationAndAmortization": 29045000,
    "ebitda": 68361000,
    "ebitdaratio": 0.134050376,
    "operatingIncome": 39316000,
    "operatingIncomeRatio": 0.0770954869,
    "totalOtherIncomeExpensesNet": -3857000,
    "incomeBeforeTax": 35459000,
    "incomeBeforeTaxRatio": 0.0695322228,
    "incomeTaxExpense": 11140000,
    "netIncome": 24319000,
    "netIncomeRatio": 0.0476875864,
    "eps": 0.27,
    "epsdiluted": 0.26,
    "weightedAverageShsOut": 91076000,
    "weightedAverageShsOutDil": 93880000,
    "link": "https://www.sec.gov/Archives/edgar/data/915913/000119312505102437/0001193125-05-102437-index.htm",
    "finalLink": "https://www.sec.gov/Archives/edgar/data/915913/000119312505102437/d10q.htm"
  },
  {
    "date": "2004-12-31",
    "symbol": "ALB",
    "reportedCurrency": "USD",
    "cik": "0000915913",
    "fillingDate": "2005-03-14",
    "acceptedDate": "2005-03-14 16:38:55",
    "calendarYear": "2004",
    "period": "Q4",
    "revenue": 451065000,
    "costOfRevenue": 342036000,
    "grossProfit": 109029000,
    "grossProfitRatio": 0.2417146088,
    "researchAndDevelopmentExpenses": 12505000,
    "generalAndAdministrativeExpenses": 0,
    "sellingAndMarketingExpenses": 0,
    "sellingGeneralAndAdministrativeExpenses": 51659000,
    "otherExpenses": 0,
    "operatingExpenses": 64164000,
    "costAndExpenses": 406200000,
    "interestIncome": 0,
    "interestExpense": 0,
    "depreciationAndAmortization": 27980000,
    "ebitda": 72845000,
    "ebitdaratio": 0.1614955716,
    "operatingIncome": 44865000,
    "operatingIncomeRatio": 0.0994646004,
    "totalOtherIncomeExpensesNet": -20937000,
    "incomeBeforeTax": 23928000,
    "incomeBeforeTaxRatio": 0.0530477869,
    "incomeTaxExpense": 4291000,
    "netIncome": 19637000,
    "netIncomeRatio": 0.0435347455,
    "eps": 0,
    "epsdiluted": 0,
    "weightedAverageShsOut": 91769811,
    "weightedAverageShsOutDil": 93534615,
    "link": "https://www.sec.gov/Archives/edgar/data/915913/000119312505049532/0001193125-05-049532-index.htm",
    "finalLink": "https://www.sec.gov/Archives/edgar/data/915913/000119312505049532/d10k.htm"
  },
  {
    "date": "2004-09-30",
    "symbol": "ALB",
    "reportedCurrency": "USD",
    "cik": "0000915913",
    "fillingDate": "2004-11-09",
    "acceptedDate": "2004-11-09 17:20:24",
    "calendarYear": "2004",
    "period": "Q3",
    "revenue": 413904000,
    "costOfRevenue": 337796000,
    "grossProfit": 76108000,
    "grossProfitRatio": 0.1838783873,
    "researchAndDevelopmentExpenses": 9101000,
    "generalAndAdministrativeExpenses": 0,
    "sellingAndMarketingExpenses": 0,
    "sellingGeneralAndAdministrativeExpenses": 43075000,
    "otherExpenses": -10599000,
    "operatingExpenses": 41577000,
    "costAndExpenses": 365973000,
    "interestIncome": 0,
    "interestExpense": 0,
    "depreciationAndAmortization": 26326000,
    "ebitda": 74257000,
    "ebitdaratio": 0.1794063358,
    "operatingIncome": 47931000,
    "operatingIncomeRatio": 0.115802215,
    "totalOtherIncomeExpensesNet": -48201000,
    "incomeBeforeTax": -270000,
    "incomeBeforeTaxRatio": -0.0006523252,
    "incomeTaxExpense": -1097000,
    "netIncome": 827000,
    "netIncomeRatio": 0.0019980479,
    "eps": 0.01,
    "epsdiluted": 0.01,
    "weightedAverageShsOut": 82700000,
    "weightedAverageShsOutDil": 82700000,
    "link": "https://www.sec.gov/Archives/edgar/data/915913/000119312504191508/0001193125-04-191508-index.htm",
    "finalLink": "https://www.sec.gov/Archives/edgar/data/915913/000119312504191508/d10q.htm"
  },
  {
    "date": "2004-06-30",
    "symbol": "ALB",
    "reportedCurrency": "USD",
    "cik": "0000915913",
    "fillingDate": "2004-08-09",
    "acceptedDate": "2004-08-09 16:18:37",
    "calendarYear": "2004",
    "period": "Q2",
    "revenue": 326759000,
    "costOfRevenue": 260331000,
    "grossProfit": 66428000,
    "grossProfitRatio": 0.2032935589,
    "researchAndDevelopmentExpenses": 5088000,
    "generalAndAdministrativeExpenses": 0,
    "sellingAndMarketingExpenses": 0,
    "sellingGeneralAndAdministrativeExpenses": 32649000,
    "otherExpenses": 550000,
    "operatingExpenses": 38287000,
    "costAndExpenses": 298618000,
    "interestIncome": 0,
    "interestExpense": 0,
    "depreciationAndAmortization": 21396000,
    "ebitda": 49537000,
    "ebitdaratio": 0.1516010271,
    "operatingIncome": 28141000,
    "operatingIncomeRatio": 0.0861215758,
    "totalOtherIncomeExpensesNet": 1343000,
    "incomeBeforeTax": 29484000,
    "incomeBeforeTaxRatio": 0.0902316386,
    "incomeTaxExpense": 8716000,
    "netIncome": 20768000,
    "netIncomeRatio": 0.0635575455,
    "eps": 0.25,
    "epsdiluted": 0.25,
    "weightedAverageShsOut": 83072000,
    "weightedAverageShsOutDil": 84767347,
    "link": "https://www.sec.gov/Archives/edgar/data/915913/000119312504135911/0001193125-04-135911-index.htm",
    "finalLink": "https://www.sec.gov/Archives/edgar/data/915913/000119312504135911/d10q.htm"
  },
  {
    "date": "2004-03-31",
    "symbol": "ALB",
    "reportedCurrency": "USD",
    "cik": "0000915913",
    "fillingDate": "2004-05-07",
    "acceptedDate": "2004-05-07 16:07:48",
    "calendarYear": "2004",
    "period": "Q1",
    "revenue": 322009000,
    "costOfRevenue": 261225000,
    "grossProfit": 60784000,
    "grossProfitRatio": 0.1887649103,
    "researchAndDevelopmentExpenses": 4579000,
    "generalAndAdministrativeExpenses": 0,
    "sellingAndMarketingExpenses": 0,
    "sellingGeneralAndAdministrativeExpenses": 30354000,
    "otherExpenses": 4507000,
    "operatingExpenses": 39440000,
    "costAndExpenses": 300665000,
    "interestIncome": 0,
    "interestExpense": 0,
    "depreciationAndAmortization": 21566000,
    "ebitda": 42910000,
    "ebitdaratio": 0.133257145,
    "operatingIncome": 21344000,
    "operatingIncomeRatio": 0.0662838616,
    "totalOtherIncomeExpensesNet": -2642000,
    "incomeBeforeTax": 18702000,
    "incomeBeforeTaxRatio": 0.058079122,
    "incomeTaxExpense": 5095000,
    "netIncome": 13607000,
    "netIncomeRatio": 0.0422565829,
    "eps": 0.17,
    "epsdiluted": 0.16,
    "weightedAverageShsOut": 82466667,
    "weightedAverageShsOutDil": 85043750,
    "link": "https://www.sec.gov/Archives/edgar/data/915913/000119312504082090/0001193125-04-082090-index.htm",
    "finalLink": "https://www.sec.gov/Archives/edgar/data/915913/000119312504082090/d10q.htm"
  },
  {
    "date": "2003-12-31",
    "symbol": "ALB",
    "reportedCurrency": "USD",
    "cik": "0000915913",
    "fillingDate": "2004-03-01",
    "acceptedDate": "2004-03-01 16:27:21",
    "calendarYear": "2003",
    "period": "Q4",
    "revenue": 298640000,
    "costOfRevenue": 232206000,
    "grossProfit": 66434000,
    "grossProfitRatio": 0.2224551299,
    "researchAndDevelopmentExpenses": 4278000,
    "generalAndAdministrativeExpenses": 0,
    "sellingAndMarketingExpenses": 0,
    "sellingGeneralAndAdministrativeExpenses": 32200000,
    "otherExpenses": 2546000,
    "operatingExpenses": 39024000,
    "costAndExpenses": 271230000,
    "interestIncome": 0,
    "interestExpense": 0,
    "depreciationAndAmortization": 22249000,
    "ebitda": 49659000,
    "ebitdaratio": 0.16628382,
    "operatingIncome": 27410000,
    "operatingIncomeRatio": 0.0917827485,
    "totalOtherIncomeExpensesNet": -1050000,
    "incomeBeforeTax": 26360000,
    "incomeBeforeTaxRatio": 0.0882668095,
    "incomeTaxExpense": 7578000,
    "netIncome": 18512000,
    "netIncomeRatio": 0.0619876775,
    "eps": 0,
    "epsdiluted": 0,
    "weightedAverageShsOut": 82466667,
    "weightedAverageShsOutDil": 85043750,
    "link": "https://www.sec.gov/Archives/edgar/data/915913/000119312504032296/0001193125-04-032296-index.htm",
    "finalLink": "https://www.sec.gov/Archives/edgar/data/915913/000119312504032296/d10k.htm"
  },
  {
    "date": "2003-09-30",
    "symbol": "ALB",
    "reportedCurrency": "USD",
    "cik": "0000915913",
    "fillingDate": "2003-10-31",
    "acceptedDate": "2003-10-31 16:43:52",
    "calendarYear": "2003",
    "period": "Q3",
    "revenue": 276551000,
    "costOfRevenue": 220543000,
    "grossProfit": 56008000,
    "grossProfitRatio": 0.2025232236,
    "researchAndDevelopmentExpenses": 4770000,
    "generalAndAdministrativeExpenses": 0,
    "sellingAndMarketingExpenses": 0,
    "sellingGeneralAndAdministrativeExpenses": 27965000,
    "otherExpenses": 7503000,
    "operatingExpenses": 40238000,
    "costAndExpenses": 260781000,
    "interestIncome": 0,
    "interestExpense": 0,
    "depreciationAndAmortization": 20986000,
    "ebitda": 36756000,
    "ebitdaratio": 0.1329085774,
    "operatingIncome": 15770000,
    "operatingIncomeRatio": 0.0570238401,
    "totalOtherIncomeExpensesNet": -4112000,
    "incomeBeforeTax": 11658000,
    "incomeBeforeTaxRatio": 0.0421549732,
    "incomeTaxExpense": 1802000,
    "netIncome": 9856000,
    "netIncomeRatio": 0.0356389961,
    "eps": 0.12,
    "epsdiluted": 0.12,
    "weightedAverageShsOut": 82133333,
    "weightedAverageShsOutDil": 85704348,
    "link": "https://www.sec.gov/Archives/edgar/data/915913/000091591303000060/0000915913-03-000060-index.htm",
    "finalLink": "https://www.sec.gov/Archives/edgar/data/915913/000091591303000060/alb3q0310q.htm"
  },
  {
    "date": "2003-06-30",
    "symbol": "ALB",
    "reportedCurrency": "USD",
    "cik": "0000915913",
    "fillingDate": "2003-08-04",
    "acceptedDate": "2003-08-01 17:31:43",
    "calendarYear": "2003",
    "period": "Q2",
    "revenue": 269476000,
    "costOfRevenue": 211050000,
    "grossProfit": 58426000,
    "grossProfitRatio": 0.2168133711,
    "researchAndDevelopmentExpenses": 4421000,
    "generalAndAdministrativeExpenses": 0,
    "sellingAndMarketingExpenses": 0,
    "sellingGeneralAndAdministrativeExpenses": 29435000,
    "otherExpenses": 0,
    "operatingExpenses": 33856000,
    "costAndExpenses": 244906000,
    "interestIncome": 0,
    "interestExpense": 0,
    "depreciationAndAmortization": 20641000,
    "ebitda": 45211000,
    "ebitdaratio": 0.1677737535,
    "operatingIncome": 24570000,
    "operatingIncomeRatio": 0.0911769508,
    "totalOtherIncomeExpensesNet": -1573000,
    "incomeBeforeTax": 22997000,
    "incomeBeforeTaxRatio": 0.0853396963,
    "incomeTaxExpense": 414000,
    "netIncome": 22583000,
    "netIncomeRatio": 0.0838033814,
    "eps": 0.28,
    "epsdiluted": 0.27,
    "weightedAverageShsOut": 82120000,
    "weightedAverageShsOutDil": 83640741,
    "link": "https://www.sec.gov/Archives/edgar/data/915913/000091591303000039/0000915913-03-000039-index.htm",
    "finalLink": "https://www.sec.gov/Archives/edgar/data/915913/000091591303000039/alb10q2q03.txt"
  },
  {
    "date": "2003-03-31",
    "symbol": "ALB",
    "reportedCurrency": "USD",
    "cik": "0000915913",
    "fillingDate": "2003-05-15",
    "acceptedDate": "2003-05-14 19:43:07",
    "calendarYear": "2003",
    "period": "Q1",
    "revenue": 265570000,
    "costOfRevenue": 207928000,
    "grossProfit": 57642000,
    "grossProfitRatio": 0.2170501186,
    "researchAndDevelopmentExpenses": 4942000,
    "generalAndAdministrativeExpenses": 0,
    "sellingAndMarketingExpenses": 0,
    "sellingGeneralAndAdministrativeExpenses": 27626000,
    "otherExpenses": 900000,
    "operatingExpenses": 33468000,
    "costAndExpenses": 241665000,
    "interestIncome": 0,
    "interestExpense": 0,
    "depreciationAndAmortization": 20138000,
    "ebitda": 45212000,
    "ebitdaratio": 0.1702451331,
    "operatingIncome": 25074000,
    "operatingIncomeRatio": 0.0944157849,
    "totalOtherIncomeExpensesNet": 3136000,
    "incomeBeforeTax": 27310000,
    "incomeBeforeTaxRatio": 0.1028354106,
    "incomeTaxExpense": 4423000,
    "netIncome": 21567000,
    "netIncomeRatio": 0.0812102271,
    "eps": 0.26,
    "epsdiluted": 0.26,
    "weightedAverageShsOut": 82950000,
    "weightedAverageShsOutDil": 84576471,
    "link": "https://www.sec.gov/Archives/edgar/data/915913/000091591303000005/0000915913-03-000005-index.htm",
    "finalLink": "https://www.sec.gov/Archives/edgar/data/915913/000091591303000005/alb10q02.txt"
  },
  {
    "date": "2002-12-31",
    "symbol": "ALB",
    "reportedCurrency": "USD",
    "cik": "0000915913",
    "fillingDate": "2003-02-26",
    "acceptedDate": "2003-02-26 16:35:47",
    "calendarYear": "2002",
    "period": "Q4",
    "revenue": 247212000,
    "costOfRevenue": 190865000,
    "grossProfit": 56347000,
    "grossProfitRatio": 0.227929874,
    "researchAndDevelopmentExpenses": 3569000,
    "generalAndAdministrativeExpenses": 0,
    "sellingAndMarketingExpenses": 0,
    "sellingGeneralAndAdministrativeExpenses": 27606000,
    "otherExpenses": 700000,
    "operatingExpenses": 31875000,
    "costAndExpenses": 222740000,
    "interestIncome": 0,
    "interestExpense": 0,
    "depreciationAndAmortization": 19957000,
    "ebitda": 44429000,
    "ebitdaratio": 0.1797202401,
    "operatingIncome": 24472000,
    "operatingIncomeRatio": 0.0989919583,
    "totalOtherIncomeExpensesNet": -164000,
    "incomeBeforeTax": 24308000,
    "incomeBeforeTaxRatio": 0.0983285601,
    "incomeTaxExpense": 7407000,
    "netIncome": 16901000,
    "netIncomeRatio": 0.0683664223,
    "eps": 0,
    "epsdiluted": 0,
    "weightedAverageShsOut": 82329412,
    "weightedAverageShsOutDil": 83976000,
    "link": "https://www.sec.gov/Archives/edgar/data/915913/000091664103000375/0000916641-03-000375-index.htm",
    "finalLink": "https://www.sec.gov/Archives/edgar/data/915913/000091664103000375/d10k.htm"
  },
  {
    "date": "2002-09-30",
    "symbol": "ALB",
    "reportedCurrency": "USD",
    "cik": "0000915913",
    "fillingDate": "2002-11-12",
    "acceptedDate": "2002-11-12 16:28:50",
    "calendarYear": "2002",
    "period": "Q3",
    "revenue": 263324000,
    "costOfRevenue": 198350000,
    "grossProfit": 64974000,
    "grossProfitRatio": 0.2467454543,
    "researchAndDevelopmentExpenses": 4120000,
    "generalAndAdministrativeExpenses": 0,
    "sellingAndMarketingExpenses": 0,
    "sellingGeneralAndAdministrativeExpenses": 29450000,
    "otherExpenses": 0,
    "operatingExpenses": 33570000,
    "costAndExpenses": 231920000,
    "interestIncome": 0,
    "interestExpense": 0,
    "depreciationAndAmortization": 20171000,
    "ebitda": 51575000,
    "ebitdaratio": 0.1958613723,
    "operatingIncome": 31404000,
    "operatingIncomeRatio": 0.1192599231,
    "totalOtherIncomeExpensesNet": -2156000,
    "incomeBeforeTax": 29248000,
    "incomeBeforeTaxRatio": 0.1110722912,
    "incomeTaxExpense": 8896000,
    "netIncome": 20352000,
    "netIncomeRatio": 0.0772888153,
    "eps": 0.25,
    "epsdiluted": 0.24,
    "weightedAverageShsOut": 83069388,
    "weightedAverageShsOutDil": 84800000,
    "link": "https://www.sec.gov/Archives/edgar/data/915913/000091591302000029/0000915913-02-000029-index.htm",
    "finalLink": "https://www.sec.gov/Archives/edgar/data/915913/000091591302000029/thirdquarter0210q.txt"
  },
  {
    "date": "2002-06-30",
    "symbol": "ALB",
    "reportedCurrency": "USD",
    "cik": "0000915913",
    "fillingDate": "2002-08-14",
    "acceptedDate": "2002-08-14 15:04:26",
    "calendarYear": "2002",
    "period": "Q2",
    "revenue": 245051000,
    "costOfRevenue": 186896000,
    "grossProfit": 58155000,
    "grossProfitRatio": 0.2373179461,
    "researchAndDevelopmentExpenses": 4020000,
    "generalAndAdministrativeExpenses": 0,
    "sellingAndMarketingExpenses": 0,
    "sellingGeneralAndAdministrativeExpenses": 28916000,
    "otherExpenses": 0,
    "operatingExpenses": 32936000,
    "costAndExpenses": 227487000,
    "interestIncome": 0,
    "interestExpense": 0,
    "depreciationAndAmortization": 20206000,
    "ebitda": 45425000,
    "ebitdaratio": 0.1853695761,
    "operatingIncome": 25219000,
    "operatingIncomeRatio": 0.1029132711,
    "totalOtherIncomeExpensesNet": 1041000,
    "incomeBeforeTax": 26260000,
    "incomeBeforeTaxRatio": 0.1071613664,
    "incomeTaxExpense": 5566000,
    "netIncome": 20694000,
    "netIncomeRatio": 0.0844477272,
    "eps": 0.25,
    "epsdiluted": 0.24,
    "weightedAverageShsOut": 83236000,
    "weightedAverageShsOutDil": 85644000,
    "link": "https://www.sec.gov/Archives/edgar/data/915913/000091664102001314/0000916641-02-001314-index.htm",
    "finalLink": "https://www.sec.gov/Archives/edgar/data/915913/000091664102001314/d10q.txt"
  },
  {
    "date": "2002-03-31",
    "symbol": "ALB",
    "reportedCurrency": "USD",
    "cik": "0000915913",
    "fillingDate": "2002-05-08",
    "acceptedDate": "2002-05-08 17:23:57",
    "calendarYear": "2002",
    "period": "Q1",
    "revenue": 224628000,
    "costOfRevenue": 168868000,
    "grossProfit": 55760000,
    "grossProfitRatio": 0.2482326335,
    "researchAndDevelopmentExpenses": 4776000,
    "generalAndAdministrativeExpenses": 0,
    "sellingAndMarketingExpenses": 0,
    "sellingGeneralAndAdministrativeExpenses": 25704000,
    "otherExpenses": 850000,
    "operatingExpenses": 31330000,
    "costAndExpenses": 207392000,
    "interestIncome": 0,
    "interestExpense": 0,
    "depreciationAndAmortization": 20269000,
    "ebitda": 44699000,
    "ebitdaratio": 0.198991221,
    "operatingIncome": 24430000,
    "operatingIncomeRatio": 0.1087575903,
    "totalOtherIncomeExpensesNet": -433000,
    "incomeBeforeTax": 23997000,
    "incomeBeforeTaxRatio": 0.1068299589,
    "incomeTaxExpense": 7199000,
    "netIncome": 16798000,
    "netIncomeRatio": 0.0747814164,
    "eps": 0.2,
    "epsdiluted": 0.19,
    "weightedAverageShsOut": 86876000,
    "weightedAverageShsOutDil": 88380000,
    "link": "https://www.sec.gov/Archives/edgar/data/915913/000091591302000020/0000915913-02-000020-index.htm",
    "finalLink": "https://www.sec.gov/Archives/edgar/data/915913/000091591302000020/a10q032002.txt"
  },
  {
    "date": "2001-12-31",
    "symbol": "ALB",
    "reportedCurrency": "USD",
    "cik": "0000915913",
    "fillingDate": "2002-02-27",
    "acceptedDate": "2002-02-27 00:00:00",
    "calendarYear": "2001",
    "period": "Q4",
    "revenue": 239186000,
    "costOfRevenue": 182723000,
    "grossProfit": 56463000,
    "grossProfitRatio": 0.2360631475,
    "researchAndDevelopmentExpenses": 5106000,
    "generalAndAdministrativeExpenses": 0,
    "sellingAndMarketingExpenses": 0,
    "sellingGeneralAndAdministrativeExpenses": 28203000,
    "otherExpenses": 2051000,
    "operatingExpenses": 35360000,
    "costAndExpenses": 218083000,
    "interestIncome": 0,
    "interestExpense": 0,
    "depreciationAndAmortization": 22149000,
    "ebitda": 43252000,
    "ebitdaratio": 0.1808299817,
    "operatingIncome": 21103000,
    "operatingIncomeRatio": 0.088228408,
    "totalOtherIncomeExpensesNet": -879000,
    "incomeBeforeTax": 20224000,
    "incomeBeforeTaxRatio": 0.0845534438,
    "incomeTaxExpense": 6168000,
    "netIncome": 14056000,
    "netIncomeRatio": 0.0587659813,
    "eps": 0,
    "epsdiluted": 0,
    "weightedAverageShsOut": 86143590,
    "weightedAverageShsOutDil": 88410526,
    "link": "https://www.sec.gov/Archives/edgar/data/915913/000091591302000011/0000915913-02-000011-index.htm",
    "finalLink": "https://www.sec.gov/Archives/edgar/data/915913/000091591302000011/albemarle10k2001.txt"
  },
  {
    "date": "2001-09-30",
    "symbol": "ALB",
    "reportedCurrency": "USD",
    "cik": "0000915913",
    "fillingDate": "2001-11-13",
    "acceptedDate": "2001-11-13 00:00:00",
    "calendarYear": "2001",
    "period": "Q3",
    "revenue": 242017000,
    "costOfRevenue": 185336000,
    "grossProfit": 56681000,
    "grossProfitRatio": 0.234202556,
    "researchAndDevelopmentExpenses": 5603000,
    "generalAndAdministrativeExpenses": 0,
    "sellingAndMarketingExpenses": 0,
    "sellingGeneralAndAdministrativeExpenses": 25822000,
    "otherExpenses": 0,
    "operatingExpenses": 31425000,
    "costAndExpenses": 216761000,
    "interestIncome": 0,
    "interestExpense": 0,
    "depreciationAndAmortization": 18447000,
    "ebitda": 43703000,
    "ebitdaratio": 0.1805782238,
    "operatingIncome": 25256000,
    "operatingIncomeRatio": 0.1043563055,
    "totalOtherIncomeExpensesNet": -1038000,
    "incomeBeforeTax": 24218000,
    "incomeBeforeTaxRatio": 0.1000673506,
    "incomeTaxExpense": 7457000,
    "netIncome": 16761000,
    "netIncomeRatio": 0.0692554655,
    "eps": 0.19,
    "epsdiluted": 0.18,
    "weightedAverageShsOut": 90600000,
    "weightedAverageShsOutDil": 93116667,
    "link": "https://www.sec.gov/Archives/edgar/data/915913/000091591301500025/0000915913-01-500025-index.htm",
    "finalLink": "https://www.sec.gov/Archives/edgar/data/915913/000091591301500025/a10q0301.txt"
  },
  {
    "date": "2001-06-30",
    "symbol": "ALB",
    "reportedCurrency": "USD",
    "cik": "0000915913",
    "fillingDate": "2001-08-13",
    "acceptedDate": "2001-08-13 00:00:00",
    "calendarYear": "2001",
    "period": "Q2",
    "revenue": 211286000,
    "costOfRevenue": 162550000,
    "grossProfit": 48736000,
    "grossProfitRatio": 0.2306636502,
    "researchAndDevelopmentExpenses": 5433000,
    "generalAndAdministrativeExpenses": 0,
    "sellingAndMarketingExpenses": 0,
    "sellingGeneralAndAdministrativeExpenses": 22186000,
    "otherExpenses": 0,
    "operatingExpenses": 27619000,
    "costAndExpenses": 190169000,
    "interestIncome": 0,
    "interestExpense": 0,
    "depreciationAndAmortization": 18569000,
    "ebitda": 39686000,
    "ebitdaratio": 0.1878307129,
    "operatingIncome": 21117000,
    "operatingIncomeRatio": 0.0999450981,
    "totalOtherIncomeExpensesNet": 150000,
    "incomeBeforeTax": 21267000,
    "incomeBeforeTaxRatio": 0.1006550363,
    "incomeTaxExpense": 6462000,
    "netIncome": 14805000,
    "netIncomeRatio": 0.0700708992,
    "eps": 0.16,
    "epsdiluted": 0.16,
    "weightedAverageShsOut": 92531250,
    "weightedAverageShsOutDil": 92531250,
    "link": "https://www.sec.gov/Archives/edgar/data/915913/000091591301500020/0000915913-01-500020-index.htm",
    "finalLink": "https://www.sec.gov/Archives/edgar/data/915913/000091591301500020/a10q0201.txt"
  },
  {
    "date": "2001-03-31",
    "symbol": "ALB",
    "reportedCurrency": "USD",
    "cik": "0000915913",
    "fillingDate": "2001-04-27",
    "acceptedDate": "2001-04-27 00:00:00",
    "calendarYear": "2001",
    "period": "Q1",
    "revenue": 224410000,
    "costOfRevenue": 164955000,
    "grossProfit": 59455000,
    "grossProfitRatio": 0.2649391738,
    "researchAndDevelopmentExpenses": 5777000,
    "generalAndAdministrativeExpenses": 0,
    "sellingAndMarketingExpenses": 0,
    "sellingGeneralAndAdministrativeExpenses": 22704000,
    "otherExpenses": 0,
    "operatingExpenses": 28481000,
    "costAndExpenses": 193436000,
    "interestIncome": 0,
    "interestExpense": 0,
    "depreciationAndAmortization": 18445000,
    "ebitda": 49419000,
    "ebitdaratio": 0.2202174591,
    "operatingIncome": 30974000,
    "operatingIncomeRatio": 0.1380241522,
    "totalOtherIncomeExpensesNet": 513000,
    "incomeBeforeTax": 31487000,
    "incomeBeforeTaxRatio": 0.1403101466,
    "incomeTaxExpense": 8942000,
    "netIncome": 22545000,
    "netIncomeRatio": 0.1004634375,
    "eps": 0.25,
    "epsdiluted": 0.24,
    "weightedAverageShsOut": 92020408,
    "weightedAverageShsOutDil": 93937500,
    "link": "https://www.sec.gov/Archives/edgar/data/915913/000091591301500005/0000915913-01-500005-index.htm",
    "finalLink": "https://www.sec.gov/Archives/edgar/data/915913/000091591301500005/q100101.txt"
  },
  {
    "date": "2000-12-31",
    "symbol": "ALB",
    "reportedCurrency": "USD",
    "cik": "0000915913",
    "fillingDate": "2001-02-28",
    "acceptedDate": "2001-02-28 00:00:00",
    "calendarYear": "2000",
    "period": "Q4",
    "revenue": 218810000,
    "costOfRevenue": 156794000,
    "grossProfit": 62016000,
    "grossProfitRatio": 0.2834239751,
    "researchAndDevelopmentExpenses": 6745000,
    "generalAndAdministrativeExpenses": 0,
    "sellingAndMarketingExpenses": 0,
    "sellingGeneralAndAdministrativeExpenses": 24120000,
    "otherExpenses": 7766000,
    "operatingExpenses": 38631000,
    "costAndExpenses": 195425000,
    "interestIncome": 0,
    "interestExpense": 0,
    "depreciationAndAmortization": 19438000,
    "ebitda": 42823000,
    "ebitdaratio": 0.1957086056,
    "operatingIncome": 23385000,
    "operatingIncomeRatio": 0.1068735433,
    "totalOtherIncomeExpensesNet": -619000,
    "incomeBeforeTax": 22766000,
    "incomeBeforeTaxRatio": 0.1040446049,
    "incomeTaxExpense": 7057000,
    "netIncome": 15709000,
    "netIncomeRatio": 0.0717928797,
    "eps": 0,
    "epsdiluted": 0,
    "weightedAverageShsOut": 92020408,
    "weightedAverageShsOutDil": 93937500,
    "link": "https://www.sec.gov/Archives/edgar/data/915913/000102140801001419/0001021408-01-001419-index.htm",
    "finalLink": "https://www.sec.gov/Archives/edgar/data/915913/000102140801001419/0001021408-01-001419-0001.txt"
  },
  {
    "date": "2000-09-30",
    "symbol": "ALB",
    "reportedCurrency": "USD",
    "cik": "0000915913",
    "fillingDate": "2000-10-31",
    "acceptedDate": "2000-10-31 00:00:00",
    "calendarYear": "2000",
    "period": "Q3",
    "revenue": 237053000,
    "costOfRevenue": 168214000,
    "grossProfit": 68839000,
    "grossProfitRatio": 0.290394975,
    "researchAndDevelopmentExpenses": 6989000,
    "generalAndAdministrativeExpenses": 0,
    "sellingAndMarketingExpenses": 0,
    "sellingGeneralAndAdministrativeExpenses": 27106000,
    "otherExpenses": 0,
    "operatingExpenses": 34095000,
    "costAndExpenses": 202309000,
    "interestIncome": 0,
    "interestExpense": 0,
    "depreciationAndAmortization": 18123000,
    "ebitda": 52867000,
    "ebitdaratio": 0.2230176374,
    "operatingIncome": 34744000,
    "operatingIncomeRatio": 0.1465663797,
    "totalOtherIncomeExpensesNet": -387000,
    "incomeBeforeTax": 34357000,
    "incomeBeforeTaxRatio": 0.1449338334,
    "incomeTaxExpense": 10651000,
    "netIncome": 23706000,
    "netIncomeRatio": 0.1000029529,
    "eps": 0.26,
    "epsdiluted": 0.26,
    "weightedAverageShsOut": 91632000,
    "weightedAverageShsOutDil": 93368000,
    "link": "https://www.sec.gov/Archives/edgar/data/915913/000091591300000021/0000915913-00-000021-index.htm",
    "finalLink": "https://www.sec.gov/Archives/edgar/data/915913/000091591300000021/0000915913-00-000021-0001.txt"
  },
  {
    "date": "2000-06-30",
    "symbol": "ALB",
    "reportedCurrency": "USD",
    "cik": "0000915913",
    "fillingDate": "2000-08-04",
    "acceptedDate": "2000-08-04 00:00:00",
    "calendarYear": "2000",
    "period": "Q2",
    "revenue": 226206000,
    "costOfRevenue": 160200000,
    "grossProfit": 66006000,
    "grossProfitRatio": 0.2917959736,
    "researchAndDevelopmentExpenses": 6219000,
    "generalAndAdministrativeExpenses": 0,
    "sellingAndMarketingExpenses": 0,
    "sellingGeneralAndAdministrativeExpenses": 25822000,
    "otherExpenses": -15900000,
    "operatingExpenses": 16141000,
    "costAndExpenses": 176341000,
    "interestIncome": 0,
    "interestExpense": 0,
    "depreciationAndAmortization": 18039000,
    "ebitda": 67904000,
    "ebitdaratio": 0.3001865556,
    "operatingIncome": 49865000,
    "operatingIncomeRatio": 0.2204406603,
    "totalOtherIncomeExpensesNet": -861000,
    "incomeBeforeTax": 49004000,
    "incomeBeforeTaxRatio": 0.2166343952,
    "incomeTaxExpense": 15191000,
    "netIncome": 33813000,
    "netIncomeRatio": 0.1494787937,
    "eps": 0.37,
    "epsdiluted": 0.37,
    "weightedAverageShsOut": 91590000,
    "weightedAverageShsOutDil": 93216000,
    "link": "https://www.sec.gov/Archives/edgar/data/915913/000091591300000015/0000915913-00-000015-index.htm",
    "finalLink": "https://www.sec.gov/Archives/edgar/data/915913/000091591300000015/0000915913-00-000015-0001.txt"
  },
  {
    "date": "2000-03-31",
    "symbol": "ALB",
    "reportedCurrency": "USD",
    "cik": "0000915913",
    "fillingDate": "2000-05-12",
    "acceptedDate": "2000-05-12 00:00:00",
    "calendarYear": "2000",
    "period": "Q1",
    "revenue": 235480000,
    "costOfRevenue": 160878000,
    "grossProfit": 74602000,
    "grossProfitRatio": 0.3168082215,
    "researchAndDevelopmentExpenses": 6248000,
    "generalAndAdministrativeExpenses": 0,
    "sellingAndMarketingExpenses": 0,
    "sellingGeneralAndAdministrativeExpenses": 26186000,
    "otherExpenses": 0,
    "operatingExpenses": 32434000,
    "costAndExpenses": 193312000,
    "interestIncome": 0,
    "interestExpense": 0,
    "depreciationAndAmortization": 18150000,
    "ebitda": 60318000,
    "ebitdaratio": 0.2561491422,
    "operatingIncome": 42168000,
    "operatingIncomeRatio": 0.1790725327,
    "totalOtherIncomeExpensesNet": -794000,
    "incomeBeforeTax": 41374000,
    "incomeBeforeTaxRatio": 0.1757006964,
    "incomeTaxExpense": 12826000,
    "netIncome": 28548000,
    "netIncomeRatio": 0.1212332258,
    "eps": 0.31,
    "epsdiluted": 0.31,
    "weightedAverageShsOut": 92090323,
    "weightedAverageShsOutDil": 93600000,
    "link": "https://www.sec.gov/Archives/edgar/data/915913/000091591300000008/0000915913-00-000008-index.html",
    "finalLink": "https://www.sec.gov/Archives/edgar/data/915913/000091591300000008/"
  },
  {
    "date": "1999-12-31",
    "symbol": "ALB",
    "reportedCurrency": "USD",
    "cik": "0000915913",
    "fillingDate": "2000-03-22",
    "acceptedDate": "2000-03-22 00:00:00",
    "calendarYear": "1999",
    "period": "Q4",
    "revenue": 224683000,
    "costOfRevenue": 154130000,
    "grossProfit": 70553000,
    "grossProfitRatio": 0.3140112959,
    "researchAndDevelopmentExpenses": 8169000,
    "generalAndAdministrativeExpenses": 0,
    "sellingAndMarketingExpenses": 0,
    "sellingGeneralAndAdministrativeExpenses": 23543000,
    "otherExpenses": 4061000,
    "operatingExpenses": 35773000,
    "costAndExpenses": 189903000,
    "interestIncome": 0,
    "interestExpense": 0,
    "depreciationAndAmortization": 18906000,
    "ebitda": 53686000,
    "ebitdaratio": 0.2389410859,
    "operatingIncome": 34780000,
    "operatingIncomeRatio": 0.154795868,
    "totalOtherIncomeExpensesNet": -1519000,
    "incomeBeforeTax": 33261000,
    "incomeBeforeTaxRatio": 0.1480352319,
    "incomeTaxExpense": 9356000,
    "netIncome": 23905000,
    "netIncomeRatio": 0.1063943423,
    "eps": 0,
    "epsdiluted": 0,
    "weightedAverageShsOut": 92090323,
    "weightedAverageShsOutDil": 93600000,
    "link": "https://www.sec.gov/Archives/edgar/data/915913/000091591300000003/0000915913-00-000003-index.html",
    "finalLink": "https://www.sec.gov/Archives/edgar/data/915913/000091591300000003/"
  },
  {
    "date": "1999-09-30",
    "symbol": "ALB",
    "reportedCurrency": "USD",
    "cik": "0000915913",
    "fillingDate": "1999-11-05",
    "acceptedDate": "1999-11-05 00:00:00",
    "calendarYear": "1999",
    "period": "Q3",
    "revenue": 212086000,
    "costOfRevenue": 150923000,
    "grossProfit": 61163000,
    "grossProfitRatio": 0.2883877295,
    "researchAndDevelopmentExpenses": 8603000,
    "generalAndAdministrativeExpenses": 0,
    "sellingAndMarketingExpenses": 0,
    "sellingGeneralAndAdministrativeExpenses": 26558000,
    "otherExpenses": 852000,
    "operatingExpenses": 36013000,
    "costAndExpenses": 186936000,
    "interestIncome": 0,
    "interestExpense": 0,
    "depreciationAndAmortization": 19044000,
    "ebitda": 44194000,
    "ebitdaratio": 0.2083777336,
    "operatingIncome": 25150000,
    "operatingIncomeRatio": 0.1185839707,
    "totalOtherIncomeExpensesNet": -1584000,
    "incomeBeforeTax": 23566000,
    "incomeBeforeTaxRatio": 0.1111153023,
    "incomeTaxExpense": 6427000,
    "netIncome": 17139000,
    "netIncomeRatio": 0.0808115576,
    "eps": 0.19,
    "epsdiluted": 0.18,
    "weightedAverageShsOut": 93898000,
    "weightedAverageShsOutDil": 94950000,
    "link": "https://www.sec.gov/Archives/edgar/data/915913/000091591399000018/0000915913-99-000018-index.html",
    "finalLink": "https://www.sec.gov/Archives/edgar/data/915913/000091591399000018/"
  },
  {
    "date": "1999-06-30",
    "symbol": "ALB",
    "reportedCurrency": "USD",
    "cik": "0000915913",
    "fillingDate": "1999-08-05",
    "acceptedDate": "1999-08-05 00:00:00",
    "calendarYear": "1999",
    "period": "Q2",
    "revenue": 200811000,
    "costOfRevenue": 141441000,
    "grossProfit": 59370000,
    "grossProfitRatio": 0.2956511346,
    "researchAndDevelopmentExpenses": 9093000,
    "generalAndAdministrativeExpenses": 0,
    "sellingAndMarketingExpenses": 0,
    "sellingGeneralAndAdministrativeExpenses": 26500000,
    "otherExpenses": 19000000,
    "operatingExpenses": 54600000,
    "costAndExpenses": 177000000,
    "interestIncome": 0,
    "interestExpense": 0,
    "depreciationAndAmortization": 18914000,
    "ebitda": 42800000,
    "ebitdaratio": 0.2131357346,
    "operatingIncome": 23800000,
    "operatingIncomeRatio": 0.1185194038,
    "totalOtherIncomeExpensesNet": 13500000,
    "incomeBeforeTax": 37326000,
    "incomeBeforeTaxRatio": 0.1858762717,
    "incomeTaxExpense": 12700000,
    "netIncome": 24600000,
    "netIncomeRatio": 0.1225032493,
    "eps": 0.26,
    "epsdiluted": 0.26,
    "weightedAverageShsOut": 94066000,
    "weightedAverageShsOutDil": 95462000,
    "link": "https://www.sec.gov/Archives/edgar/data/915913/000091591399000016/0000915913-99-000016-index.html",
    "finalLink": "https://www.sec.gov/Archives/edgar/data/915913/000091591399000016/"
  },
  {
    "date": "1999-03-31",
    "symbol": "ALB",
    "reportedCurrency": "USD",
    "cik": "0000915913",
    "fillingDate": "1999-05-13",
    "acceptedDate": "1999-05-13 00:00:00",
    "calendarYear": "1999",
    "period": "Q1",
    "revenue": 208345000,
    "costOfRevenue": 134886000,
    "grossProfit": 73459000,
    "grossProfitRatio": 0.3525834553,
    "researchAndDevelopmentExpenses": 8423000,
    "generalAndAdministrativeExpenses": 0,
    "sellingAndMarketingExpenses": 0,
    "sellingGeneralAndAdministrativeExpenses": 28792000,
    "otherExpenses": 0,
    "operatingExpenses": 37215000,
    "costAndExpenses": 172101000,
    "interestIncome": 0,
    "interestExpense": 0,
    "depreciationAndAmortization": 18886000,
    "ebitda": 55130000,
    "ebitdaratio": 0.2646091819,
    "operatingIncome": 36244000,
    "operatingIncomeRatio": 0.1739614582,
    "totalOtherIncomeExpensesNet": -1659000,
    "incomeBeforeTax": 34585000,
    "incomeBeforeTaxRatio": 0.1659987041,
    "incomeTaxExpense": 11413000,
    "netIncome": 23172000,
    "netIncomeRatio": 0.1112193717,
    "eps": 0.25,
    "epsdiluted": 0.25,
    "weightedAverageShsOut": 94032000,
    "weightedAverageShsOutDil": 95492000,
    "link": "https://www.sec.gov/Archives/edgar/data/915913/000091591399000008/0000915913-99-000008-index.html",
    "finalLink": "https://www.sec.gov/Archives/edgar/data/915913/"
  },
  {
    "date": "1998-12-31",
    "symbol": "ALB",
    "reportedCurrency": "USD",
    "cik": "0000915913",
    "fillingDate": "1999-03-11",
    "acceptedDate": "1999-03-11 00:00:00",
    "calendarYear": "1998",
    "period": "Q4",
    "revenue": 205418000,
    "costOfRevenue": 136121000,
    "grossProfit": 69297000,
    "grossProfitRatio": 0.337346289,
    "researchAndDevelopmentExpenses": 7809000,
    "generalAndAdministrativeExpenses": 0,
    "sellingAndMarketingExpenses": 0,
    "sellingGeneralAndAdministrativeExpenses": 26405000,
    "otherExpenses": 0,
    "operatingExpenses": 34214000,
    "costAndExpenses": 170335000,
    "interestIncome": 0,
    "interestExpense": 0,
    "depreciationAndAmortization": 19553000,
    "ebitda": 54636000,
    "ebitdaratio": 0.2659747442,
    "operatingIncome": 35083000,
    "operatingIncomeRatio": 0.1707883438,
    "totalOtherIncomeExpensesNet": -2193000,
    "incomeBeforeTax": 32890000,
    "incomeBeforeTaxRatio": 0.160112551,
    "incomeTaxExpense": 10195000,
    "netIncome": 22695000,
    "netIncomeRatio": 0.1104820415,
    "eps": 0,
    "epsdiluted": 0,
    "weightedAverageShsOut": 94032000,
    "weightedAverageShsOutDil": 95492000,
    "link": "https://www.sec.gov/Archives/edgar/data/915913/000091591399000005/0000915913-99-000005-index.html",
    "finalLink": "https://www.sec.gov/Archives/edgar/data/915913/"
  },
  {
    "date": "1998-09-30",
    "symbol": "ALB",
    "reportedCurrency": "USD",
    "cik": "0000915913",
    "fillingDate": "1998-11-10",
    "acceptedDate": "1998-11-10 00:00:00",
    "calendarYear": "1998",
    "period": "Q3",
    "revenue": 196192000,
    "costOfRevenue": 138683000,
    "grossProfit": 57509000,
    "grossProfitRatio": 0.2931261214,
    "researchAndDevelopmentExpenses": 7903000,
    "generalAndAdministrativeExpenses": 0,
    "sellingAndMarketingExpenses": 0,
    "sellingGeneralAndAdministrativeExpenses": 25400000,
    "otherExpenses": 19500000,
    "operatingExpenses": 52800000,
    "costAndExpenses": 172000000,
    "interestIncome": 0,
    "interestExpense": 0,
    "depreciationAndAmortization": 19257000,
    "ebitda": 43700000,
    "ebitdaratio": 0.2227409884,
    "operatingIncome": 24200000,
    "operatingIncomeRatio": 0.1233485565,
    "totalOtherIncomeExpensesNet": -100000,
    "incomeBeforeTax": 24041000,
    "incomeBeforeTaxRatio": 0.1225381259,
    "incomeTaxExpense": 6500000,
    "netIncome": 17600000,
    "netIncomeRatio": 0.0897080411,
    "eps": 0.17,
    "epsdiluted": 0.17,
    "weightedAverageShsOut": 106666667,
    "weightedAverageShsOutDil": 106666667,
    "link": "https://www.sec.gov/Archives/edgar/data/915913/000091591398000015/0000915913-98-000015-index.html",
    "finalLink": "https://www.sec.gov/Archives/edgar/data/915913/"
  },
  {
    "date": "1998-06-30",
    "symbol": "ALB",
    "reportedCurrency": "USD",
    "cik": "0000915913",
    "fillingDate": "1998-07-31",
    "acceptedDate": "1998-07-31 00:00:00",
    "calendarYear": "1998",
    "period": "Q2",
    "revenue": 204103000,
    "costOfRevenue": 137925000,
    "grossProfit": 66178000,
    "grossProfitRatio": 0.3242382523,
    "researchAndDevelopmentExpenses": 6889000,
    "generalAndAdministrativeExpenses": 0,
    "sellingAndMarketingExpenses": 0,
    "sellingGeneralAndAdministrativeExpenses": 27089000,
    "otherExpenses": 0,
    "operatingExpenses": 33978000,
    "costAndExpenses": 171903000,
    "interestIncome": 0,
    "interestExpense": 0,
    "depreciationAndAmortization": 18636000,
    "ebitda": 50836000,
    "ebitdaratio": 0.2490703223,
    "operatingIncome": 32200000,
    "operatingIncomeRatio": 0.1577634822,
    "totalOtherIncomeExpensesNet": -239000,
    "incomeBeforeTax": 31961000,
    "incomeBeforeTaxRatio": 0.1565925048,
    "incomeTaxExpense": 10150000,
    "netIncome": 21811000,
    "netIncomeRatio": 0.1068627115,
    "eps": 0.21,
    "epsdiluted": 0.21,
    "weightedAverageShsOut": 106138000,
    "weightedAverageShsOutDil": 107362000,
    "link": "https://www.sec.gov/Archives/edgar/data/915913/000091591398000012/0000915913-98-000012-index.html",
    "finalLink": "https://www.sec.gov/Archives/edgar/data/915913/"
  },
  {
    "date": "1998-03-31",
    "symbol": "ALB",
    "reportedCurrency": "USD",
    "cik": "0000915913",
    "fillingDate": "1998-05-05",
    "acceptedDate": "1998-05-05 00:00:00",
    "calendarYear": "1998",
    "period": "Q1",
    "revenue": 215149000,
    "costOfRevenue": 147328000,
    "grossProfit": 67821000,
    "grossProfitRatio": 0.3152280513,
    "researchAndDevelopmentExpenses": 7054000,
    "generalAndAdministrativeExpenses": 0,
    "sellingAndMarketingExpenses": 0,
    "sellingGeneralAndAdministrativeExpenses": 26575000,
    "otherExpenses": 0,
    "operatingExpenses": 33629000,
    "costAndExpenses": 180957000,
    "interestIncome": 0,
    "interestExpense": 0,
    "depreciationAndAmortization": 17607000,
    "ebitda": 51799000,
    "ebitdaratio": 0.24075873,
    "operatingIncome": 34192000,
    "operatingIncomeRatio": 0.1589224212,
    "totalOtherIncomeExpensesNet": -286000,
    "incomeBeforeTax": 33906000,
    "incomeBeforeTaxRatio": 0.1575931099,
    "incomeTaxExpense": 11257000,
    "netIncome": 22649000,
    "netIncomeRatio": 0.1052712306,
    "eps": 0.21,
    "epsdiluted": 0.21,
    "weightedAverageShsOut": 106938000,
    "weightedAverageShsOutDil": 107962000,
    "link": "https://www.sec.gov/Archives/edgar/data/915913/000091591398000007/0000915913-98-000007-index.html",
    "finalLink": "https://www.sec.gov/Archives/edgar/data/915913/"
  },
  {
    "date": "1997-12-31",
    "symbol": "ALB",
    "reportedCurrency": "USD",
    "cik": "0000915913",
    "fillingDate": "1998-03-20",
    "acceptedDate": "1998-03-20 00:00:00",
    "calendarYear": "1997",
    "period": "Q4",
    "revenue": 216670000,
    "costOfRevenue": 152335000,
    "grossProfit": 64335000,
    "grossProfitRatio": 0.2969262011,
    "researchAndDevelopmentExpenses": 8512000,
    "generalAndAdministrativeExpenses": 0,
    "sellingAndMarketingExpenses": 0,
    "sellingGeneralAndAdministrativeExpenses": 27219000,
    "otherExpenses": 0,
    "operatingExpenses": 35731000,
    "costAndExpenses": 188066000,
    "interestIncome": 0,
    "interestExpense": 0,
    "depreciationAndAmortization": 18327000,
    "ebitda": 46931000,
    "ebitdaratio": 0.2166012831,
    "operatingIncome": 28604000,
    "operatingIncomeRatio": 0.1320164305,
    "totalOtherIncomeExpensesNet": -82000,
    "incomeBeforeTax": 28522000,
    "incomeBeforeTaxRatio": 0.1316379748,
    "incomeTaxExpense": 7628000,
    "netIncome": 20894000,
    "netIncomeRatio": 0.0964323626,
    "eps": 0,
    "epsdiluted": 0,
    "weightedAverageShsOut": 106938000,
    "weightedAverageShsOutDil": 107962000,
    "link": "https://www.sec.gov/Archives/edgar/data/915913/000091591398000004/0000915913-98-000004-index.html",
    "finalLink": "https://www.sec.gov/Archives/edgar/data/915913/"
  },
  {
    "date": "1997-09-30",
    "symbol": "ALB",
    "reportedCurrency": "USD",
    "cik": "0000915913",
    "fillingDate": "1997-11-12",
    "acceptedDate": "1997-11-12 00:00:00",
    "calendarYear": "1997",
    "period": "Q3",
    "revenue": 207111000,
    "costOfRevenue": 144191000,
    "grossProfit": 62920000,
    "grossProfitRatio": 0.3037984462,
    "researchAndDevelopmentExpenses": 7709000,
    "generalAndAdministrativeExpenses": 0,
    "sellingAndMarketingExpenses": 0,
    "sellingGeneralAndAdministrativeExpenses": 27786000,
    "otherExpenses": 0,
    "operatingExpenses": 35495000,
    "costAndExpenses": 179686000,
    "interestIncome": 0,
    "interestExpense": 0,
    "depreciationAndAmortization": 17110000,
    "ebitda": 44535000,
    "ebitdaratio": 0.2150296218,
    "operatingIncome": 27425000,
    "operatingIncomeRatio": 0.1324169165,
    "totalOtherIncomeExpensesNet": 166000,
    "incomeBeforeTax": 27591000,
    "incomeBeforeTaxRatio": 0.1332184191,
    "incomeTaxExpense": 9043000,
    "netIncome": 18548000,
    "netIncomeRatio": 0.089555842,
    "eps": 0.17,
    "epsdiluted": 0.17,
    "weightedAverageShsOut": 111820000,
    "weightedAverageShsOutDil": 111820000,
    "link": "https://www.sec.gov/Archives/edgar/data/915913/000091591397000009/0000915913-97-000009-index.html",
    "finalLink": "https://www.sec.gov/Archives/edgar/data/915913/"
  },
  {
    "date": "1997-06-30",
    "symbol": "ALB",
    "reportedCurrency": "USD",
    "cik": "0000915913",
    "fillingDate": "1997-08-08",
    "acceptedDate": "1997-08-08 00:00:00",
    "calendarYear": "1997",
    "period": "Q2",
    "revenue": 207675000,
    "costOfRevenue": 139866000,
    "grossProfit": 67809000,
    "grossProfitRatio": 0.3265149874,
    "researchAndDevelopmentExpenses": 7828000,
    "generalAndAdministrativeExpenses": 0,
    "sellingAndMarketingExpenses": 0,
    "sellingGeneralAndAdministrativeExpenses": 27669000,
    "otherExpenses": 0,
    "operatingExpenses": 35497000,
    "costAndExpenses": 175363000,
    "interestIncome": 0,
    "interestExpense": 0,
    "depreciationAndAmortization": 17510000,
    "ebitda": 49822000,
    "ebitdaratio": 0.2399036957,
    "operatingIncome": 32312000,
    "operatingIncomeRatio": 0.1555892621,
    "totalOtherIncomeExpensesNet": 249000,
    "incomeBeforeTax": 32561000,
    "incomeBeforeTaxRatio": 0.1567882509,
    "incomeTaxExpense": 12198000,
    "netIncome": 20363000,
    "netIncomeRatio": 0.0980522451,
    "eps": 0.19,
    "epsdiluted": 0.19,
    "weightedAverageShsOut": 111198000,
    "weightedAverageShsOutDil": 111198000,
    "link": "https://www.sec.gov/Archives/edgar/data/915913/000091591397000006/0000915913-97-000006-index.html",
    "finalLink": "https://www.sec.gov/Archives/edgar/data/915913/"
  },
  {
    "date": "1997-03-31",
    "symbol": "ALB",
    "reportedCurrency": "USD",
    "cik": "0000915913",
    "fillingDate": "1997-05-06",
    "acceptedDate": "1997-05-06 00:00:00",
    "calendarYear": "1997",
    "period": "Q1",
    "revenue": 198394000,
    "costOfRevenue": 132032000,
    "grossProfit": 66362000,
    "grossProfitRatio": 0.3344960029,
    "researchAndDevelopmentExpenses": 7397000,
    "generalAndAdministrativeExpenses": 0,
    "sellingAndMarketingExpenses": 0,
    "sellingGeneralAndAdministrativeExpenses": 26599000,
    "otherExpenses": 0,
    "operatingExpenses": 33996000,
    "costAndExpenses": 166028000,
    "interestIncome": 0,
    "interestExpense": 0,
    "depreciationAndAmortization": 16097000,
    "ebitda": 48463000,
    "ebitdaratio": 0.2442765406,
    "operatingIncome": 32366000,
    "operatingIncomeRatio": 0.1631400143,
    "totalOtherIncomeExpensesNet": -135000,
    "incomeBeforeTax": 32231000,
    "incomeBeforeTaxRatio": 0.1624595502,
    "incomeTaxExpense": 12054000,
    "netIncome": 20177000,
    "netIncomeRatio": 0.1017016644,
    "eps": 0.18,
    "epsdiluted": 0.18,
    "weightedAverageShsOut": 111070000,
    "weightedAverageShsOutDil": 111070000,
    "link": "https://www.sec.gov/Archives/edgar/data/915913/000091591397000003/0000915913-97-000003-index.html",
    "finalLink": "https://www.sec.gov/Archives/edgar/data/915913/"
  },
  {
    "date": "1996-12-31",
    "symbol": "ALB",
    "reportedCurrency": "USD",
    "cik": "0000915913",
    "fillingDate": "1997-03-27",
    "acceptedDate": "1997-03-27 00:00:00",
    "calendarYear": "1996",
    "period": "Q4",
    "revenue": 204495000,
    "costOfRevenue": 137011000,
    "grossProfit": 67484000,
    "grossProfitRatio": 0.3300031786,
    "researchAndDevelopmentExpenses": 8125000,
    "generalAndAdministrativeExpenses": 0,
    "sellingAndMarketingExpenses": 0,
    "sellingGeneralAndAdministrativeExpenses": 30824000,
    "otherExpenses": 0,
    "operatingExpenses": 38949000,
    "costAndExpenses": 175960000,
    "interestIncome": 0,
    "interestExpense": 0,
    "depreciationAndAmortization": 16840000,
    "ebitda": 45375000,
    "ebitdaratio": 0.2218880657,
    "operatingIncome": 28535000,
    "operatingIncomeRatio": 0.139538864,
    "totalOtherIncomeExpensesNet": 40000,
    "incomeBeforeTax": 28575000,
    "incomeBeforeTaxRatio": 0.1397344678,
    "incomeTaxExpense": 10662000,
    "netIncome": 17913000,
    "netIncomeRatio": 0.0875962737,
    "eps": 0,
    "epsdiluted": 0,
    "weightedAverageShsOut": 110984413,
    "weightedAverageShsOutDil": 111070000,
    "link": "https://www.sec.gov/Archives/edgar/data/915913/000091664197000256/0000916641-97-000256-index.html",
    "finalLink": "https://www.sec.gov/Archives/edgar/data/915913/"
  },
  {
    "date": "1996-09-30",
    "symbol": "ALB",
    "reportedCurrency": "USD",
    "cik": "0000915913",
    "fillingDate": "1996-11-05",
    "acceptedDate": "1996-11-05 00:00:00",
    "calendarYear": "1996",
    "period": "Q3",
    "revenue": 183776000,
    "costOfRevenue": 139016000,
    "grossProfit": 44760000,
    "grossProfitRatio": 0.2435573742,
    "researchAndDevelopmentExpenses": 8480000,
    "generalAndAdministrativeExpenses": 0,
    "sellingAndMarketingExpenses": 0,
    "sellingGeneralAndAdministrativeExpenses": 25200000,
    "otherExpenses": 17400000,
    "operatingExpenses": 51100000,
    "costAndExpenses": 172700000,
    "interestIncome": 0,
    "interestExpense": 0,
    "depreciationAndAmortization": 17400000,
    "ebitda": 28500000,
    "ebitdaratio": 0.1550800975,
    "operatingIncome": 11100000,
    "operatingIncomeRatio": 0.0603996169,
    "totalOtherIncomeExpensesNet": -100000,
    "incomeBeforeTax": 11016000,
    "incomeBeforeTaxRatio": 0.0599425387,
    "incomeTaxExpense": 3100000,
    "netIncome": 7900000,
    "netIncomeRatio": 0.0429871147,
    "eps": 0.07,
    "epsdiluted": 0.07,
    "weightedAverageShsOut": 112857143,
    "weightedAverageShsOutDil": 112857143,
    "link": "https://www.sec.gov/Archives/edgar/data/915913/000091591396000013/0000915913-96-000013-index.html",
    "finalLink": "https://www.sec.gov/Archives/edgar/data/915913/"
  },
  {
    "date": "1996-06-30",
    "symbol": "ALB",
    "reportedCurrency": "USD",
    "cik": "0000915913",
    "fillingDate": "1996-08-13",
    "acceptedDate": "1996-08-13 00:00:00",
    "calendarYear": "1996",
    "period": "Q2",
    "revenue": 196039000,
    "costOfRevenue": 139266000,
    "grossProfit": 56773000,
    "grossProfitRatio": 0.2896005387,
    "researchAndDevelopmentExpenses": 6711000,
    "generalAndAdministrativeExpenses": 0,
    "sellingAndMarketingExpenses": 0,
    "sellingGeneralAndAdministrativeExpenses": 29700000,
    "otherExpenses": 16200000,
    "operatingExpenses": 52600000,
    "costAndExpenses": 175700000,
    "interestIncome": 0,
    "interestExpense": 0,
    "depreciationAndAmortization": 16200000,
    "ebitda": 36500000,
    "ebitdaratio": 0.1861874423,
    "operatingIncome": 20300000,
    "operatingIncomeRatio": 0.1035508241,
    "totalOtherIncomeExpensesNet": 1600000,
    "incomeBeforeTax": 21965000,
    "incomeBeforeTaxRatio": 0.1120440321,
    "incomeTaxExpense": 7300000,
    "netIncome": 14600000,
    "netIncomeRatio": 0.0744749769,
    "eps": 0.13,
    "epsdiluted": 0.13,
    "weightedAverageShsOut": 112307692,
    "weightedAverageShsOutDil": 112307692,
    "link": "https://www.sec.gov/Archives/edgar/data/915913/000091591396000009/0000915913-96-000009-index.html",
    "finalLink": "https://www.sec.gov/Archives/edgar/data/915913/"
  },
  {
    "date": "1996-03-31",
    "symbol": "ALB",
    "reportedCurrency": "USD",
    "cik": "0000915913",
    "fillingDate": "1996-05-10",
    "acceptedDate": "1996-05-10 00:00:00",
    "calendarYear": "1996",
    "period": "Q1",
    "revenue": 270171000,
    "costOfRevenue": 196060000,
    "grossProfit": 74111000,
    "grossProfitRatio": 0.2743114546,
    "researchAndDevelopmentExpenses": 7126000,
    "generalAndAdministrativeExpenses": 0,
    "sellingAndMarketingExpenses": 0,
    "sellingGeneralAndAdministrativeExpenses": 33500000,
    "otherExpenses": 20600000,
    "operatingExpenses": 61200000,
    "costAndExpenses": 236700000,
    "interestIncome": 0,
    "interestExpense": 0,
    "depreciationAndAmortization": 20600000,
    "ebitda": 54100000,
    "ebitdaratio": 0.2002435495,
    "operatingIncome": 33500000,
    "operatingIncomeRatio": 0.1239955436,
    "totalOtherIncomeExpensesNet": 158000000,
    "incomeBeforeTax": 191523000,
    "incomeBeforeTaxRatio": 0.7088954773,
    "incomeTaxExpense": 75900000,
    "netIncome": 115600000,
    "netIncomeRatio": 0.4278771593,
    "eps": 0.87,
    "epsdiluted": 0.87,
    "weightedAverageShsOut": 133641618,
    "weightedAverageShsOutDil": 133641618,
    "link": "https://www.sec.gov/Archives/edgar/data/915913/000091591396000006/0000915913-96-000006-index.html",
    "finalLink": "https://www.sec.gov/Archives/edgar/data/915913/"
  },
  {
    "date": "1995-12-31",
    "symbol": "ALB",
    "reportedCurrency": "USD",
    "cik": "0000915913",
    "fillingDate": "1995-12-31",
    "acceptedDate": "1995-12-31 00:00:00",
    "calendarYear": "1995",
    "period": "Q4",
    "revenue": 296000000,
    "costOfRevenue": 200100000,
    "grossProfit": 95900000,
    "grossProfitRatio": 0.3239864865,
    "researchAndDevelopmentExpenses": 8600000,
    "generalAndAdministrativeExpenses": 0,
    "sellingAndMarketingExpenses": 0,
    "sellingGeneralAndAdministrativeExpenses": 31600000,
    "otherExpenses": 24500000,
    "operatingExpenses": 64700000,
    "costAndExpenses": 264800000,
    "interestIncome": 0,
    "interestExpense": 0,
    "depreciationAndAmortization": 24500000,
    "ebitda": 55700000,
    "ebitdaratio": 0.1881756757,
    "operatingIncome": 31200000,
    "operatingIncomeRatio": 0.1054054054,
    "totalOtherIncomeExpensesNet": 17900000,
    "incomeBeforeTax": 49100000,
    "incomeBeforeTaxRatio": 0.1658783784,
    "incomeTaxExpense": 20200000,
    "netIncome": 28900000,
    "netIncomeRatio": 0.0976351351,
    "eps": 0,
    "epsdiluted": 0,
    "weightedAverageShsOut": 130439762,
    "weightedAverageShsOutDil": 133326000,
    "link": null,
    "finalLink": null
  },
  {
    "date": "1995-09-30",
    "symbol": "ALB",
    "reportedCurrency": "USD",
    "cik": "0000915913",
    "fillingDate": "1995-09-30",
    "acceptedDate": "1995-09-30 00:00:00",
    "calendarYear": "1995",
    "period": "Q3",
    "revenue": 315200000,
    "costOfRevenue": 219100000,
    "grossProfit": 96100000,
    "grossProfitRatio": 0.3048857868,
    "researchAndDevelopmentExpenses": 6600000,
    "generalAndAdministrativeExpenses": 0,
    "sellingAndMarketingExpenses": 0,
    "sellingGeneralAndAdministrativeExpenses": 34100000,
    "otherExpenses": 22700000,
    "operatingExpenses": 63400000,
    "costAndExpenses": 282500000,
    "interestIncome": 0,
    "interestExpense": 0,
    "depreciationAndAmortization": 22700000,
    "ebitda": 55400000,
    "ebitdaratio": 0.1757614213,
    "operatingIncome": 32700000,
    "operatingIncomeRatio": 0.1037436548,
    "totalOtherIncomeExpensesNet": 2900000,
    "incomeBeforeTax": 35600000,
    "incomeBeforeTaxRatio": 0.1129441624,
    "incomeTaxExpense": 13400000,
    "netIncome": 22200000,
    "netIncomeRatio": 0.0704314721,
    "eps": 0.17,
    "epsdiluted": 0.17,
    "weightedAverageShsOut": 134545455,
    "weightedAverageShsOutDil": 134545455,
    "link": null,
    "finalLink": null
  }
]