[
  {
    "date": "2024-12-31",
    "symbol": "ALGN",
    "reportedCurrency": "USD",
    "cik": "0001097149",
    "fillingDate": "2025-02-28",
    "acceptedDate": "2025-02-28 07:03:45",
    "calendarYear": "2024",
    "period": "FY",
    "revenue": 3999012000,
    "costOfRevenue": 1199853000,
    "grossProfit": 2799159000,
    "grossProfitRatio": 0.6999626408,
    "researchAndDevelopmentExpenses": 364202000,
    "generalAndAdministrativeExpenses": 1578193000,
    "sellingAndMarketingExpenses": 185000000,
    "sellingGeneralAndAdministrativeExpenses": 1763193000,
    "otherExpenses": 64136000,
    "operatingExpenses": 2191531000,
    "costAndExpenses": 3391384000,
    "interestIncome": 20218000,
    "interestExpense": 0,
    "depreciationAndAmortization": 145034000,
    "ebitda": 816798000,
    "ebitdaratio": 0.2042499497,
    "operatingIncome": 607628000,
    "operatingIncomeRatio": 0.1519445303,
    "totalOtherIncomeExpensesNet": 1331000,
    "incomeBeforeTax": 608959000,
    "incomeBeforeTaxRatio": 0.1522773625,
    "incomeTaxExpense": 187597000,
    "netIncome": 421362000,
    "netIncomeRatio": 0.1053665255,
    "eps": 5.63,
    "epsdiluted": 5.62,
    "weightedAverageShsOut": 74877000,
    "weightedAverageShsOutDil": 74993000,
    "link": "https://www.sec.gov/Archives/edgar/data/1097149/000109714925000012/0001097149-25-000012-index.htm",
    "finalLink": "https://www.sec.gov/Archives/edgar/data/1097149/000109714925000012/algn-20241231.htm"
  },
  {
    "date": "2023-12-31",
    "symbol": "ALGN",
    "reportedCurrency": "USD",
    "cik": "0001097149",
    "fillingDate": "2024-02-28",
    "acceptedDate": "2024-02-28 17:13:47",
    "calendarYear": "2023",
    "period": "FY",
    "revenue": 3862260000,
    "costOfRevenue": 1155397000,
    "grossProfit": 2706863000,
    "grossProfitRatio": 0.7008495026,
    "researchAndDevelopmentExpenses": 346830000,
    "generalAndAdministrativeExpenses": 0,
    "sellingAndMarketingExpenses": 0,
    "sellingGeneralAndAdministrativeExpenses": 1703379000,
    "otherExpenses": 13316000,
    "operatingExpenses": 2063525000,
    "costAndExpenses": 3218922000,
    "interestIncome": 17258000,
    "interestExpense": 0,
    "depreciationAndAmortization": 142401000,
    "ebitda": 799055000,
    "ebitdaratio": 0.2068879361,
    "operatingIncome": 643338000,
    "operatingIncomeRatio": 0.16657035,
    "totalOtherIncomeExpensesNet": -2134000,
    "incomeBeforeTax": 641204000,
    "incomeBeforeTaxRatio": 0.1660178238,
    "incomeTaxExpense": 196151000,
    "netIncome": 445053000,
    "netIncomeRatio": 0.1152312377,
    "eps": 5.82,
    "epsdiluted": 5.81,
    "weightedAverageShsOut": 76426000,
    "weightedAverageShsOutDil": 76568000,
    "link": "https://www.sec.gov/Archives/edgar/data/1097149/000109714924000011/0001097149-24-000011-index.htm",
    "finalLink": "https://www.sec.gov/Archives/edgar/data/1097149/000109714924000011/algn-20231231.htm"
  },
  {
    "date": "2022-12-31",
    "symbol": "ALGN",
    "reportedCurrency": "USD",
    "cik": "0001097149",
    "fillingDate": "2023-02-27",
    "acceptedDate": "2023-02-27 16:05:31",
    "calendarYear": "2022",
    "period": "FY",
    "revenue": 3734635000,
    "costOfRevenue": 1100860000,
    "grossProfit": 2633775000,
    "grossProfitRatio": 0.7052295606,
    "researchAndDevelopmentExpenses": 305258000,
    "generalAndAdministrativeExpenses": 0,
    "sellingAndMarketingExpenses": 0,
    "sellingGeneralAndAdministrativeExpenses": 1674469000,
    "otherExpenses": 11453000,
    "operatingExpenses": 1991180000,
    "costAndExpenses": 3092040000,
    "interestIncome": 5367000,
    "interestExpense": 0,
    "depreciationAndAmortization": 125793000,
    "ebitda": 779841000,
    "ebitdaratio": 0.2088131772,
    "operatingIncome": 642595000,
    "operatingIncomeRatio": 0.1720636689,
    "totalOtherIncomeExpensesNet": -43538000,
    "incomeBeforeTax": 599057000,
    "incomeBeforeTaxRatio": 0.1604057692,
    "incomeTaxExpense": 237484000,
    "netIncome": 361573000,
    "netIncomeRatio": 0.0968161547,
    "eps": 4.62,
    "epsdiluted": 4.61,
    "weightedAverageShsOut": 78190000,
    "weightedAverageShsOutDil": 78420000,
    "link": "https://www.sec.gov/Archives/edgar/data/1097149/000109714923000013/0001097149-23-000013-index.htm",
    "finalLink": "https://www.sec.gov/Archives/edgar/data/1097149/000109714923000013/algn-20221231.htm"
  },
  {
    "date": "2021-12-31",
    "symbol": "ALGN",
    "reportedCurrency": "USD",
    "cik": "0001097149",
    "fillingDate": "2022-02-25",
    "acceptedDate": "2022-02-25 16:03:58",
    "calendarYear": "2021",
    "period": "FY",
    "revenue": 3952584000,
    "costOfRevenue": 1017229000,
    "grossProfit": 2935355000,
    "grossProfitRatio": 0.7426420286,
    "researchAndDevelopmentExpenses": 250315000,
    "generalAndAdministrativeExpenses": 0,
    "sellingAndMarketingExpenses": 0,
    "sellingGeneralAndAdministrativeExpenses": 1708640000,
    "otherExpenses": 0,
    "operatingExpenses": 1958955000,
    "costAndExpenses": 2976184000,
    "interestIncome": 3103000,
    "interestExpense": 0,
    "depreciationAndAmortization": 108729000,
    "ebitda": 1085129000,
    "ebitdaratio": 0.2745366069,
    "operatingIncome": 976400000,
    "operatingIncomeRatio": 0.2470282731,
    "totalOtherIncomeExpensesNet": 36023000,
    "incomeBeforeTax": 1012423000,
    "incomeBeforeTaxRatio": 0.256142058,
    "incomeTaxExpense": 240403000,
    "netIncome": 772020000,
    "netIncomeRatio": 0.1953203272,
    "eps": 9.78,
    "epsdiluted": 9.69,
    "weightedAverageShsOut": 78917000,
    "weightedAverageShsOutDil": 79670000,
    "link": "https://www.sec.gov/Archives/edgar/data/1097149/000109714922000011/0001097149-22-000011-index.htm",
    "finalLink": "https://www.sec.gov/Archives/edgar/data/1097149/000109714922000011/algn-20211231.htm"
  },
  {
    "date": "2020-12-31",
    "symbol": "ALGN",
    "reportedCurrency": "USD",
    "cik": "0001097149",
    "fillingDate": "2021-02-26",
    "acceptedDate": "2021-02-26 16:08:39",
    "calendarYear": "2020",
    "period": "FY",
    "revenue": 2471941000,
    "costOfRevenue": 708706000,
    "grossProfit": 1763235000,
    "grossProfitRatio": 0.7132997915,
    "researchAndDevelopmentExpenses": 175307000,
    "generalAndAdministrativeExpenses": 0,
    "sellingAndMarketingExpenses": 0,
    "sellingGeneralAndAdministrativeExpenses": 1200757000,
    "otherExpenses": 0,
    "operatingExpenses": 1376064000,
    "costAndExpenses": 2084770000,
    "interestIncome": 3125000,
    "interestExpense": 0,
    "depreciationAndAmortization": 93538000,
    "ebitda": 480709000,
    "ebitdaratio": 0.194466211,
    "operatingIncome": 387171000,
    "operatingIncomeRatio": 0.1566263111,
    "totalOtherIncomeExpensesNet": -8222000,
    "incomeBeforeTax": 378949000,
    "incomeBeforeTaxRatio": 0.1533001799,
    "incomeTaxExpense": -1396939000,
    "netIncome": 1775888000,
    "netIncomeRatio": 0.7184184412,
    "eps": 22.55,
    "epsdiluted": 22.41,
    "weightedAverageShsOut": 78760000,
    "weightedAverageShsOutDil": 79230000,
    "link": "https://www.sec.gov/Archives/edgar/data/1097149/000109714921000007/0001097149-21-000007-index.htm",
    "finalLink": "https://www.sec.gov/Archives/edgar/data/1097149/000109714921000007/algn-20201231.htm"
  },
  {
    "date": "2019-12-31",
    "symbol": "ALGN",
    "reportedCurrency": "USD",
    "cik": "0001097149",
    "fillingDate": "2020-02-28",
    "acceptedDate": "2020-02-28 16:17:53",
    "calendarYear": "2019",
    "period": "FY",
    "revenue": 2406796000,
    "costOfRevenue": 662899000,
    "grossProfit": 1743897000,
    "grossProfitRatio": 0.7245720036,
    "researchAndDevelopmentExpenses": 157361000,
    "generalAndAdministrativeExpenses": 0,
    "sellingAndMarketingExpenses": 0,
    "sellingGeneralAndAdministrativeExpenses": 1072053000,
    "otherExpenses": -28010000,
    "operatingExpenses": 1201404000,
    "costAndExpenses": 1864303000,
    "interestIncome": 12482000,
    "interestExpense": 0,
    "depreciationAndAmortization": 78990000,
    "ebitda": 593473000,
    "ebitdaratio": 0.2465821781,
    "operatingIncome": 542493000,
    "operatingIncomeRatio": 0.2254004909,
    "totalOtherIncomeExpensesNet": 12630000,
    "incomeBeforeTax": 555123000,
    "incomeBeforeTaxRatio": 0.2306481314,
    "incomeTaxExpense": 112347000,
    "netIncome": 442776000,
    "netIncomeRatio": 0.1839690609,
    "eps": 5.57,
    "epsdiluted": 5.53,
    "weightedAverageShsOut": 79424000,
    "weightedAverageShsOutDil": 80100000,
    "link": "https://www.sec.gov/Archives/edgar/data/1097149/000109714920000008/0001097149-20-000008-index.htm",
    "finalLink": "https://www.sec.gov/Archives/edgar/data/1097149/000109714920000008/algn-20191231x10k.htm"
  },
  {
    "date": "2018-12-31",
    "symbol": "ALGN",
    "reportedCurrency": "USD",
    "cik": "0001097149",
    "fillingDate": "2019-02-28",
    "acceptedDate": "2019-02-28 09:04:23",
    "calendarYear": "2018",
    "period": "FY",
    "revenue": 1966492000,
    "costOfRevenue": 518625000,
    "grossProfit": 1447867000,
    "grossProfitRatio": 0.73626895,
    "researchAndDevelopmentExpenses": 128899000,
    "generalAndAdministrativeExpenses": 0,
    "sellingAndMarketingExpenses": 0,
    "sellingGeneralAndAdministrativeExpenses": 852404000,
    "otherExpenses": 0,
    "operatingExpenses": 981303000,
    "costAndExpenses": 1499928000,
    "interestIncome": 8576000,
    "interestExpense": 0,
    "depreciationAndAmortization": 54727000,
    "ebitda": 521291000,
    "ebitdaratio": 0.2650867636,
    "operatingIncome": 466564000,
    "operatingIncomeRatio": 0.2372570038,
    "totalOtherIncomeExpensesNet": -8606000,
    "incomeBeforeTax": 457958000,
    "incomeBeforeTaxRatio": 0.232880683,
    "incomeTaxExpense": 57723000,
    "netIncome": 400235000,
    "netIncomeRatio": 0.203527398,
    "eps": 5,
    "epsdiluted": 4.92,
    "weightedAverageShsOut": 80064000,
    "weightedAverageShsOutDil": 81357000,
    "link": "https://www.sec.gov/Archives/edgar/data/1097149/000109714919000009/0001097149-19-000009-index.htm",
    "finalLink": "https://www.sec.gov/Archives/edgar/data/1097149/000109714919000009/algn-20181231x10k.htm"
  },
  {
    "date": "2017-12-31",
    "symbol": "ALGN",
    "reportedCurrency": "USD",
    "cik": "0001097149",
    "fillingDate": "2018-02-28",
    "acceptedDate": "2018-02-28 16:03:20",
    "calendarYear": "2017",
    "period": "FY",
    "revenue": 1473413000,
    "costOfRevenue": 356466000,
    "grossProfit": 1116947000,
    "grossProfitRatio": 0.758067833,
    "researchAndDevelopmentExpenses": 97559000,
    "generalAndAdministrativeExpenses": 0,
    "sellingAndMarketingExpenses": 0,
    "sellingGeneralAndAdministrativeExpenses": 665777000,
    "otherExpenses": 0,
    "operatingExpenses": 763336000,
    "costAndExpenses": 1119802000,
    "interestIncome": 6948000,
    "interestExpense": 0,
    "depreciationAndAmortization": 37739000,
    "ebitda": 391350000,
    "ebitdaratio": 0.2656078099,
    "operatingIncome": 353611000,
    "operatingIncomeRatio": 0.239994489,
    "totalOtherIncomeExpensesNet": 11188000,
    "incomeBeforeTax": 364799000,
    "incomeBeforeTaxRatio": 0.2475877436,
    "incomeTaxExpense": 130162000,
    "netIncome": 231418000,
    "netIncomeRatio": 0.157062548,
    "eps": 2.89,
    "epsdiluted": 2.83,
    "weightedAverageShsOut": 80085000,
    "weightedAverageShsOutDil": 81832000,
    "link": "https://www.sec.gov/Archives/edgar/data/1097149/000109714918000010/0001097149-18-000010-index.htm",
    "finalLink": "https://www.sec.gov/Archives/edgar/data/1097149/000109714918000010/algn-20171231x10k.htm"
  },
  {
    "date": "2016-12-31",
    "symbol": "ALGN",
    "reportedCurrency": "USD",
    "cik": "0001097149",
    "fillingDate": "2017-02-28",
    "acceptedDate": "2017-02-28 16:21:32",
    "calendarYear": "2016",
    "period": "FY",
    "revenue": 1079874000,
    "costOfRevenue": 264580000,
    "grossProfit": 815294000,
    "grossProfitRatio": 0.754989934,
    "researchAndDevelopmentExpenses": 75720000,
    "generalAndAdministrativeExpenses": 0,
    "sellingAndMarketingExpenses": 0,
    "sellingGeneralAndAdministrativeExpenses": 490653000,
    "otherExpenses": 0,
    "operatingExpenses": 566373000,
    "costAndExpenses": 830953000,
    "interestIncome": 4213000,
    "interestExpense": 0,
    "depreciationAndAmortization": 24002000,
    "ebitda": 272923000,
    "ebitdaratio": 0.2527359673,
    "operatingIncome": 248921000,
    "operatingIncomeRatio": 0.2305093002,
    "totalOtherIncomeExpensesNet": -6355000,
    "incomeBeforeTax": 242566000,
    "incomeBeforeTaxRatio": 0.2246243543,
    "incomeTaxExpense": 51200000,
    "netIncome": 189682000,
    "netIncomeRatio": 0.1756519742,
    "eps": 2.38,
    "epsdiluted": 2.33,
    "weightedAverageShsOut": 79856000,
    "weightedAverageShsOutDil": 81484000,
    "link": "https://www.sec.gov/Archives/edgar/data/1097149/000109714917000009/0001097149-17-000009-index.htm",
    "finalLink": "https://www.sec.gov/Archives/edgar/data/1097149/000109714917000009/algn-20161231x10k.htm"
  },
  {
    "date": "2015-12-31",
    "symbol": "ALGN",
    "reportedCurrency": "USD",
    "cik": "0001097149",
    "fillingDate": "2016-02-25",
    "acceptedDate": "2016-02-25 17:25:10",
    "calendarYear": "2015",
    "period": "FY",
    "revenue": 845486000,
    "costOfRevenue": 205376000,
    "grossProfit": 640110000,
    "grossProfitRatio": 0.7570911878,
    "researchAndDevelopmentExpenses": 61237000,
    "generalAndAdministrativeExpenses": 0,
    "sellingAndMarketingExpenses": 0,
    "sellingGeneralAndAdministrativeExpenses": 390239000,
    "otherExpenses": 0,
    "operatingExpenses": 451476000,
    "costAndExpenses": 656852000,
    "interestIncome": 0,
    "interestExpense": 0,
    "depreciationAndAmortization": 18004000,
    "ebitda": 206638000,
    "ebitdaratio": 0.2444014448,
    "operatingIncome": 188634000,
    "operatingIncomeRatio": 0.2231071833,
    "totalOtherIncomeExpensesNet": -2533000,
    "incomeBeforeTax": 186101000,
    "incomeBeforeTaxRatio": 0.2201112733,
    "incomeTaxExpense": 42081000,
    "netIncome": 144020000,
    "netIncomeRatio": 0.1703398992,
    "eps": 1.8,
    "epsdiluted": 1.77,
    "weightedAverageShsOut": 79998000,
    "weightedAverageShsOutDil": 81521000,
    "link": "https://www.sec.gov/Archives/edgar/data/1097149/000109714916000031/0001097149-16-000031-index.htm",
    "finalLink": "https://www.sec.gov/Archives/edgar/data/1097149/000109714916000031/algn-20151231x10k.htm"
  },
  {
    "date": "2014-12-31",
    "symbol": "ALGN",
    "reportedCurrency": "USD",
    "cik": "0001097149",
    "fillingDate": "2015-02-26",
    "acceptedDate": "2015-02-26 17:12:02",
    "calendarYear": "2014",
    "period": "FY",
    "revenue": 761653000,
    "costOfRevenue": 183210000,
    "grossProfit": 578443000,
    "grossProfitRatio": 0.7594573907,
    "researchAndDevelopmentExpenses": 52799000,
    "generalAndAdministrativeExpenses": 114806000,
    "sellingAndMarketingExpenses": 217262000,
    "sellingGeneralAndAdministrativeExpenses": 332068000,
    "otherExpenses": 0,
    "operatingExpenses": 384867000,
    "costAndExpenses": 568077000,
    "interestIncome": 0,
    "interestExpense": 0,
    "depreciationAndAmortization": 17856000,
    "ebitda": 211432000,
    "ebitdaratio": 0.2775962282,
    "operatingIncome": 193576000,
    "operatingIncomeRatio": 0.2541524815,
    "totalOtherIncomeExpensesNet": -3207000,
    "incomeBeforeTax": 190369000,
    "incomeBeforeTaxRatio": 0.2499419027,
    "incomeTaxExpense": 44537000,
    "netIncome": 145832000,
    "netIncomeRatio": 0.1914677681,
    "eps": 1.81,
    "epsdiluted": 1.77,
    "weightedAverageShsOut": 80754000,
    "weightedAverageShsOutDil": 82283000,
    "link": "https://www.sec.gov/Archives/edgar/data/1097149/000109714915000005/0001097149-15-000005-index.htm",
    "finalLink": "https://www.sec.gov/Archives/edgar/data/1097149/000109714915000005/algn-20141231x10k.htm"
  },
  {
    "date": "2013-12-31",
    "symbol": "ALGN",
    "reportedCurrency": "USD",
    "cik": "0001097149",
    "fillingDate": "2014-02-28",
    "acceptedDate": "2014-02-28 17:18:39",
    "calendarYear": "2013",
    "period": "FY",
    "revenue": 660206000,
    "costOfRevenue": 162100000,
    "grossProfit": 498106000,
    "grossProfitRatio": 0.7544705743,
    "researchAndDevelopmentExpenses": 44083000,
    "generalAndAdministrativeExpenses": 112752000,
    "sellingAndMarketingExpenses": 180046000,
    "sellingGeneralAndAdministrativeExpenses": 292798000,
    "otherExpenses": 67013000,
    "operatingExpenses": 403894000,
    "costAndExpenses": 565994000,
    "interestIncome": 0,
    "interestExpense": 0,
    "depreciationAndAmortization": 16825000,
    "ebitda": 178050000,
    "ebitdaratio": 0.2696885518,
    "operatingIncome": 94212000,
    "operatingIncomeRatio": 0.1427009146,
    "totalOtherIncomeExpensesNet": -1073000,
    "incomeBeforeTax": 93139000,
    "incomeBeforeTaxRatio": 0.1410756643,
    "incomeTaxExpense": 28844000,
    "netIncome": 64295000,
    "netIncomeRatio": 0.0973862703,
    "eps": 0.8,
    "epsdiluted": 0.78,
    "weightedAverageShsOut": 80551000,
    "weightedAverageShsOutDil": 82589000,
    "link": "https://www.sec.gov/Archives/edgar/data/1097149/000144530514000789/0001445305-14-000789-index.htm",
    "finalLink": "https://www.sec.gov/Archives/edgar/data/1097149/000144530514000789/algn-20131231x10k.htm"
  },
  {
    "date": "2012-12-31",
    "symbol": "ALGN",
    "reportedCurrency": "USD",
    "cik": "0001097149",
    "fillingDate": "2013-03-01",
    "acceptedDate": "2013-03-01 08:03:41",
    "calendarYear": "2012",
    "period": "FY",
    "revenue": 560041000,
    "costOfRevenue": 143653000,
    "grossProfit": 416388000,
    "grossProfitRatio": 0.7434955655,
    "researchAndDevelopmentExpenses": 42869000,
    "generalAndAdministrativeExpenses": 99295000,
    "sellingAndMarketingExpenses": 152041000,
    "sellingGeneralAndAdministrativeExpenses": 251336000,
    "otherExpenses": 36591000,
    "operatingExpenses": 330796000,
    "costAndExpenses": 474449000,
    "interestIncome": 757000,
    "interestExpense": 2053000,
    "depreciationAndAmortization": 17811000,
    "ebitda": 139994000,
    "ebitdaratio": 0.2499709843,
    "operatingIncome": 85592000,
    "operatingIncomeRatio": 0.1528316677,
    "totalOtherIncomeExpensesNet": -1296000,
    "incomeBeforeTax": 84296000,
    "incomeBeforeTaxRatio": 0.1505175514,
    "incomeTaxExpense": 25605000,
    "netIncome": 58691000,
    "netIncomeRatio": 0.1047976845,
    "eps": 0.73,
    "epsdiluted": 0.71,
    "weightedAverageShsOut": 80528000,
    "weightedAverageShsOutDil": 83040000,
    "link": "https://www.sec.gov/Archives/edgar/data/1097149/000109714913000007/0001097149-13-000007-index.htm",
    "finalLink": "https://www.sec.gov/Archives/edgar/data/1097149/000109714913000007/algn-20121231x10k.htm"
  },
  {
    "date": "2011-12-31",
    "symbol": "ALGN",
    "reportedCurrency": "USD",
    "cik": "0001097149",
    "fillingDate": "2012-02-29",
    "acceptedDate": "2012-02-29 16:52:11",
    "calendarYear": "2011",
    "period": "FY",
    "revenue": 479741000,
    "costOfRevenue": 118458000,
    "grossProfit": 361283000,
    "grossProfitRatio": 0.7530792657,
    "researchAndDevelopmentExpenses": 37154000,
    "generalAndAdministrativeExpenses": 91595000,
    "sellingAndMarketingExpenses": 142174000,
    "sellingGeneralAndAdministrativeExpenses": 233769000,
    "otherExpenses": 0,
    "operatingExpenses": 270923000,
    "costAndExpenses": 389381000,
    "interestIncome": 552000,
    "interestExpense": 51000,
    "depreciationAndAmortization": 17477000,
    "ebitda": 107837000,
    "ebitdaratio": 0.2247817051,
    "operatingIncome": 90360000,
    "operatingIncomeRatio": 0.1883516314,
    "totalOtherIncomeExpensesNet": -419000,
    "incomeBeforeTax": 89941000,
    "incomeBeforeTaxRatio": 0.1874782435,
    "incomeTaxExpense": 23225000,
    "netIncome": 66716000,
    "netIncomeRatio": 0.1390667047,
    "eps": 0.86,
    "epsdiluted": 0.83,
    "weightedAverageShsOut": 77988000,
    "weightedAverageShsOutDil": 80294000,
    "link": "https://www.sec.gov/Archives/edgar/data/1097149/000119312512089395/0001193125-12-089395-index.htm",
    "finalLink": "https://www.sec.gov/Archives/edgar/data/1097149/000119312512089395/d265005d10k.htm"
  },
  {
    "date": "2010-12-31",
    "symbol": "ALGN",
    "reportedCurrency": "USD",
    "cik": "0001097149",
    "fillingDate": "2011-02-24",
    "acceptedDate": "2011-02-24 13:15:33",
    "calendarYear": "2010",
    "period": "FY",
    "revenue": 387126000,
    "costOfRevenue": 83709000,
    "grossProfit": 303417000,
    "grossProfitRatio": 0.7837680755,
    "researchAndDevelopmentExpenses": 25997000,
    "generalAndAdministrativeExpenses": 56124000,
    "sellingAndMarketingExpenses": 114013000,
    "sellingGeneralAndAdministrativeExpenses": 170137000,
    "otherExpenses": 4549000,
    "operatingExpenses": 200683000,
    "costAndExpenses": 284392000,
    "interestIncome": 555000,
    "interestExpense": 19000,
    "depreciationAndAmortization": 14186000,
    "ebitda": 121469000,
    "ebitdaratio": 0.3137712269,
    "operatingIncome": 102734000,
    "operatingIncomeRatio": 0.2653761308,
    "totalOtherIncomeExpensesNet": -731000,
    "incomeBeforeTax": 102003000,
    "incomeBeforeTaxRatio": 0.2634878567,
    "incomeTaxExpense": 27750000,
    "netIncome": 74253000,
    "netIncomeRatio": 0.1918057687,
    "eps": 0.98,
    "epsdiluted": 0.95,
    "weightedAverageShsOut": 75825000,
    "weightedAverageShsOutDil": 78080000,
    "link": "https://www.sec.gov/Archives/edgar/data/1097149/000119312511044951/0001193125-11-044951-index.htm",
    "finalLink": "https://www.sec.gov/Archives/edgar/data/1097149/000119312511044951/d10k.htm"
  },
  {
    "date": "2009-12-31",
    "symbol": "ALGN",
    "reportedCurrency": "USD",
    "cik": "0001097149",
    "fillingDate": "2010-02-26",
    "acceptedDate": "2010-02-26 13:30:08",
    "calendarYear": "2009",
    "period": "FY",
    "revenue": 312333000,
    "costOfRevenue": 78841000,
    "grossProfit": 233492000,
    "grossProfitRatio": 0.7475739035,
    "researchAndDevelopmentExpenses": 22252000,
    "generalAndAdministrativeExpenses": 131391000,
    "sellingAndMarketingExpenses": 112542000,
    "sellingGeneralAndAdministrativeExpenses": 243933000,
    "otherExpenses": 1319000,
    "operatingExpenses": 267504000,
    "costAndExpenses": 346345000,
    "interestIncome": 579000,
    "interestExpense": 85000,
    "depreciationAndAmortization": 13004000,
    "ebitda": -20804000,
    "ebitdaratio": -0.0666083955,
    "operatingIncome": -34012000,
    "operatingIncomeRatio": -0.1088965943,
    "totalOtherIncomeExpensesNet": 119000,
    "incomeBeforeTax": -33893000,
    "incomeBeforeTaxRatio": -0.1085155907,
    "incomeTaxExpense": -2624000,
    "netIncome": -31269000,
    "netIncomeRatio": -0.1001143011,
    "eps": -0.45,
    "epsdiluted": -0.45,
    "weightedAverageShsOut": 69094000,
    "weightedAverageShsOutDil": 69094000,
    "link": "https://www.sec.gov/Archives/edgar/data/1097149/000119312510042395/0001193125-10-042395-index.htm",
    "finalLink": "https://www.sec.gov/Archives/edgar/data/1097149/000119312510042395/d10k.htm"
  },
  {
    "date": "2008-12-31",
    "symbol": "ALGN",
    "reportedCurrency": "USD",
    "cik": "0001097149",
    "fillingDate": "2009-02-27",
    "acceptedDate": "2009-02-27 15:31:45",
    "calendarYear": "2008",
    "period": "FY",
    "revenue": 303976000,
    "costOfRevenue": 78850000,
    "grossProfit": 225126000,
    "grossProfitRatio": 0.7406045214,
    "researchAndDevelopmentExpenses": 26165000,
    "generalAndAdministrativeExpenses": 62154000,
    "sellingAndMarketingExpenses": 115062000,
    "sellingGeneralAndAdministrativeExpenses": 177216000,
    "otherExpenses": 6231000,
    "operatingExpenses": 209612000,
    "costAndExpenses": 288462000,
    "interestIncome": 3052000,
    "interestExpense": 24000,
    "depreciationAndAmortization": 12791000,
    "ebitda": 29891000,
    "ebitdaratio": 0.0983334211,
    "operatingIncome": 15514000,
    "operatingIncomeRatio": 0.051036924,
    "totalOtherIncomeExpensesNet": 1562000,
    "incomeBeforeTax": 17076000,
    "incomeBeforeTaxRatio": 0.0561754875,
    "incomeTaxExpense": -62911000,
    "netIncome": 79987000,
    "netIncomeRatio": 0.2631359055,
    "eps": 1.2,
    "epsdiluted": 1.18,
    "weightedAverageShsOut": 66812000,
    "weightedAverageShsOutDil": 68064000,
    "link": "https://www.sec.gov/Archives/edgar/data/1097149/000104746909001977/0001047469-09-001977-index.htm",
    "finalLink": "https://www.sec.gov/Archives/edgar/data/1097149/000104746909001977/a2190903z10-k.htm"
  },
  {
    "date": "2007-12-31",
    "symbol": "ALGN",
    "reportedCurrency": "USD",
    "cik": "0001097149",
    "fillingDate": "2008-02-26",
    "acceptedDate": "2008-02-26 17:15:37",
    "calendarYear": "2007",
    "period": "FY",
    "revenue": 284332000,
    "costOfRevenue": 75035000,
    "grossProfit": 209297000,
    "grossProfitRatio": 0.7361007555,
    "researchAndDevelopmentExpenses": 25727000,
    "generalAndAdministrativeExpenses": 0,
    "sellingAndMarketingExpenses": 0,
    "sellingGeneralAndAdministrativeExpenses": 151511000,
    "otherExpenses": -1796000,
    "operatingExpenses": 175442000,
    "costAndExpenses": 250477000,
    "interestIncome": 4195000,
    "interestExpense": 0,
    "depreciationAndAmortization": 13385000,
    "ebitda": 47240000,
    "ebitdaratio": 0.1661438037,
    "operatingIncome": 33855000,
    "operatingIncomeRatio": 0.1190685537,
    "totalOtherIncomeExpensesNet": 3095000,
    "incomeBeforeTax": 36950000,
    "incomeBeforeTaxRatio": 0.1299537161,
    "incomeTaxExpense": 1226000,
    "netIncome": 35724000,
    "netIncomeRatio": 0.1256418553,
    "eps": 0.53,
    "epsdiluted": 0.5,
    "weightedAverageShsOut": 67176000,
    "weightedAverageShsOutDil": 71444000,
    "link": "https://www.sec.gov/Archives/edgar/data/1097149/000104746908001750/0001047469-08-001750-index.htm",
    "finalLink": "https://www.sec.gov/Archives/edgar/data/1097149/000104746908001750/a2182917z10-k.htm"
  },
  {
    "date": "2006-12-31",
    "symbol": "ALGN",
    "reportedCurrency": "USD",
    "cik": "0001097149",
    "fillingDate": "2007-03-12",
    "acceptedDate": "2007-03-12 16:52:06",
    "calendarYear": "2006",
    "period": "FY",
    "revenue": 206354000,
    "costOfRevenue": 64775000,
    "grossProfit": 141579000,
    "grossProfitRatio": 0.6860976768,
    "researchAndDevelopmentExpenses": 18474000,
    "generalAndAdministrativeExpenses": 0,
    "sellingAndMarketingExpenses": 0,
    "sellingGeneralAndAdministrativeExpenses": 160641000,
    "otherExpenses": 0,
    "operatingExpenses": 179115000,
    "costAndExpenses": 243890000,
    "interestIncome": 3179000,
    "interestExpense": 0,
    "depreciationAndAmortization": 10271000,
    "ebitda": -27265000,
    "ebitdaratio": -0.1321273152,
    "operatingIncome": -37536000,
    "operatingIncomeRatio": -0.1819010051,
    "totalOtherIncomeExpensesNet": 3401000,
    "incomeBeforeTax": -34135000,
    "incomeBeforeTaxRatio": -0.1654196187,
    "incomeTaxExpense": 828000,
    "netIncome": -34963000,
    "netIncomeRatio": -0.1694321409,
    "eps": -0.55,
    "epsdiluted": -0.55,
    "weightedAverageShsOut": 63246000,
    "weightedAverageShsOutDil": 63246000,
    "link": "https://www.sec.gov/Archives/edgar/data/1097149/000110465907018240/0001104659-07-018240-index.htm",
    "finalLink": "https://www.sec.gov/Archives/edgar/data/1097149/000110465907018240/a07-5886_110k.htm"
  },
  {
    "date": "2005-12-31",
    "symbol": "ALGN",
    "reportedCurrency": "USD",
    "cik": "0001097149",
    "fillingDate": "2006-03-01",
    "acceptedDate": "2006-03-01 16:38:30",
    "calendarYear": "2005",
    "period": "FY",
    "revenue": 207125000,
    "costOfRevenue": 63784000,
    "grossProfit": 143341000,
    "grossProfitRatio": 0.692050694,
    "researchAndDevelopmentExpenses": 18585000,
    "generalAndAdministrativeExpenses": 0,
    "sellingAndMarketingExpenses": 0,
    "sellingGeneralAndAdministrativeExpenses": 122310000,
    "otherExpenses": 0,
    "operatingExpenses": 140895000,
    "costAndExpenses": 204679000,
    "interestIncome": 1918000,
    "interestExpense": 0,
    "depreciationAndAmortization": 10451000,
    "ebitda": 12897000,
    "ebitdaratio": 0.0622667471,
    "operatingIncome": 2446000,
    "operatingIncomeRatio": 0.0118092939,
    "totalOtherIncomeExpensesNet": 283000,
    "incomeBeforeTax": 2729000,
    "incomeBeforeTaxRatio": 0.0131756186,
    "incomeTaxExpense": 1316000,
    "netIncome": 1413000,
    "netIncomeRatio": 0.0068219674,
    "eps": 0.02,
    "epsdiluted": 0.02,
    "weightedAverageShsOut": 61644000,
    "weightedAverageShsOutDil": 63152000,
    "link": "https://www.sec.gov/Archives/edgar/data/1097149/000110465906013213/0001104659-06-013213-index.htm",
    "finalLink": "https://www.sec.gov/Archives/edgar/data/1097149/000110465906013213/a06-5488_110k.htm"
  },
  {
    "date": "2004-12-31",
    "symbol": "ALGN",
    "reportedCurrency": "USD",
    "cik": "0001097149",
    "fillingDate": "2005-03-03",
    "acceptedDate": "2005-03-03 17:16:57",
    "calendarYear": "2004",
    "period": "FY",
    "revenue": 172830000,
    "costOfRevenue": 57526000,
    "grossProfit": 115304000,
    "grossProfitRatio": 0.6671526934,
    "researchAndDevelopmentExpenses": 15756000,
    "generalAndAdministrativeExpenses": 0,
    "sellingAndMarketingExpenses": 0,
    "sellingGeneralAndAdministrativeExpenses": 89783000,
    "otherExpenses": 0,
    "operatingExpenses": 105539000,
    "costAndExpenses": 163065000,
    "interestIncome": 713000,
    "interestExpense": 0,
    "depreciationAndAmortization": 14722000,
    "ebitda": 24487000,
    "ebitdaratio": 0.1416825783,
    "operatingIncome": 9765000,
    "operatingIncomeRatio": 0.0565006075,
    "totalOtherIncomeExpensesNet": -3000,
    "incomeBeforeTax": 9762000,
    "incomeBeforeTaxRatio": 0.0564832494,
    "incomeTaxExpense": 994000,
    "netIncome": 8768000,
    "netIncomeRatio": 0.0507319331,
    "eps": 0.15,
    "epsdiluted": 0.14,
    "weightedAverageShsOut": 59963000,
    "weightedAverageShsOutDil": 64089000,
    "link": "https://www.sec.gov/Archives/edgar/data/1097149/000119312505041786/0001193125-05-041786-index.htm",
    "finalLink": "https://www.sec.gov/Archives/edgar/data/1097149/000119312505041786/d10k.htm"
  },
  {
    "date": "2003-12-31",
    "symbol": "ALGN",
    "reportedCurrency": "USD",
    "cik": "0001097149",
    "fillingDate": "2004-03-09",
    "acceptedDate": "2004-03-09 16:24:00",
    "calendarYear": "2003",
    "period": "FY",
    "revenue": 122725000,
    "costOfRevenue": 51565000,
    "grossProfit": 71160000,
    "grossProfitRatio": 0.5798329599,
    "researchAndDevelopmentExpenses": 13112000,
    "generalAndAdministrativeExpenses": 0,
    "sellingAndMarketingExpenses": 0,
    "sellingGeneralAndAdministrativeExpenses": 77985000,
    "otherExpenses": 0,
    "operatingExpenses": 91097000,
    "costAndExpenses": 142662000,
    "interestIncome": 531000,
    "interestExpense": 0,
    "depreciationAndAmortization": 21924000,
    "ebitda": 1987000,
    "ebitdaratio": 0.0161906702,
    "operatingIncome": -19937000,
    "operatingIncomeRatio": -0.162452638,
    "totalOtherIncomeExpensesNet": -101000,
    "incomeBeforeTax": -20038000,
    "incomeBeforeTaxRatio": -0.1632756162,
    "incomeTaxExpense": 84000,
    "netIncome": -20122000,
    "netIncomeRatio": -0.1639600733,
    "eps": -0.35,
    "epsdiluted": -0.35,
    "weightedAverageShsOut": 57758000,
    "weightedAverageShsOutDil": 57758000,
    "link": "https://www.sec.gov/Archives/edgar/data/1097149/000119312504037274/0001193125-04-037274-index.htm",
    "finalLink": "https://www.sec.gov/Archives/edgar/data/1097149/000119312504037274/d10k.htm"
  },
  {
    "date": "2002-12-31",
    "symbol": "ALGN",
    "reportedCurrency": "USD",
    "cik": "0001097149",
    "fillingDate": "2003-08-13",
    "acceptedDate": "2003-08-13 13:19:45",
    "calendarYear": "2002",
    "period": "FY",
    "revenue": 69698000,
    "costOfRevenue": 44991000,
    "grossProfit": 24707000,
    "grossProfitRatio": 0.3544864989,
    "researchAndDevelopmentExpenses": 13064000,
    "generalAndAdministrativeExpenses": 0,
    "sellingAndMarketingExpenses": 0,
    "sellingGeneralAndAdministrativeExpenses": 84578000,
    "otherExpenses": -116000,
    "operatingExpenses": 97526000,
    "costAndExpenses": 142517000,
    "interestIncome": 979000,
    "interestExpense": 0,
    "depreciationAndAmortization": 29081000,
    "ebitda": -43738000,
    "ebitdaratio": -0.6275359408,
    "operatingIncome": -72819000,
    "operatingIncomeRatio": -1.0447789033,
    "totalOtherIncomeExpensesNet": 0,
    "incomeBeforeTax": -72819000,
    "incomeBeforeTaxRatio": -1.0447789033,
    "incomeTaxExpense": 0,
    "netIncome": -72819000,
    "netIncomeRatio": -1.0447789033,
    "eps": -1.42,
    "epsdiluted": -1.42,
    "weightedAverageShsOut": 47878000,
    "weightedAverageShsOutDil": 47878000,
    "link": "https://www.sec.gov/Archives/edgar/data/1097149/000119312503035582/0001193125-03-035582-index.htm",
    "finalLink": "https://www.sec.gov/Archives/edgar/data/1097149/000119312503035582/d10ka.htm"
  },
  {
    "date": "2001-12-31",
    "symbol": "ALGN",
    "reportedCurrency": "USD",
    "cik": "0001097149",
    "fillingDate": "2002-07-25",
    "acceptedDate": "2002-07-25 16:52:14",
    "calendarYear": "2001",
    "period": "FY",
    "revenue": 44808000,
    "costOfRevenue": 46830000,
    "grossProfit": -2022000,
    "grossProfitRatio": -0.0451258704,
    "researchAndDevelopmentExpenses": 15644000,
    "generalAndAdministrativeExpenses": 0,
    "sellingAndMarketingExpenses": 0,
    "sellingGeneralAndAdministrativeExpenses": 83103000,
    "otherExpenses": 0,
    "operatingExpenses": 98747000,
    "costAndExpenses": 145577000,
    "interestIncome": 0,
    "interestExpense": 0,
    "depreciationAndAmortization": 29801000,
    "ebitda": -70968000,
    "ebitdaratio": -1.5838243171,
    "operatingIncome": -100769000,
    "operatingIncomeRatio": -2.2489064453,
    "totalOtherIncomeExpensesNet": 1730000,
    "incomeBeforeTax": -99039000,
    "incomeBeforeTaxRatio": -2.2102972683,
    "incomeTaxExpense": 10000,
    "netIncome": -99049000,
    "netIncomeRatio": -2.2105204428,
    "eps": -2.31,
    "epsdiluted": -2.31,
    "weightedAverageShsOut": 42247000,
    "weightedAverageShsOutDil": 42247000,
    "link": "https://www.sec.gov/Archives/edgar/data/1097149/000109714902000016/0001097149-02-000016-index.htm",
    "finalLink": "https://www.sec.gov/Archives/edgar/data/1097149/000109714902000016/body10ka.htm"
  },
  {
    "date": "2000-12-31",
    "symbol": "ALGN",
    "reportedCurrency": "USD",
    "cik": "0001097149",
    "fillingDate": "2001-04-02",
    "acceptedDate": "2001-04-02 00:00:00",
    "calendarYear": "2000",
    "period": "FY",
    "revenue": 6741000,
    "costOfRevenue": 20251000,
    "grossProfit": -13510000,
    "grossProfitRatio": -2.0041536864,
    "researchAndDevelopmentExpenses": 9169000,
    "generalAndAdministrativeExpenses": 0,
    "sellingAndMarketingExpenses": 0,
    "sellingGeneralAndAdministrativeExpenses": 58436000,
    "otherExpenses": 0,
    "operatingExpenses": 67605000,
    "costAndExpenses": 87856000,
    "interestIncome": 0,
    "interestExpense": 0,
    "depreciationAndAmortization": 2513000,
    "ebitda": -78602000,
    "ebitdaratio": -11.6602877911,
    "operatingIncome": -81115000,
    "operatingIncomeRatio": -12.0330811452,
    "totalOtherIncomeExpensesNet": -7633000,
    "incomeBeforeTax": -88748000,
    "incomeBeforeTaxRatio": -13.1654057262,
    "incomeTaxExpense": 0,
    "netIncome": -88748000,
    "netIncomeRatio": -13.1654057262,
    "eps": -16,
    "epsdiluted": -16,
    "weightedAverageShsOut": 5548000,
    "weightedAverageShsOutDil": 5548000,
    "link": "https://www.sec.gov/Archives/edgar/data/1097149/000092962401000528/0000929624-01-000528-index.htm",
    "finalLink": "https://www.sec.gov/Archives/edgar/data/1097149/000092962401000528/0000929624-01-000528-0001.txt"
  },
  {
    "date": "1999-12-31",
    "symbol": "ALGN",
    "reportedCurrency": "USD",
    "cik": "0001097149",
    "fillingDate": "1999-12-31",
    "acceptedDate": "1999-12-31 00:00:00",
    "calendarYear": "1999",
    "period": "FY",
    "revenue": 411000,
    "costOfRevenue": 1754000,
    "grossProfit": -1343000,
    "grossProfitRatio": -3.2676399027,
    "researchAndDevelopmentExpenses": 4200000,
    "generalAndAdministrativeExpenses": 0,
    "sellingAndMarketingExpenses": 0,
    "sellingGeneralAndAdministrativeExpenses": 9162000,
    "otherExpenses": 0,
    "operatingExpenses": 13362000,
    "costAndExpenses": 15116000,
    "interestIncome": 0,
    "interestExpense": 0,
    "depreciationAndAmortization": 559000,
    "ebitda": -14146000,
    "ebitdaratio": -34.4184914842,
    "operatingIncome": -14705000,
    "operatingIncomeRatio": -35.7785888078,
    "totalOtherIncomeExpensesNet": 14705000,
    "incomeBeforeTax": 0,
    "incomeBeforeTaxRatio": 0,
    "incomeTaxExpense": 0,
    "netIncome": -15415000,
    "netIncomeRatio": -37.5060827251,
    "eps": -3.65,
    "epsdiluted": -3.65,
    "weightedAverageShsOut": 4218000,
    "weightedAverageShsOutDil": 4218000,
    "link": null,
    "finalLink": null
  }
]