[
  {
    "date": "2025-06-30",
    "symbol": "ALL",
    "reportedCurrency": "USD",
    "cik": "0000899051",
    "fillingDate": "2025-07-30",
    "acceptedDate": "2025-07-30 16:24:13",
    "calendarYear": "2025",
    "period": "Q2",
    "revenue": 16620000000,
    "costOfRevenue": 12513000000,
    "grossProfit": 4107000000,
    "grossProfitRatio": 0.2471119134,
    "researchAndDevelopmentExpenses": 0,
    "generalAndAdministrativeExpenses": 0,
    "sellingAndMarketingExpenses": 0,
    "sellingGeneralAndAdministrativeExpenses": 0,
    "otherExpenses": 1404000000,
    "operatingExpenses": 1404000000,
    "costAndExpenses": 13917000000,
    "interestIncome": 0,
    "interestExpense": 100000000,
    "depreciationAndAmortization": 127000000,
    "ebitda": 2930000000,
    "ebitdaratio": 0.1762936221,
    "operatingIncome": 2803000000,
    "operatingIncomeRatio": 0.1686522262,
    "totalOtherIncomeExpensesNet": -100000000,
    "incomeBeforeTax": 2703000000,
    "incomeBeforeTaxRatio": 0.1626353791,
    "incomeTaxExpense": 604000000,
    "netIncome": 2109000000,
    "netIncomeRatio": 0.1268953069,
    "eps": 7.86,
    "epsdiluted": 7.76,
    "weightedAverageShsOut": 264600000,
    "weightedAverageShsOutDil": 267900000,
    "link": "https://www.sec.gov/Archives/edgar/data/899051/000089905125000070/0000899051-25-000070-index.htm",
    "finalLink": "https://www.sec.gov/Archives/edgar/data/899051/000089905125000070/all-20250630.htm"
  },
  {
    "date": "2025-03-31",
    "symbol": "ALL",
    "reportedCurrency": "USD",
    "cik": "0000899051",
    "fillingDate": "2025-04-30",
    "acceptedDate": "2025-04-30 16:23:15",
    "calendarYear": "2025",
    "period": "Q1",
    "revenue": 16457000000,
    "costOfRevenue": 13235000000,
    "grossProfit": 3222000000,
    "grossProfitRatio": 0.1957829495,
    "researchAndDevelopmentExpenses": 0,
    "generalAndAdministrativeExpenses": 78000000,
    "sellingAndMarketingExpenses": 0,
    "sellingGeneralAndAdministrativeExpenses": 78000000,
    "otherExpenses": 2425000000,
    "operatingExpenses": 2503000000,
    "costAndExpenses": 15738000000,
    "interestIncome": 0,
    "interestExpense": 100000000,
    "depreciationAndAmortization": 132000000,
    "ebitda": 951000000,
    "ebitdaratio": 0.05778696,
    "operatingIncome": 819000000,
    "operatingIncomeRatio": 0.049766057,
    "totalOtherIncomeExpensesNet": 0,
    "incomeBeforeTax": 719000000,
    "incomeBeforeTaxRatio": 0.0436896154,
    "incomeTaxExpense": 123000000,
    "netIncome": 595000000,
    "netIncomeRatio": 0.0361548277,
    "eps": 2.141505864547862,
    "epsdiluted": 2.113517550410754,
    "weightedAverageShsOut": 264300000,
    "weightedAverageShsOutDil": 267800000,
    "link": "https://www.sec.gov/Archives/edgar/data/899051/000089905125000042/0000899051-25-000042-index.htm",
    "finalLink": "https://www.sec.gov/Archives/edgar/data/899051/000089905125000042/all-20250331.htm"
  },
  {
    "date": "2024-12-31",
    "symbol": "ALL",
    "reportedCurrency": "USD",
    "cik": "0000899051",
    "fillingDate": "2025-02-24",
    "acceptedDate": "2025-02-24 12:23:27",
    "calendarYear": "2024",
    "period": "Q4",
    "revenue": 16502000000,
    "costOfRevenue": 11423000000,
    "grossProfit": 5079000000,
    "grossProfitRatio": 0.307780875,
    "researchAndDevelopmentExpenses": 0,
    "generalAndAdministrativeExpenses": -52000000,
    "sellingAndMarketingExpenses": 0,
    "sellingGeneralAndAdministrativeExpenses": -52000000,
    "otherExpenses": 2682000000,
    "operatingExpenses": 2630000000,
    "costAndExpenses": 14053000000,
    "interestIncome": 0,
    "interestExpense": 101000000,
    "depreciationAndAmortization": 151000000,
    "ebitda": 2701000000,
    "ebitdaratio": 0.16367713,
    "operatingIncome": 2550000000,
    "operatingIncomeRatio": 0.154526724,
    "totalOtherIncomeExpensesNet": 0,
    "incomeBeforeTax": 2449000000,
    "incomeBeforeTaxRatio": 0.1484062538,
    "incomeTaxExpense": 559000000,
    "netIncome": 1928000000,
    "netIncomeRatio": 0.1168343231,
    "eps": 7.16,
    "epsdiluted": 7.07,
    "weightedAverageShsOut": 265100000,
    "weightedAverageShsOutDil": 268700000,
    "link": "https://www.sec.gov/Archives/edgar/data/899051/000089905125000015/0000899051-25-000015-index.htm",
    "finalLink": "https://www.sec.gov/Archives/edgar/data/899051/000089905125000015/all-20241231.htm"
  },
  {
    "date": "2024-09-30",
    "symbol": "ALL",
    "reportedCurrency": "USD",
    "cik": "0000899051",
    "fillingDate": "2024-10-30",
    "acceptedDate": "2024-10-30 16:16:56",
    "calendarYear": "2024",
    "period": "Q3",
    "revenue": 16635000000,
    "costOfRevenue": 12763000000,
    "grossProfit": 3872000000,
    "grossProfitRatio": 0.2327622483,
    "researchAndDevelopmentExpenses": 0,
    "generalAndAdministrativeExpenses": 26000000,
    "sellingAndMarketingExpenses": 0,
    "sellingGeneralAndAdministrativeExpenses": 26000000,
    "otherExpenses": 2428000000,
    "operatingExpenses": 2454000000,
    "costAndExpenses": 15217000000,
    "interestIncome": 0,
    "interestExpense": 104000000,
    "depreciationAndAmortization": 140000000,
    "ebitda": 1662000000,
    "ebitdaratio": 0.0999098287,
    "operatingIncome": 1522000000,
    "operatingIncomeRatio": 0.0914938383,
    "totalOtherIncomeExpensesNet": 0,
    "incomeBeforeTax": 1418000000,
    "incomeBeforeTaxRatio": 0.0852419597,
    "incomeTaxExpense": 254000000,
    "netIncome": 1190000000,
    "netIncomeRatio": 0.0715359182,
    "eps": 4.39,
    "epsdiluted": 4.33,
    "weightedAverageShsOut": 264600000,
    "weightedAverageShsOutDil": 268000000,
    "link": "https://www.sec.gov/Archives/edgar/data/899051/000089905124000083/0000899051-24-000083-index.htm",
    "finalLink": "https://www.sec.gov/Archives/edgar/data/899051/000089905124000083/all-20240930.htm"
  },
  {
    "date": "2024-06-30",
    "symbol": "ALL",
    "reportedCurrency": "USD",
    "cik": "0000899051",
    "fillingDate": "2024-07-31",
    "acceptedDate": "2024-07-31 16:17:44",
    "calendarYear": "2024",
    "period": "Q2",
    "revenue": 15727000000,
    "costOfRevenue": 13093000000,
    "grossProfit": 2634000000,
    "grossProfitRatio": 0.1674826731,
    "researchAndDevelopmentExpenses": 0,
    "generalAndAdministrativeExpenses": -9000000,
    "sellingAndMarketingExpenses": 0,
    "sellingGeneralAndAdministrativeExpenses": -9000000,
    "otherExpenses": 2213000000,
    "operatingExpenses": 2204000000,
    "costAndExpenses": 15297000000,
    "interestIncome": 0,
    "interestExpense": 98000000,
    "depreciationAndAmortization": 132000000,
    "ebitda": 660000000,
    "ebitdaratio": 0.0419660457,
    "operatingIncome": 528000000,
    "operatingIncomeRatio": 0.0335728365,
    "totalOtherIncomeExpensesNet": 0,
    "incomeBeforeTax": 430000000,
    "incomeBeforeTaxRatio": 0.0273415146,
    "incomeTaxExpense": 83000000,
    "netIncome": 331000000,
    "netIncomeRatio": 0.0210466077,
    "eps": 1.14,
    "epsdiluted": 1.13,
    "weightedAverageShsOut": 264100000,
    "weightedAverageShsOutDil": 267100000,
    "link": "https://www.sec.gov/Archives/edgar/data/899051/000089905124000054/0000899051-24-000054-index.htm",
    "finalLink": "https://www.sec.gov/Archives/edgar/data/899051/000089905124000054/all-20240630.htm"
  },
  {
    "date": "2024-03-31",
    "symbol": "ALL",
    "reportedCurrency": "USD",
    "cik": "0000899051",
    "fillingDate": "2024-05-01",
    "acceptedDate": "2024-05-01 16:17:34",
    "calendarYear": "2024",
    "period": "Q1",
    "revenue": 15251000000,
    "costOfRevenue": 11736000000,
    "grossProfit": 3515000000,
    "grossProfitRatio": 0.2304766901,
    "researchAndDevelopmentExpenses": 0,
    "generalAndAdministrativeExpenses": -2000000,
    "sellingAndMarketingExpenses": 0,
    "sellingGeneralAndAdministrativeExpenses": -2000000,
    "otherExpenses": 2053000000,
    "operatingExpenses": 2051000000,
    "costAndExpenses": 13787000000,
    "interestIncome": 0,
    "interestExpense": 97000000,
    "depreciationAndAmortization": 132000000,
    "ebitda": 1693000000,
    "ebitdaratio": 0.1110091142,
    "operatingIncome": 1561000000,
    "operatingIncomeRatio": 0.102353944,
    "totalOtherIncomeExpensesNet": 0,
    "incomeBeforeTax": 1464000000,
    "incomeBeforeTaxRatio": 0.0959937053,
    "incomeTaxExpense": 266000000,
    "netIncome": 1218000000,
    "netIncomeRatio": 0.0798636155,
    "eps": 4.51,
    "epsdiluted": 4.46,
    "weightedAverageShsOut": 263500000,
    "weightedAverageShsOutDil": 266500000,
    "link": "https://www.sec.gov/Archives/edgar/data/899051/000089905124000024/0000899051-24-000024-index.htm",
    "finalLink": "https://www.sec.gov/Archives/edgar/data/899051/000089905124000024/all-20240331.htm"
  },
  {
    "date": "2023-12-31",
    "symbol": "ALL",
    "reportedCurrency": "USD",
    "cik": "0000899051",
    "fillingDate": "2024-02-21",
    "acceptedDate": "2024-02-21 14:09:58",
    "calendarYear": "2023",
    "period": "Q4",
    "revenue": 14829000000,
    "costOfRevenue": 10970000000,
    "grossProfit": 3859000000,
    "grossProfitRatio": 0.2602333266,
    "researchAndDevelopmentExpenses": 0,
    "generalAndAdministrativeExpenses": -47000000,
    "sellingAndMarketingExpenses": 0,
    "sellingGeneralAndAdministrativeExpenses": -47000000,
    "otherExpenses": 2079000000,
    "operatingExpenses": 2032000000,
    "costAndExpenses": 13002000000,
    "interestIncome": 0,
    "interestExpense": 107000000,
    "depreciationAndAmortization": 165000000,
    "ebitda": 2099000000,
    "ebitdaratio": 0.1415469688,
    "operatingIncome": 1934000000,
    "operatingIncomeRatio": 0.1304201227,
    "totalOtherIncomeExpensesNet": 0,
    "incomeBeforeTax": 1827000000,
    "incomeBeforeTaxRatio": 0.1232045317,
    "incomeTaxExpense": 340000000,
    "netIncome": 1489000000,
    "netIncomeRatio": 0.1004113561,
    "eps": 5.57,
    "epsdiluted": 5.57,
    "weightedAverageShsOut": 262200000,
    "weightedAverageShsOutDil": 264700000,
    "link": "https://www.sec.gov/Archives/edgar/data/899051/000089905124000013/0000899051-24-000013-index.htm",
    "finalLink": "https://www.sec.gov/Archives/edgar/data/899051/000089905124000013/all-20231231.htm"
  },
  {
    "date": "2023-09-30",
    "symbol": "ALL",
    "reportedCurrency": "USD",
    "cik": "0000899051",
    "fillingDate": "2023-11-01",
    "acceptedDate": "2023-11-01 16:18:32",
    "calendarYear": "2023",
    "period": "Q3",
    "revenue": 14503000000,
    "costOfRevenue": 12340000000,
    "grossProfit": 2163000000,
    "grossProfitRatio": 0.1491415569,
    "researchAndDevelopmentExpenses": 0,
    "generalAndAdministrativeExpenses": 149000000,
    "sellingAndMarketingExpenses": 0,
    "sellingGeneralAndAdministrativeExpenses": 149000000,
    "otherExpenses": 2035000000,
    "operatingExpenses": 2184000000,
    "costAndExpenses": 14524000000,
    "interestIncome": 0,
    "interestExpense": 88000000,
    "depreciationAndAmortization": 176000000,
    "ebitda": 243000000,
    "ebitdaratio": 0.0167551541,
    "operatingIncome": 67000000,
    "operatingIncomeRatio": 0.0046197338,
    "totalOtherIncomeExpensesNet": 0,
    "incomeBeforeTax": -21000000,
    "incomeBeforeTaxRatio": -0.0014479763,
    "incomeTaxExpense": -17000000,
    "netIncome": -5000000,
    "netIncomeRatio": -0.0003447563,
    "eps": -0.15660809778456838,
    "epsdiluted": -0.15660809778456838,
    "weightedAverageShsOut": 261800000,
    "weightedAverageShsOutDil": 261800000,
    "link": "https://www.sec.gov/Archives/edgar/data/899051/000089905123000076/0000899051-23-000076-index.htm",
    "finalLink": "https://www.sec.gov/Archives/edgar/data/899051/000089905123000076/all-20230930.htm"
  },
  {
    "date": "2023-06-30",
    "symbol": "ALL",
    "reportedCurrency": "USD",
    "cik": "0000899051",
    "fillingDate": "2023-08-01",
    "acceptedDate": "2023-08-01 16:17:30",
    "calendarYear": "2023",
    "period": "Q2",
    "revenue": 13994000000,
    "costOfRevenue": 13774000000,
    "grossProfit": 220000000,
    "grossProfitRatio": 0.0157210233,
    "researchAndDevelopmentExpenses": 0,
    "generalAndAdministrativeExpenses": -40000000,
    "sellingAndMarketingExpenses": 0,
    "sellingGeneralAndAdministrativeExpenses": -40000000,
    "otherExpenses": 2008000000,
    "operatingExpenses": 1968000000,
    "costAndExpenses": 15742000000,
    "interestIncome": 0,
    "interestExpense": 98000000,
    "depreciationAndAmortization": 186000000,
    "ebitda": -1464000000,
    "ebitdaratio": -0.1046162641,
    "operatingIncome": -1650000000,
    "operatingIncomeRatio": -0.1179076747,
    "totalOtherIncomeExpensesNet": 0,
    "incomeBeforeTax": -1748000000,
    "incomeBeforeTaxRatio": -0.124910676,
    "incomeTaxExpense": -373000000,
    "netIncome": -1352000000,
    "netIncomeRatio": -0.0966128341,
    "eps": -5.15,
    "epsdiluted": -5.15,
    "weightedAverageShsOut": 262600000,
    "weightedAverageShsOutDil": 262600000,
    "link": "https://www.sec.gov/Archives/edgar/data/899051/000089905123000063/0000899051-23-000063-index.htm",
    "finalLink": "https://www.sec.gov/Archives/edgar/data/899051/000089905123000063/all-20230630.htm"
  },
  {
    "date": "2023-03-31",
    "symbol": "ALL",
    "reportedCurrency": "USD",
    "cik": "0000899051",
    "fillingDate": "2023-05-03",
    "acceptedDate": "2023-05-03 16:18:26",
    "calendarYear": "2023",
    "period": "Q1",
    "revenue": 13764000000,
    "costOfRevenue": 12335000000,
    "grossProfit": 1429000000,
    "grossProfitRatio": 0.1038215635,
    "researchAndDevelopmentExpenses": 0,
    "generalAndAdministrativeExpenses": -53000000,
    "sellingAndMarketingExpenses": 0,
    "sellingGeneralAndAdministrativeExpenses": -53000000,
    "otherExpenses": 1888000000,
    "operatingExpenses": 1835000000,
    "costAndExpenses": 14170000000,
    "interestIncome": 0,
    "interestExpense": 86000000,
    "depreciationAndAmortization": 177000000,
    "ebitda": -143000000,
    "ebitdaratio": -0.0103894217,
    "operatingIncome": -320000000,
    "operatingIncomeRatio": -0.0232490555,
    "totalOtherIncomeExpensesNet": 0,
    "incomeBeforeTax": -406000000,
    "incomeBeforeTaxRatio": -0.0294972392,
    "incomeTaxExpense": -85000000,
    "netIncome": -320000000,
    "netIncomeRatio": -0.0232490555,
    "eps": -1.22,
    "epsdiluted": -1.22,
    "weightedAverageShsOut": 263500000,
    "weightedAverageShsOutDil": 263500000,
    "link": "https://www.sec.gov/Archives/edgar/data/899051/000089905123000037/0000899051-23-000037-index.htm",
    "finalLink": "https://www.sec.gov/Archives/edgar/data/899051/000089905123000037/all-20230331.htm"
  },
  {
    "date": "2022-12-31",
    "symbol": "ALL",
    "reportedCurrency": "USD",
    "cik": "0000899051",
    "fillingDate": "2023-02-16",
    "acceptedDate": "2023-02-16 17:32:22",
    "calendarYear": "2022",
    "period": "Q4",
    "revenue": 13583000000,
    "costOfRevenue": 11993000000,
    "grossProfit": 1590000000,
    "grossProfitRatio": 0.1170580873,
    "researchAndDevelopmentExpenses": 0,
    "generalAndAdministrativeExpenses": 25000000,
    "sellingAndMarketingExpenses": 0,
    "sellingGeneralAndAdministrativeExpenses": 25000000,
    "otherExpenses": 1985000000,
    "operatingExpenses": 2010000000,
    "costAndExpenses": 14003000000,
    "interestIncome": 0,
    "interestExpense": 84000000,
    "depreciationAndAmortization": 201000000,
    "ebitda": -135000000,
    "ebitdaratio": -0.0099388942,
    "operatingIncome": -336000000,
    "operatingIncomeRatio": -0.0247368034,
    "totalOtherIncomeExpensesNet": 0,
    "incomeBeforeTax": -420000000,
    "incomeBeforeTaxRatio": -0.0309210042,
    "incomeTaxExpense": -117000000,
    "netIncome": -284000000,
    "netIncomeRatio": -0.0209084886,
    "eps": -1.15,
    "epsdiluted": -1.15,
    "weightedAverageShsOut": 264399999,
    "weightedAverageShsOutDil": 264399999,
    "link": "https://www.sec.gov/Archives/edgar/data/899051/000089905123000020/0000899051-23-000020-index.htm",
    "finalLink": "https://www.sec.gov/Archives/edgar/data/899051/000089905123000020/all-20221231.htm"
  },
  {
    "date": "2022-09-30",
    "symbol": "ALL",
    "reportedCurrency": "USD",
    "cik": "0000899051",
    "fillingDate": "2022-11-02",
    "acceptedDate": "2022-11-02 16:18:16",
    "calendarYear": "2022",
    "period": "Q3",
    "revenue": 13257000000,
    "costOfRevenue": 12008000000,
    "grossProfit": 1249000000,
    "grossProfitRatio": 0.0942143773,
    "researchAndDevelopmentExpenses": 0,
    "generalAndAdministrativeExpenses": 79000000,
    "sellingAndMarketingExpenses": 0,
    "sellingGeneralAndAdministrativeExpenses": 79000000,
    "otherExpenses": 2080000000,
    "operatingExpenses": 2159000000,
    "costAndExpenses": 14167000000,
    "interestIncome": 0,
    "interestExpense": 85000000,
    "depreciationAndAmortization": 194000000,
    "ebitda": -631000000,
    "ebitdaratio": -0.0475974957,
    "operatingIncome": -825000000,
    "operatingIncomeRatio": -0.062231274,
    "totalOtherIncomeExpensesNet": 0,
    "incomeBeforeTax": -910000000,
    "incomeBeforeTaxRatio": -0.0686429811,
    "incomeTaxExpense": -236000000,
    "netIncome": -659000000,
    "netIncomeRatio": -0.0497095874,
    "eps": -2.549311499813919,
    "epsdiluted": -2.549311499813919,
    "weightedAverageShsOut": 268700000,
    "weightedAverageShsOutDil": 268700000,
    "link": "https://www.sec.gov/Archives/edgar/data/899051/000089905122000079/0000899051-22-000079-index.htm",
    "finalLink": "https://www.sec.gov/Archives/edgar/data/899051/000089905122000079/all-20220930.htm"
  },
  {
    "date": "2022-06-30",
    "symbol": "ALL",
    "reportedCurrency": "USD",
    "cik": "0000899051",
    "fillingDate": "2022-08-03",
    "acceptedDate": "2022-08-03 16:21:04",
    "calendarYear": "2022",
    "period": "Q2",
    "revenue": 12293000000,
    "costOfRevenue": 11250000000,
    "grossProfit": 1043000000,
    "grossProfitRatio": 0.0848450338,
    "researchAndDevelopmentExpenses": 0,
    "generalAndAdministrativeExpenses": 259000000,
    "sellingAndMarketingExpenses": 0,
    "sellingGeneralAndAdministrativeExpenses": 259000000,
    "otherExpenses": 2095000000,
    "operatingExpenses": 2354000000,
    "costAndExpenses": 13604000000,
    "interestIncome": 0,
    "interestExpense": 83000000,
    "depreciationAndAmortization": 216000000,
    "ebitda": -1012000000,
    "ebitdaratio": -0.0823232734,
    "operatingIncome": -1228000000,
    "operatingIncomeRatio": -0.0998942488,
    "totalOtherIncomeExpensesNet": 0,
    "incomeBeforeTax": -1311000000,
    "incomeBeforeTaxRatio": -0.1066460587,
    "incomeTaxExpense": -289000000,
    "netIncome": -1013000000,
    "netIncomeRatio": -0.0824046205,
    "eps": -3.74,
    "epsdiluted": -3.74,
    "weightedAverageShsOut": 273684210,
    "weightedAverageShsOutDil": 273800000,
    "link": "https://www.sec.gov/Archives/edgar/data/899051/000089905122000051/0000899051-22-000051-index.htm",
    "finalLink": "https://www.sec.gov/Archives/edgar/data/899051/000089905122000051/all-20220630.htm"
  },
  {
    "date": "2022-03-31",
    "symbol": "ALL",
    "reportedCurrency": "USD",
    "cik": "0000899051",
    "fillingDate": "2022-05-04",
    "acceptedDate": "2022-05-04 16:24:46",
    "calendarYear": "2022",
    "period": "Q1",
    "revenue": 12336000000,
    "costOfRevenue": 9698000000,
    "grossProfit": 2638000000,
    "grossProfitRatio": 0.213845655,
    "researchAndDevelopmentExpenses": 0,
    "generalAndAdministrativeExpenses": -247000000,
    "sellingAndMarketingExpenses": 0,
    "sellingGeneralAndAdministrativeExpenses": -247000000,
    "otherExpenses": 2084000000,
    "operatingExpenses": 1837000000,
    "costAndExpenses": 11535000000,
    "interestIncome": 0,
    "interestExpense": 83000000,
    "depreciationAndAmortization": 236000000,
    "ebitda": 1120000000,
    "ebitdaratio": 0.0907911803,
    "operatingIncome": 884000000,
    "operatingIncomeRatio": 0.0716601816,
    "totalOtherIncomeExpensesNet": 0,
    "incomeBeforeTax": 801000000,
    "incomeBeforeTaxRatio": 0.0649319066,
    "incomeTaxExpense": 151000000,
    "netIncome": 660000000,
    "netIncomeRatio": 0.0535019455,
    "eps": 2.28,
    "epsdiluted": 2.25,
    "weightedAverageShsOut": 278100000,
    "weightedAverageShsOutDil": 281800000,
    "link": "https://www.sec.gov/Archives/edgar/data/899051/000089905122000030/0000899051-22-000030-index.htm",
    "finalLink": "https://www.sec.gov/Archives/edgar/data/899051/000089905122000030/all-20220331.htm"
  },
  {
    "date": "2021-12-31",
    "symbol": "ALL",
    "reportedCurrency": "USD",
    "cik": "0000899051",
    "fillingDate": "2022-02-18",
    "acceptedDate": "2022-02-18 15:17:10",
    "calendarYear": "2021",
    "period": "Q4",
    "revenue": 13032000000,
    "costOfRevenue": 9684000000,
    "grossProfit": 3348000000,
    "grossProfitRatio": 0.2569060773,
    "researchAndDevelopmentExpenses": 0,
    "generalAndAdministrativeExpenses": -240000000,
    "sellingAndMarketingExpenses": 0,
    "sellingGeneralAndAdministrativeExpenses": -240000000,
    "otherExpenses": 2195000000,
    "operatingExpenses": 1955000000,
    "costAndExpenses": 11639000000,
    "interestIncome": 0,
    "interestExpense": 84000000,
    "depreciationAndAmortization": 268000000,
    "ebitda": 1745000000,
    "ebitdaratio": 0.1339011664,
    "operatingIncome": 1477000000,
    "operatingIncomeRatio": 0.1133364027,
    "totalOtherIncomeExpensesNet": 0,
    "incomeBeforeTax": 1393000000,
    "incomeBeforeTaxRatio": 0.1068907305,
    "incomeTaxExpense": 281000000,
    "netIncome": 817000000,
    "netIncomeRatio": 0.0626918355,
    "eps": 3.9,
    "epsdiluted": 3.85,
    "weightedAverageShsOut": 285000000,
    "weightedAverageShsOutDil": 289000000,
    "link": "https://www.sec.gov/Archives/edgar/data/899051/000089905122000015/0000899051-22-000015-index.htm",
    "finalLink": "https://www.sec.gov/Archives/edgar/data/899051/000089905122000015/all-20211231.htm"
  },
  {
    "date": "2021-09-30",
    "symbol": "ALL",
    "reportedCurrency": "USD",
    "cik": "0000899051",
    "fillingDate": "2021-11-03",
    "acceptedDate": "2021-11-03 16:21:50",
    "calendarYear": "2021",
    "period": "Q3",
    "revenue": 12495000000,
    "costOfRevenue": 10131000000,
    "grossProfit": 2364000000,
    "grossProfitRatio": 0.1891956783,
    "researchAndDevelopmentExpenses": 0,
    "generalAndAdministrativeExpenses": 40000000,
    "sellingAndMarketingExpenses": 0,
    "sellingGeneralAndAdministrativeExpenses": 40000000,
    "otherExpenses": 2098000000,
    "operatingExpenses": 2138000000,
    "costAndExpenses": 12269000000,
    "interestIncome": 0,
    "interestExpense": 69000000,
    "depreciationAndAmortization": 247000000,
    "ebitda": 542000000,
    "ebitdaratio": 0.0433773509,
    "operatingIncome": 295000000,
    "operatingIncomeRatio": 0.0236094438,
    "totalOtherIncomeExpensesNet": 0,
    "incomeBeforeTax": 226000000,
    "incomeBeforeTaxRatio": 0.0180872349,
    "incomeTaxExpense": 20000000,
    "netIncome": 538000000,
    "netIncomeRatio": 0.0430572229,
    "eps": 1.73,
    "epsdiluted": 1.71,
    "weightedAverageShsOut": 293100000,
    "weightedAverageShsOutDil": 297900000,
    "link": "https://www.sec.gov/Archives/edgar/data/899051/000089905121000103/0000899051-21-000103-index.htm",
    "finalLink": "https://www.sec.gov/Archives/edgar/data/899051/000089905121000103/all-20210930.htm"
  },
  {
    "date": "2021-06-30",
    "symbol": "ALL",
    "reportedCurrency": "USD",
    "cik": "0000899051",
    "fillingDate": "2021-08-04",
    "acceptedDate": "2021-08-04 16:23:43",
    "calendarYear": "2021",
    "period": "Q2",
    "revenue": 12646000000,
    "costOfRevenue": 9012000000,
    "grossProfit": 3634000000,
    "grossProfitRatio": 0.2873635932,
    "researchAndDevelopmentExpenses": 0,
    "generalAndAdministrativeExpenses": -134000000,
    "sellingAndMarketingExpenses": 0,
    "sellingGeneralAndAdministrativeExpenses": -134000000,
    "otherExpenses": 1971000000,
    "operatingExpenses": 1837000000,
    "costAndExpenses": 10849000000,
    "interestIncome": 0,
    "interestExpense": 91000000,
    "depreciationAndAmortization": 311000000,
    "ebitda": 2199000000,
    "ebitdaratio": 0.1738889768,
    "operatingIncome": 1888000000,
    "operatingIncomeRatio": 0.1492962201,
    "totalOtherIncomeExpensesNet": 0,
    "incomeBeforeTax": 1797000000,
    "incomeBeforeTaxRatio": 0.1421002689,
    "incomeTaxExpense": 362000000,
    "netIncome": 1625000000,
    "netIncomeRatio": 0.1284991302,
    "eps": 5.34,
    "epsdiluted": 5.26,
    "weightedAverageShsOut": 298800000,
    "weightedAverageShsOutDil": 303300000,
    "link": "https://www.sec.gov/Archives/edgar/data/899051/000089905121000071/0000899051-21-000071-index.htm",
    "finalLink": "https://www.sec.gov/Archives/edgar/data/899051/000089905121000071/all-20210630.htm"
  },
  {
    "date": "2021-03-31",
    "symbol": "ALL",
    "reportedCurrency": "USD",
    "cik": "0000899051",
    "fillingDate": "2021-05-05",
    "acceptedDate": "2021-05-05 16:22:20",
    "calendarYear": "2021",
    "period": "Q1",
    "revenue": 12451000000,
    "costOfRevenue": 7817000000,
    "grossProfit": 4634000000,
    "grossProfitRatio": 0.3721789415,
    "researchAndDevelopmentExpenses": 0,
    "generalAndAdministrativeExpenses": -310000000,
    "sellingAndMarketingExpenses": 0,
    "sellingGeneralAndAdministrativeExpenses": -310000000,
    "otherExpenses": 1912000000,
    "operatingExpenses": 1602000000,
    "costAndExpenses": 9419000000,
    "interestIncome": 0,
    "interestExpense": 86000000,
    "depreciationAndAmortization": 260000000,
    "ebitda": 3378000000,
    "ebitdaratio": 0.2713035098,
    "operatingIncome": 3118000000,
    "operatingIncomeRatio": 0.2504216529,
    "totalOtherIncomeExpensesNet": 0,
    "incomeBeforeTax": 3032000000,
    "incomeBeforeTaxRatio": 0.2435145771,
    "incomeTaxExpense": 626000000,
    "netIncome": -1381000000,
    "netIncomeRatio": -0.110914786,
    "eps": -4.57,
    "epsdiluted": -4.51,
    "weightedAverageShsOut": 302500000,
    "weightedAverageShsOutDil": 306400000,
    "link": "https://www.sec.gov/Archives/edgar/data/899051/000089905121000036/0000899051-21-000036-index.htm",
    "finalLink": "https://www.sec.gov/Archives/edgar/data/899051/000089905121000036/all-20210331.htm"
  },
  {
    "date": "2020-12-31",
    "symbol": "ALL",
    "reportedCurrency": "USD",
    "cik": "0000899051",
    "fillingDate": "2021-02-22",
    "acceptedDate": "2021-02-19 17:37:16",
    "calendarYear": "2020",
    "period": "Q4",
    "revenue": 12018000000,
    "costOfRevenue": 7428000000,
    "grossProfit": 4590000000,
    "grossProfitRatio": 0.3819271093,
    "researchAndDevelopmentExpenses": 0,
    "generalAndAdministrativeExpenses": -371000000,
    "sellingAndMarketingExpenses": 0,
    "sellingGeneralAndAdministrativeExpenses": -371000000,
    "otherExpenses": 1651000000,
    "operatingExpenses": 1280000000,
    "costAndExpenses": 8708000000,
    "interestIncome": 0,
    "interestExpense": 80000000,
    "depreciationAndAmortization": 186000000,
    "ebitda": 3576000000,
    "ebitdaratio": 0.2975536695,
    "operatingIncome": 3390000000,
    "operatingIncomeRatio": 0.2820768847,
    "totalOtherIncomeExpensesNet": 0,
    "incomeBeforeTax": 3310000000,
    "incomeBeforeTaxRatio": 0.275420203,
    "incomeTaxExpense": 686000000,
    "netIncome": 2624000000,
    "netIncomeRatio": 0.2183391579,
    "eps": 8.54,
    "epsdiluted": 8.45,
    "weightedAverageShsOut": 304300000,
    "weightedAverageShsOutDil": 307600000,
    "link": "https://www.sec.gov/Archives/edgar/data/899051/000089905121000011/0000899051-21-000011-index.htm",
    "finalLink": "https://www.sec.gov/Archives/edgar/data/899051/000089905121000011/all-20201231.htm"
  },
  {
    "date": "2020-09-30",
    "symbol": "ALL",
    "reportedCurrency": "USD",
    "cik": "0000899051",
    "fillingDate": "2020-11-04",
    "acceptedDate": "2020-11-04 16:17:44",
    "calendarYear": "2020",
    "period": "Q3",
    "revenue": 10678000000,
    "costOfRevenue": 7594000000,
    "grossProfit": 3084000000,
    "grossProfitRatio": 0.2888181307,
    "researchAndDevelopmentExpenses": 0,
    "generalAndAdministrativeExpenses": -71000000,
    "sellingAndMarketingExpenses": 0,
    "sellingGeneralAndAdministrativeExpenses": -71000000,
    "otherExpenses": 1627000000,
    "operatingExpenses": 1556000000,
    "costAndExpenses": 9150000000,
    "interestIncome": 0,
    "interestExpense": 78000000,
    "depreciationAndAmortization": 182000000,
    "ebitda": 1788000000,
    "ebitdaratio": 0.1674470875,
    "operatingIncome": 1606000000,
    "operatingIncomeRatio": 0.1504026971,
    "totalOtherIncomeExpensesNet": 0,
    "incomeBeforeTax": 1528000000,
    "incomeBeforeTaxRatio": 0.1430979584,
    "incomeTaxExpense": 312000000,
    "netIncome": 1153000000,
    "netIncomeRatio": 0.1079790223,
    "eps": 3.62,
    "epsdiluted": 3.58,
    "weightedAverageShsOut": 311200000,
    "weightedAverageShsOutDil": 314100000,
    "link": "https://www.sec.gov/Archives/edgar/data/899051/000089905120000078/0000899051-20-000078-index.htm",
    "finalLink": "https://www.sec.gov/Archives/edgar/data/899051/000089905120000078/allcorp-9302010xq.htm"
  },
  {
    "date": "2020-06-30",
    "symbol": "ALL",
    "reportedCurrency": "USD",
    "cik": "0000899051",
    "fillingDate": "2020-08-04",
    "acceptedDate": "2020-08-04 16:36:02",
    "calendarYear": "2020",
    "period": "Q2",
    "revenue": 10403000000,
    "costOfRevenue": 6698000000,
    "grossProfit": 3705000000,
    "grossProfitRatio": 0.3561472652,
    "researchAndDevelopmentExpenses": 0,
    "generalAndAdministrativeExpenses": 73000000,
    "sellingAndMarketingExpenses": 0,
    "sellingGeneralAndAdministrativeExpenses": 73000000,
    "otherExpenses": 2253000000,
    "operatingExpenses": 2326000000,
    "costAndExpenses": 9024000000,
    "interestIncome": 0,
    "interestExpense": 79000000,
    "depreciationAndAmortization": 163000000,
    "ebitda": 1621000000,
    "ebitdaratio": 0.1558204364,
    "operatingIncome": 1458000000,
    "operatingIncomeRatio": 0.1401518793,
    "totalOtherIncomeExpensesNet": 0,
    "incomeBeforeTax": 1379000000,
    "incomeBeforeTaxRatio": 0.132557916,
    "incomeTaxExpense": 273000000,
    "netIncome": 1250000000,
    "netIncomeRatio": 0.1201576468,
    "eps": 3.9,
    "epsdiluted": 3.86,
    "weightedAverageShsOut": 313700000,
    "weightedAverageShsOutDil": 317000000,
    "link": "https://www.sec.gov/Archives/edgar/data/899051/000089905120000054/0000899051-20-000054-index.htm",
    "finalLink": "https://www.sec.gov/Archives/edgar/data/899051/000089905120000054/allcorp-6302010xq.htm"
  },
  {
    "date": "2020-03-31",
    "symbol": "ALL",
    "reportedCurrency": "USD",
    "cik": "0000899051",
    "fillingDate": "2020-05-05",
    "acceptedDate": "2020-05-05 16:21:21",
    "calendarYear": "2020",
    "period": "Q1",
    "revenue": 9866000000,
    "costOfRevenue": 6856000000,
    "grossProfit": 3010000000,
    "grossProfitRatio": 0.3050881816,
    "researchAndDevelopmentExpenses": 0,
    "generalAndAdministrativeExpenses": 318000000,
    "sellingAndMarketingExpenses": 0,
    "sellingGeneralAndAdministrativeExpenses": 318000000,
    "otherExpenses": 1661000000,
    "operatingExpenses": 1979000000,
    "costAndExpenses": 8835000000,
    "interestIncome": 0,
    "interestExpense": 81000000,
    "depreciationAndAmortization": 155000000,
    "ebitda": 1267000000,
    "ebitdaratio": 0.1284208392,
    "operatingIncome": 1112000000,
    "operatingIncomeRatio": 0.1127103183,
    "totalOtherIncomeExpensesNet": 0,
    "incomeBeforeTax": 1031000000,
    "incomeBeforeTaxRatio": 0.1045003041,
    "incomeTaxExpense": 194000000,
    "netIncome": 549000000,
    "netIncomeRatio": 0.0556456517,
    "eps": 1.62,
    "epsdiluted": 1.59,
    "weightedAverageShsOut": 317400000,
    "weightedAverageShsOutDil": 322400000,
    "link": "https://www.sec.gov/Archives/edgar/data/899051/000089905120000029/0000899051-20-000029-index.htm",
    "finalLink": "https://www.sec.gov/Archives/edgar/data/899051/000089905120000029/allcorp-3312010xq.htm"
  },
  {
    "date": "2019-12-31",
    "symbol": "ALL",
    "reportedCurrency": "USD",
    "cik": "0000899051",
    "fillingDate": "2020-02-21",
    "acceptedDate": "2020-02-21 11:07:49",
    "calendarYear": "2019",
    "period": "Q4",
    "revenue": 11472000000,
    "costOfRevenue": 7802000000,
    "grossProfit": 3670000000,
    "grossProfitRatio": 0.3199093445,
    "researchAndDevelopmentExpenses": 0,
    "generalAndAdministrativeExpenses": -251000000,
    "sellingAndMarketingExpenses": 0,
    "sellingGeneralAndAdministrativeExpenses": -251000000,
    "otherExpenses": 1690000000,
    "operatingExpenses": 1439000000,
    "costAndExpenses": 9241000000,
    "interestIncome": 0,
    "interestExpense": 82000000,
    "depreciationAndAmortization": 171000000,
    "ebitda": 2484000000,
    "ebitdaratio": 0.2165271967,
    "operatingIncome": 2313000000,
    "operatingIncomeRatio": 0.2016213389,
    "totalOtherIncomeExpensesNet": 0,
    "incomeBeforeTax": 2231000000,
    "incomeBeforeTaxRatio": 0.1944735007,
    "incomeTaxExpense": 458000000,
    "netIncome": 1773000000,
    "netIncomeRatio": 0.1545502092,
    "eps": 5.32,
    "epsdiluted": 5.23,
    "weightedAverageShsOut": 320700000,
    "weightedAverageShsOutDil": 326300000,
    "link": "https://www.sec.gov/Archives/edgar/data/899051/000089905120000013/0000899051-20-000013-index.htm",
    "finalLink": "https://www.sec.gov/Archives/edgar/data/899051/000089905120000013/allcorp-12311910xk.htm"
  },
  {
    "date": "2019-09-30",
    "symbol": "ALL",
    "reportedCurrency": "USD",
    "cik": "0000899051",
    "fillingDate": "2019-10-29",
    "acceptedDate": "2019-10-29 19:21:51",
    "calendarYear": "2019",
    "period": "Q3",
    "revenue": 11069000000,
    "costOfRevenue": 8158000000,
    "grossProfit": 2911000000,
    "grossProfitRatio": 0.2629867197,
    "researchAndDevelopmentExpenses": 0,
    "generalAndAdministrativeExpenses": 225000000,
    "sellingAndMarketingExpenses": 0,
    "sellingGeneralAndAdministrativeExpenses": 225000000,
    "otherExpenses": 1526000000,
    "operatingExpenses": 1751000000,
    "costAndExpenses": 9909000000,
    "interestIncome": 0,
    "interestExpense": 80000000,
    "depreciationAndAmortization": 159000000,
    "ebitda": 1399000000,
    "ebitdaratio": 0.1263890144,
    "operatingIncome": 1240000000,
    "operatingIncomeRatio": 0.1120245731,
    "totalOtherIncomeExpensesNet": 0,
    "incomeBeforeTax": 1160000000,
    "incomeBeforeTaxRatio": 0.1047971813,
    "incomeTaxExpense": 229000000,
    "netIncome": 931000000,
    "netIncomeRatio": 0.0841087722,
    "eps": 2.71,
    "epsdiluted": 2.67,
    "weightedAverageShsOut": 327700000,
    "weightedAverageShsOutDil": 333000000,
    "link": "https://www.sec.gov/Archives/edgar/data/899051/000089905119000072/0000899051-19-000072-index.htm",
    "finalLink": "https://www.sec.gov/Archives/edgar/data/899051/000089905119000072/allcorp-9301910xq.htm"
  },
  {
    "date": "2019-06-30",
    "symbol": "ALL",
    "reportedCurrency": "USD",
    "cik": "0000899051",
    "fillingDate": "2019-07-30",
    "acceptedDate": "2019-07-30 16:23:48",
    "calendarYear": "2019",
    "period": "Q2",
    "revenue": 11144000000,
    "costOfRevenue": 8385000000,
    "grossProfit": 2759000000,
    "grossProfitRatio": 0.2475771716,
    "researchAndDevelopmentExpenses": 0,
    "generalAndAdministrativeExpenses": 125000000,
    "sellingAndMarketingExpenses": 0,
    "sellingGeneralAndAdministrativeExpenses": 125000000,
    "otherExpenses": 1556000000,
    "operatingExpenses": 1681000000,
    "costAndExpenses": 10066000000,
    "interestIncome": 0,
    "interestExpense": 82000000,
    "depreciationAndAmortization": 160000000,
    "ebitda": 1320000000,
    "ebitdaratio": 0.1184493898,
    "operatingIncome": 1160000000,
    "operatingIncomeRatio": 0.104091888,
    "totalOtherIncomeExpensesNet": 0,
    "incomeBeforeTax": 1078000000,
    "incomeBeforeTaxRatio": 0.0967336683,
    "incomeTaxExpense": 227000000,
    "netIncome": 851000000,
    "netIncomeRatio": 0.0763639627,
    "eps": 2.47,
    "epsdiluted": 2.44,
    "weightedAverageShsOut": 332000000,
    "weightedAverageShsOutDil": 336900000,
    "link": "https://www.sec.gov/Archives/edgar/data/899051/000089905119000060/0000899051-19-000060-index.htm",
    "finalLink": "https://www.sec.gov/Archives/edgar/data/899051/000089905119000060/allcorp-6301910xq.htm"
  },
  {
    "date": "2019-03-31",
    "symbol": "ALL",
    "reportedCurrency": "USD",
    "cik": "0000899051",
    "fillingDate": "2019-05-01",
    "acceptedDate": "2019-05-01 16:21:09",
    "calendarYear": "2019",
    "period": "Q1",
    "revenue": 10990000000,
    "costOfRevenue": 7843000000,
    "grossProfit": 3147000000,
    "grossProfitRatio": 0.2863512284,
    "researchAndDevelopmentExpenses": 0,
    "generalAndAdministrativeExpenses": 15000000,
    "sellingAndMarketingExpenses": 0,
    "sellingGeneralAndAdministrativeExpenses": 15000000,
    "otherExpenses": 1512000000,
    "operatingExpenses": 1527000000,
    "costAndExpenses": 9370000000,
    "interestIncome": 0,
    "interestExpense": 83000000,
    "depreciationAndAmortization": 157000000,
    "ebitda": 1860000000,
    "ebitdaratio": 0.169244768,
    "operatingIncome": 1703000000,
    "operatingIncomeRatio": 0.1549590537,
    "totalOtherIncomeExpensesNet": 0,
    "incomeBeforeTax": 1620000000,
    "incomeBeforeTaxRatio": 0.1474067334,
    "incomeTaxExpense": 328000000,
    "netIncome": 1292000000,
    "netIncomeRatio": 0.1175614195,
    "eps": 3.79,
    "epsdiluted": 3.74,
    "weightedAverageShsOut": 332600000,
    "weightedAverageShsOutDil": 337500000,
    "link": "https://www.sec.gov/Archives/edgar/data/899051/000089905119000022/0000899051-19-000022-index.htm",
    "finalLink": "https://www.sec.gov/Archives/edgar/data/899051/000089905119000022/allcorp-3311910xq.htm"
  },
  {
    "date": "2018-12-31",
    "symbol": "ALL",
    "reportedCurrency": "USD",
    "cik": "0000899051",
    "fillingDate": "2019-02-15",
    "acceptedDate": "2019-02-15 13:43:51",
    "calendarYear": "2018",
    "period": "Q4",
    "revenue": 9481000000,
    "costOfRevenue": 8070000000,
    "grossProfit": 1411000000,
    "grossProfitRatio": 0.1488239637,
    "researchAndDevelopmentExpenses": 0,
    "generalAndAdministrativeExpenses": 1573000000,
    "sellingAndMarketingExpenses": 0,
    "sellingGeneralAndAdministrativeExpenses": 1573000000,
    "otherExpenses": 202000000,
    "operatingExpenses": 1775000000,
    "costAndExpenses": 9845000000,
    "interestIncome": 0,
    "interestExpense": 81000000,
    "depreciationAndAmortization": 135000000,
    "ebitda": -148000000,
    "ebitdaratio": -0.0156101677,
    "operatingIncome": -283000000,
    "operatingIncomeRatio": -0.029849172,
    "totalOtherIncomeExpensesNet": 0,
    "incomeBeforeTax": -364000000,
    "incomeBeforeTaxRatio": -0.0383925746,
    "incomeTaxExpense": -95000000,
    "netIncome": -269000000,
    "netIncomeRatio": -0.0283725345,
    "eps": -0.79,
    "epsdiluted": -0.77,
    "weightedAverageShsOut": 341900000,
    "weightedAverageShsOutDil": 347100000,
    "link": "https://www.sec.gov/Archives/edgar/data/899051/000089905119000007/0000899051-19-000007-index.htm",
    "finalLink": "https://www.sec.gov/Archives/edgar/data/899051/000089905119000007/allcorp-12311810xk.htm"
  },
  {
    "date": "2018-09-30",
    "symbol": "ALL",
    "reportedCurrency": "USD",
    "cik": "0000899051",
    "fillingDate": "2018-10-31",
    "acceptedDate": "2018-10-31 16:22:27",
    "calendarYear": "2018",
    "period": "Q3",
    "revenue": 10465000000,
    "costOfRevenue": 7783000000,
    "grossProfit": 2682000000,
    "grossProfitRatio": 0.2562828476,
    "researchAndDevelopmentExpenses": 0,
    "generalAndAdministrativeExpenses": -39000000,
    "sellingAndMarketingExpenses": 0,
    "sellingGeneralAndAdministrativeExpenses": -39000000,
    "otherExpenses": 1543000000,
    "operatingExpenses": 1504000000,
    "costAndExpenses": 9287000000,
    "interestIncome": 0,
    "interestExpense": 82000000,
    "depreciationAndAmortization": 128000000,
    "ebitda": 1388000000,
    "ebitdaratio": 0.1326325848,
    "operatingIncome": 1260000000,
    "operatingIncomeRatio": 0.1204013378,
    "totalOtherIncomeExpensesNet": 0,
    "incomeBeforeTax": 1178000000,
    "incomeBeforeTaxRatio": 0.1125656952,
    "incomeTaxExpense": 199000000,
    "netIncome": 979000000,
    "netIncomeRatio": 0.0935499283,
    "eps": 2.72,
    "epsdiluted": 2.68,
    "weightedAverageShsOut": 346000000,
    "weightedAverageShsOutDil": 351700000,
    "link": "https://www.sec.gov/Archives/edgar/data/899051/000089905118000056/0000899051-18-000056-index.htm",
    "finalLink": "https://www.sec.gov/Archives/edgar/data/899051/000089905118000056/allcorp-9301810xq.htm"
  },
  {
    "date": "2018-06-30",
    "symbol": "ALL",
    "reportedCurrency": "USD",
    "cik": "0000899051",
    "fillingDate": "2018-08-01",
    "acceptedDate": "2018-08-01 16:20:43",
    "calendarYear": "2018",
    "period": "Q2",
    "revenue": 10099000000,
    "costOfRevenue": 7721000000,
    "grossProfit": 2378000000,
    "grossProfitRatio": 0.2354688583,
    "researchAndDevelopmentExpenses": 0,
    "generalAndAdministrativeExpenses": -7000000,
    "sellingAndMarketingExpenses": 0,
    "sellingGeneralAndAdministrativeExpenses": -7000000,
    "otherExpenses": 1488000000,
    "operatingExpenses": 1481000000,
    "costAndExpenses": 9202000000,
    "interestIncome": 0,
    "interestExpense": 86000000,
    "depreciationAndAmortization": 126000000,
    "ebitda": 1109000000,
    "ebitdaratio": 0.1098128528,
    "operatingIncome": 983000000,
    "operatingIncomeRatio": 0.0973363699,
    "totalOtherIncomeExpensesNet": 0,
    "incomeBeforeTax": 897000000,
    "incomeBeforeTaxRatio": 0.0888206753,
    "incomeTaxExpense": 180000000,
    "netIncome": 717000000,
    "netIncomeRatio": 0.0709971284,
    "eps": 1.94,
    "epsdiluted": 1.91,
    "weightedAverageShsOut": 349200000,
    "weightedAverageShsOutDil": 354600000,
    "link": "https://www.sec.gov/Archives/edgar/data/899051/000089905118000044/0000899051-18-000044-index.htm",
    "finalLink": "https://www.sec.gov/Archives/edgar/data/899051/000089905118000044/allcorp-6301810xq.htm"
  },
  {
    "date": "2018-03-31",
    "symbol": "ALL",
    "reportedCurrency": "USD",
    "cik": "0000899051",
    "fillingDate": "2018-05-01",
    "acceptedDate": "2018-05-01 17:03:50",
    "calendarYear": "2018",
    "period": "Q1",
    "revenue": 9770000000,
    "costOfRevenue": 7067000000,
    "grossProfit": 2703000000,
    "grossProfitRatio": 0.2766632549,
    "researchAndDevelopmentExpenses": 0,
    "generalAndAdministrativeExpenses": 14000000,
    "sellingAndMarketingExpenses": 0,
    "sellingGeneralAndAdministrativeExpenses": 14000000,
    "otherExpenses": 1426000000,
    "operatingExpenses": 1440000000,
    "costAndExpenses": 8507000000,
    "interestIncome": 0,
    "interestExpense": 83000000,
    "depreciationAndAmortization": 122000000,
    "ebitda": 1468000000,
    "ebitdaratio": 0.1502558854,
    "operatingIncome": 1346000000,
    "operatingIncomeRatio": 0.1377686796,
    "totalOtherIncomeExpensesNet": 0,
    "incomeBeforeTax": 1263000000,
    "incomeBeforeTaxRatio": 0.1292732856,
    "incomeTaxExpense": 257000000,
    "netIncome": 1006000000,
    "netIncomeRatio": 0.1029682702,
    "eps": 2.76,
    "epsdiluted": 2.71,
    "weightedAverageShsOut": 354100000,
    "weightedAverageShsOutDil": 359900000,
    "link": "https://www.sec.gov/Archives/edgar/data/899051/000089905118000017/0000899051-18-000017-index.htm",
    "finalLink": "https://www.sec.gov/Archives/edgar/data/899051/000089905118000017/allcorp-3311810xq.htm"
  },
  {
    "date": "2017-12-31",
    "symbol": "ALL",
    "reportedCurrency": "USD",
    "cik": "0000899051",
    "fillingDate": "2018-02-26",
    "acceptedDate": "2018-02-26 17:10:16",
    "calendarYear": "2017",
    "period": "Q4",
    "revenue": 9843000000,
    "costOfRevenue": 7193000000,
    "grossProfit": 2650000000,
    "grossProfitRatio": 0.2692268617,
    "researchAndDevelopmentExpenses": 0,
    "generalAndAdministrativeExpenses": 1257000000,
    "sellingAndMarketingExpenses": 0,
    "sellingGeneralAndAdministrativeExpenses": 1257000000,
    "otherExpenses": 236000000,
    "operatingExpenses": 1493000000,
    "costAndExpenses": 8686000000,
    "interestIncome": 0,
    "interestExpense": 84000000,
    "depreciationAndAmortization": 125000000,
    "ebitda": 1366000000,
    "ebitdaratio": 0.1387788276,
    "operatingIncome": 1241000000,
    "operatingIncomeRatio": 0.1260794473,
    "totalOtherIncomeExpensesNet": 0,
    "incomeBeforeTax": 1157000000,
    "incomeBeforeTaxRatio": 0.1175454638,
    "incomeTaxExpense": -92000000,
    "netIncome": 1249000000,
    "netIncomeRatio": 0.1268922077,
    "eps": 3.41,
    "epsdiluted": 3.35,
    "weightedAverageShsOut": 357500000,
    "weightedAverageShsOutDil": 363800000,
    "link": "https://www.sec.gov/Archives/edgar/data/899051/000089905118000007/0000899051-18-000007-index.htm",
    "finalLink": "https://www.sec.gov/Archives/edgar/data/899051/000089905118000007/allcorp-12311710xk.htm"
  },
  {
    "date": "2017-09-30",
    "symbol": "ALL",
    "reportedCurrency": "USD",
    "cik": "0000899051",
    "fillingDate": "2017-11-01",
    "acceptedDate": "2017-11-01 16:23:57",
    "calendarYear": "2017",
    "period": "Q3",
    "revenue": 9888000000,
    "costOfRevenue": 7375000000,
    "grossProfit": 2513000000,
    "grossProfitRatio": 0.2541464401,
    "researchAndDevelopmentExpenses": 0,
    "generalAndAdministrativeExpenses": 1446000000,
    "sellingAndMarketingExpenses": 0,
    "sellingGeneralAndAdministrativeExpenses": 1446000000,
    "otherExpenses": 96000000,
    "operatingExpenses": 1542000000,
    "costAndExpenses": 8917000000,
    "interestIncome": 0,
    "interestExpense": 83000000,
    "depreciationAndAmortization": 120000000,
    "ebitda": 1174000000,
    "ebitdaratio": 0.1187297735,
    "operatingIncome": 1054000000,
    "operatingIncomeRatio": 0.1065938511,
    "totalOtherIncomeExpensesNet": 0,
    "incomeBeforeTax": 971000000,
    "incomeBeforeTaxRatio": 0.0981998382,
    "incomeTaxExpense": 305000000,
    "netIncome": 666000000,
    "netIncomeRatio": 0.0673543689,
    "eps": 1.76,
    "epsdiluted": 1.74,
    "weightedAverageShsOut": 361300000,
    "weightedAverageShsOutDil": 367100000,
    "link": "https://www.sec.gov/Archives/edgar/data/899051/000089905117000055/0000899051-17-000055-index.htm",
    "finalLink": "https://www.sec.gov/Archives/edgar/data/899051/000089905117000055/allcorp-9301710xq.htm"
  },
  {
    "date": "2017-06-30",
    "symbol": "ALL",
    "reportedCurrency": "USD",
    "cik": "0000899051",
    "fillingDate": "2017-08-01",
    "acceptedDate": "2017-08-01 16:23:33",
    "calendarYear": "2017",
    "period": "Q2",
    "revenue": 9813000000,
    "costOfRevenue": 7526000000,
    "grossProfit": 2287000000,
    "grossProfitRatio": 0.2330581881,
    "researchAndDevelopmentExpenses": 0,
    "generalAndAdministrativeExpenses": 1312000000,
    "sellingAndMarketingExpenses": 0,
    "sellingGeneralAndAdministrativeExpenses": 1312000000,
    "otherExpenses": 124000000,
    "operatingExpenses": 1436000000,
    "costAndExpenses": 8962000000,
    "interestIncome": 0,
    "interestExpense": 83000000,
    "depreciationAndAmortization": 119000000,
    "ebitda": 1053000000,
    "ebitdaratio": 0.1073066341,
    "operatingIncome": 934000000,
    "operatingIncomeRatio": 0.0951798634,
    "totalOtherIncomeExpensesNet": 0,
    "incomeBeforeTax": 851000000,
    "incomeBeforeTaxRatio": 0.0867216957,
    "incomeTaxExpense": 272000000,
    "netIncome": 579000000,
    "netIncomeRatio": 0.0590033629,
    "eps": 1.51,
    "epsdiluted": 1.49,
    "weightedAverageShsOut": 363600000,
    "weightedAverageShsOutDil": 369000000,
    "link": "https://www.sec.gov/Archives/edgar/data/899051/000089905117000044/0000899051-17-000044-index.htm",
    "finalLink": "https://www.sec.gov/Archives/edgar/data/899051/000089905117000044/allcorp-6301710xq.htm"
  },
  {
    "date": "2017-03-31",
    "symbol": "ALL",
    "reportedCurrency": "USD",
    "cik": "0000899051",
    "fillingDate": "2017-05-02",
    "acceptedDate": "2017-05-02 16:26:05",
    "calendarYear": "2017",
    "period": "Q1",
    "revenue": 9644000000,
    "costOfRevenue": 7232000000,
    "grossProfit": 2412000000,
    "grossProfitRatio": 0.2501036914,
    "researchAndDevelopmentExpenses": 0,
    "generalAndAdministrativeExpenses": 1307000000,
    "sellingAndMarketingExpenses": 0,
    "sellingGeneralAndAdministrativeExpenses": 1307000000,
    "otherExpenses": 93000000,
    "operatingExpenses": 1400000000,
    "costAndExpenses": 8632000000,
    "interestIncome": 0,
    "interestExpense": 85000000,
    "depreciationAndAmortization": 119000000,
    "ebitda": 1216000000,
    "ebitdaratio": 0.1260887599,
    "operatingIncome": 1097000000,
    "operatingIncomeRatio": 0.1137494815,
    "totalOtherIncomeExpensesNet": 0,
    "incomeBeforeTax": 1012000000,
    "incomeBeforeTaxRatio": 0.1049357113,
    "incomeTaxExpense": 317000000,
    "netIncome": 695000000,
    "netIncomeRatio": 0.072065533,
    "eps": 1.82,
    "epsdiluted": 1.79,
    "weightedAverageShsOut": 365700000,
    "weightedAverageShsOutDil": 371300000,
    "link": "https://www.sec.gov/Archives/edgar/data/899051/000089905117000012/0000899051-17-000012-index.htm",
    "finalLink": "https://www.sec.gov/Archives/edgar/data/899051/000089905117000012/allcorp-3311710xq.htm"
  },
  {
    "date": "2016-12-31",
    "symbol": "ALL",
    "reportedCurrency": "USD",
    "cik": "0000899051",
    "fillingDate": "2017-02-17",
    "acceptedDate": "2017-02-17 14:43:26",
    "calendarYear": "2016",
    "period": "Q4",
    "revenue": 9278000000,
    "costOfRevenue": 6872000000,
    "grossProfit": 2406000000,
    "grossProfitRatio": 0.25932313,
    "researchAndDevelopmentExpenses": 0,
    "generalAndAdministrativeExpenses": 1063000000,
    "sellingAndMarketingExpenses": 0,
    "sellingGeneralAndAdministrativeExpenses": 1063000000,
    "otherExpenses": 85000000,
    "operatingExpenses": 1148000000,
    "costAndExpenses": 8020000000,
    "interestIncome": 0,
    "interestExpense": 77000000,
    "depreciationAndAmortization": 97000000,
    "ebitda": 1432000000,
    "ebitdaratio": 0.1543436085,
    "operatingIncome": 1335000000,
    "operatingIncomeRatio": 0.1438887691,
    "totalOtherIncomeExpensesNet": 0,
    "incomeBeforeTax": 1258000000,
    "incomeBeforeTaxRatio": 0.1355895667,
    "incomeTaxExpense": 418000000,
    "netIncome": 840000000,
    "netIncomeRatio": 0.0905367536,
    "eps": 2.2,
    "epsdiluted": 2.18,
    "weightedAverageShsOut": 368000000,
    "weightedAverageShsOutDil": 372500000,
    "link": "https://www.sec.gov/Archives/edgar/data/899051/000089905117000005/0000899051-17-000005-index.htm",
    "finalLink": "https://www.sec.gov/Archives/edgar/data/899051/000089905117000005/allcorp-12311610xk.htm"
  },
  {
    "date": "2016-09-30",
    "symbol": "ALL",
    "reportedCurrency": "USD",
    "cik": "0000899051",
    "fillingDate": "2016-11-02",
    "acceptedDate": "2016-11-02 16:24:47",
    "calendarYear": "2016",
    "period": "Q3",
    "revenue": 9221000000,
    "costOfRevenue": 7358000000,
    "grossProfit": 1863000000,
    "grossProfitRatio": 0.2020388244,
    "researchAndDevelopmentExpenses": 0,
    "generalAndAdministrativeExpenses": 1021000000,
    "sellingAndMarketingExpenses": 0,
    "sellingGeneralAndAdministrativeExpenses": 1021000000,
    "otherExpenses": 77000000,
    "operatingExpenses": 1098000000,
    "costAndExpenses": 8456000000,
    "interestIncome": 0,
    "interestExpense": 73000000,
    "depreciationAndAmortization": 97000000,
    "ebitda": 935000000,
    "ebitdaratio": 0.1013989806,
    "operatingIncome": 838000000,
    "operatingIncomeRatio": 0.0908795142,
    "totalOtherIncomeExpensesNet": 0,
    "incomeBeforeTax": 765000000,
    "incomeBeforeTaxRatio": 0.0829628023,
    "incomeTaxExpense": 245000000,
    "netIncome": 520000000,
    "netIncomeRatio": 0.0563930159,
    "eps": 1.32,
    "epsdiluted": 1.31,
    "weightedAverageShsOut": 371500000,
    "weightedAverageShsOutDil": 375900000,
    "link": "https://www.sec.gov/Archives/edgar/data/899051/000089905116000082/0000899051-16-000082-index.htm",
    "finalLink": "https://www.sec.gov/Archives/edgar/data/899051/000089905116000082/allcorp-9301610xq.htm"
  },
  {
    "date": "2016-06-30",
    "symbol": "ALL",
    "reportedCurrency": "USD",
    "cik": "0000899051",
    "fillingDate": "2016-08-03",
    "acceptedDate": "2016-08-03 16:22:10",
    "calendarYear": "2016",
    "period": "Q2",
    "revenue": 9164000000,
    "costOfRevenue": 7666000000,
    "grossProfit": 1498000000,
    "grossProfitRatio": 0.1634657355,
    "researchAndDevelopmentExpenses": 0,
    "generalAndAdministrativeExpenses": 1040000000,
    "sellingAndMarketingExpenses": 0,
    "sellingGeneralAndAdministrativeExpenses": 1040000000,
    "otherExpenses": 82000000,
    "operatingExpenses": 1122000000,
    "costAndExpenses": 8788000000,
    "interestIncome": 0,
    "interestExpense": 72000000,
    "depreciationAndAmortization": 97000000,
    "ebitda": 545000000,
    "ebitdaratio": 0.0594718464,
    "operatingIncome": 448000000,
    "operatingIncomeRatio": 0.0488869489,
    "totalOtherIncomeExpensesNet": 0,
    "incomeBeforeTax": 376000000,
    "incomeBeforeTaxRatio": 0.0410301179,
    "incomeTaxExpense": 105000000,
    "netIncome": 271000000,
    "netIncomeRatio": 0.0295722392,
    "eps": 0.65,
    "epsdiluted": 0.64,
    "weightedAverageShsOut": 373600000,
    "weightedAverageShsOutDil": 378100000,
    "link": "https://www.sec.gov/Archives/edgar/data/899051/000089905116000070/0000899051-16-000070-index.htm",
    "finalLink": "https://www.sec.gov/Archives/edgar/data/899051/000089905116000070/allcorp-6301610xq.htm"
  },
  {
    "date": "2016-03-31",
    "symbol": "ALL",
    "reportedCurrency": "USD",
    "cik": "0000899051",
    "fillingDate": "2016-05-04",
    "acceptedDate": "2016-05-04 16:34:16",
    "calendarYear": "2016",
    "period": "Q1",
    "revenue": 8871000000,
    "costOfRevenue": 7458000000,
    "grossProfit": 1413000000,
    "grossProfitRatio": 0.1592830572,
    "researchAndDevelopmentExpenses": 0,
    "generalAndAdministrativeExpenses": 982000000,
    "sellingAndMarketingExpenses": 0,
    "sellingGeneralAndAdministrativeExpenses": 982000000,
    "otherExpenses": 76000000,
    "operatingExpenses": 1058000000,
    "costAndExpenses": 8516000000,
    "interestIncome": 0,
    "interestExpense": 73000000,
    "depreciationAndAmortization": 91000000,
    "ebitda": 519000000,
    "ebitdaratio": 0.0585052418,
    "operatingIncome": 428000000,
    "operatingIncomeRatio": 0.0482470973,
    "totalOtherIncomeExpensesNet": 0,
    "incomeBeforeTax": 355000000,
    "incomeBeforeTaxRatio": 0.0400180363,
    "incomeTaxExpense": 109000000,
    "netIncome": 246000000,
    "netIncomeRatio": 0.0277308083,
    "eps": 0.57,
    "epsdiluted": 0.57,
    "weightedAverageShsOut": 378100000,
    "weightedAverageShsOutDil": 382900000,
    "link": "https://www.sec.gov/Archives/edgar/data/899051/000089905116000048/0000899051-16-000048-index.htm",
    "finalLink": "https://www.sec.gov/Archives/edgar/data/899051/000089905116000048/allcorp-3311610xq.htm"
  },
  {
    "date": "2015-12-31",
    "symbol": "ALL",
    "reportedCurrency": "USD",
    "cik": "0000899051",
    "fillingDate": "2016-02-19",
    "acceptedDate": "2016-02-19 14:04:26",
    "calendarYear": "2015",
    "period": "Q4",
    "revenue": 8691000000,
    "costOfRevenue": 6954000000,
    "grossProfit": 1737000000,
    "grossProfitRatio": 0.1998619261,
    "researchAndDevelopmentExpenses": 0,
    "generalAndAdministrativeExpenses": 938000000,
    "sellingAndMarketingExpenses": 0,
    "sellingGeneralAndAdministrativeExpenses": 938000000,
    "otherExpenses": 79000000,
    "operatingExpenses": 1017000000,
    "costAndExpenses": 7971000000,
    "interestIncome": 0,
    "interestExpense": 73000000,
    "depreciationAndAmortization": 96000000,
    "ebitda": 889000000,
    "ebitdaratio": 0.102289725,
    "operatingIncome": 793000000,
    "operatingIncomeRatio": 0.0912438154,
    "totalOtherIncomeExpensesNet": 0,
    "incomeBeforeTax": 720000000,
    "incomeBeforeTaxRatio": 0.0828443217,
    "incomeTaxExpense": 231000000,
    "netIncome": 489000000,
    "netIncomeRatio": 0.0562651018,
    "eps": 1.19,
    "epsdiluted": 1.18,
    "weightedAverageShsOut": 385000000,
    "weightedAverageShsOutDil": 390200000,
    "link": "https://www.sec.gov/Archives/edgar/data/899051/000089905116000040/0000899051-16-000040-index.htm",
    "finalLink": "https://www.sec.gov/Archives/edgar/data/899051/000089905116000040/allcorp-12311510xk.htm"
  },
  {
    "date": "2015-09-30",
    "symbol": "ALL",
    "reportedCurrency": "USD",
    "cik": "0000899051",
    "fillingDate": "2015-11-02",
    "acceptedDate": "2015-11-02 16:26:50",
    "calendarYear": "2015",
    "period": "Q3",
    "revenue": 9028000000,
    "costOfRevenue": 7001000000,
    "grossProfit": 2027000000,
    "grossProfitRatio": 0.224523704,
    "researchAndDevelopmentExpenses": 0,
    "generalAndAdministrativeExpenses": 992000000,
    "sellingAndMarketingExpenses": 0,
    "sellingGeneralAndAdministrativeExpenses": 992000000,
    "otherExpenses": 80000000,
    "operatingExpenses": 1072000000,
    "costAndExpenses": 8073000000,
    "interestIncome": 0,
    "interestExpense": 73000000,
    "depreciationAndAmortization": 96000000,
    "ebitda": 1124000000,
    "ebitdaratio": 0.1245015507,
    "operatingIncome": 1028000000,
    "operatingIncomeRatio": 0.1138679663,
    "totalOtherIncomeExpensesNet": 0,
    "incomeBeforeTax": 955000000,
    "incomeBeforeTaxRatio": 0.1057820115,
    "incomeTaxExpense": 305000000,
    "netIncome": 650000000,
    "netIncomeRatio": 0.0719982277,
    "eps": 1.56,
    "epsdiluted": 1.54,
    "weightedAverageShsOut": 397000000,
    "weightedAverageShsOutDil": 402100000,
    "link": "https://www.sec.gov/Archives/edgar/data/899051/000089905115000032/0000899051-15-000032-index.htm",
    "finalLink": "https://www.sec.gov/Archives/edgar/data/899051/000089905115000032/allcorp-9301510xq.htm"
  },
  {
    "date": "2015-06-30",
    "symbol": "ALL",
    "reportedCurrency": "USD",
    "cik": "0000899051",
    "fillingDate": "2015-08-03",
    "acceptedDate": "2015-08-03 16:49:17",
    "calendarYear": "2015",
    "period": "Q2",
    "revenue": 8982000000,
    "costOfRevenue": 7304000000,
    "grossProfit": 1678000000,
    "grossProfitRatio": 0.1868180806,
    "researchAndDevelopmentExpenses": 0,
    "generalAndAdministrativeExpenses": 1061000000,
    "sellingAndMarketingExpenses": 0,
    "sellingGeneralAndAdministrativeExpenses": 1061000000,
    "otherExpenses": 91000000,
    "operatingExpenses": 1152000000,
    "costAndExpenses": 8456000000,
    "interestIncome": 0,
    "interestExpense": 73000000,
    "depreciationAndAmortization": 92000000,
    "ebitda": 691000000,
    "ebitdaratio": 0.0769316411,
    "operatingIncome": 599000000,
    "operatingIncomeRatio": 0.0666889334,
    "totalOtherIncomeExpensesNet": 0,
    "incomeBeforeTax": 526000000,
    "incomeBeforeTaxRatio": 0.0585615676,
    "incomeTaxExpense": 171000000,
    "netIncome": 355000000,
    "netIncomeRatio": 0.0395234914,
    "eps": 0.8,
    "epsdiluted": 0.79,
    "weightedAverageShsOut": 407000000,
    "weightedAverageShsOutDil": 412600000,
    "link": "https://www.sec.gov/Archives/edgar/data/899051/000089905115000025/0000899051-15-000025-index.htm",
    "finalLink": "https://www.sec.gov/Archives/edgar/data/899051/000089905115000025/allcorp-6301510xq.htm"
  },
  {
    "date": "2015-03-31",
    "symbol": "ALL",
    "reportedCurrency": "USD",
    "cik": "0000899051",
    "fillingDate": "2015-05-05",
    "acceptedDate": "2015-05-05 16:10:34",
    "calendarYear": "2015",
    "period": "Q1",
    "revenue": 8952000000,
    "costOfRevenue": 6703000000,
    "grossProfit": 2249000000,
    "grossProfitRatio": 0.2512287757,
    "researchAndDevelopmentExpenses": 0,
    "generalAndAdministrativeExpenses": 1090000000,
    "sellingAndMarketingExpenses": 0,
    "sellingGeneralAndAdministrativeExpenses": 1090000000,
    "otherExpenses": 78000000,
    "operatingExpenses": 1168000000,
    "costAndExpenses": 7871000000,
    "interestIncome": 0,
    "interestExpense": 73000000,
    "depreciationAndAmortization": 87000000,
    "ebitda": 1241000000,
    "ebitdaratio": 0.1386282395,
    "operatingIncome": 1154000000,
    "operatingIncomeRatio": 0.1289097408,
    "totalOtherIncomeExpensesNet": 0,
    "incomeBeforeTax": 1081000000,
    "incomeBeforeTaxRatio": 0.1207551385,
    "incomeTaxExpense": 404000000,
    "netIncome": 677000000,
    "netIncomeRatio": 0.0756255585,
    "eps": 1.56,
    "epsdiluted": 1.53,
    "weightedAverageShsOut": 415800000,
    "weightedAverageShsOutDil": 422600000,
    "link": "https://www.sec.gov/Archives/edgar/data/899051/000089905115000011/0000899051-15-000011-index.htm",
    "finalLink": "https://www.sec.gov/Archives/edgar/data/899051/000089905115000011/allcorp-3311510xq.htm"
  },
  {
    "date": "2014-12-31",
    "symbol": "ALL",
    "reportedCurrency": "USD",
    "cik": "0000899051",
    "fillingDate": "2015-02-19",
    "acceptedDate": "2015-02-19 09:41:19",
    "calendarYear": "2014",
    "period": "Q4",
    "revenue": 8759000000,
    "costOfRevenue": 6286000000,
    "grossProfit": 2473000000,
    "grossProfitRatio": 0.2823381665,
    "researchAndDevelopmentExpenses": 0,
    "generalAndAdministrativeExpenses": 1156000000,
    "sellingAndMarketingExpenses": 0,
    "sellingGeneralAndAdministrativeExpenses": 1156000000,
    "otherExpenses": 75000000,
    "operatingExpenses": 1231000000,
    "costAndExpenses": 7517000000,
    "interestIncome": 0,
    "interestExpense": 73000000,
    "depreciationAndAmortization": 89000000,
    "ebitda": 1404000000,
    "ebitdaratio": 0.1602922708,
    "operatingIncome": 1315000000,
    "operatingIncomeRatio": 0.1501312935,
    "totalOtherIncomeExpensesNet": 0,
    "incomeBeforeTax": 1242000000,
    "incomeBeforeTaxRatio": 0.1417970088,
    "incomeTaxExpense": 418000000,
    "netIncome": 824000000,
    "netIncomeRatio": 0.0940746661,
    "eps": 1.89,
    "epsdiluted": 1.86,
    "weightedAverageShsOut": 420200000,
    "weightedAverageShsOutDil": 427700000,
    "link": "https://www.sec.gov/Archives/edgar/data/899051/000104746915000935/0001047469-15-000935-index.htm",
    "finalLink": "https://www.sec.gov/Archives/edgar/data/899051/000104746915000935/a2223004z10-k.htm"
  },
  {
    "date": "2014-09-30",
    "symbol": "ALL",
    "reportedCurrency": "USD",
    "cik": "0000899051",
    "fillingDate": "2014-10-29",
    "acceptedDate": "2014-10-29 16:12:28",
    "calendarYear": "2014",
    "period": "Q3",
    "revenue": 8936000000,
    "costOfRevenue": 6570000000,
    "grossProfit": 2366000000,
    "grossProfitRatio": 0.2647717099,
    "researchAndDevelopmentExpenses": 0,
    "generalAndAdministrativeExpenses": 1068000000,
    "sellingAndMarketingExpenses": 0,
    "sellingGeneralAndAdministrativeExpenses": 1068000000,
    "otherExpenses": 108000000,
    "operatingExpenses": 1176000000,
    "costAndExpenses": 7746000000,
    "interestIncome": 0,
    "interestExpense": 78000000,
    "depreciationAndAmortization": 88000000,
    "ebitda": 1356000000,
    "ebitdaratio": 0.1517457475,
    "operatingIncome": 1268000000,
    "operatingIncomeRatio": 0.1418979409,
    "totalOtherIncomeExpensesNet": 0,
    "incomeBeforeTax": 1190000000,
    "incomeBeforeTaxRatio": 0.1331692032,
    "incomeTaxExpense": 409000000,
    "netIncome": 781000000,
    "netIncomeRatio": 0.0873992838,
    "eps": 1.77,
    "epsdiluted": 1.74,
    "weightedAverageShsOut": 424500000,
    "weightedAverageShsOutDil": 431200000,
    "link": "https://www.sec.gov/Archives/edgar/data/899051/000110465914074832/0001104659-14-074832-index.htm",
    "finalLink": "https://www.sec.gov/Archives/edgar/data/899051/000110465914074832/a14-19924_110q.htm"
  },
  {
    "date": "2014-06-30",
    "symbol": "ALL",
    "reportedCurrency": "USD",
    "cik": "0000899051",
    "fillingDate": "2014-07-30",
    "acceptedDate": "2014-07-30 16:17:02",
    "calendarYear": "2014",
    "period": "Q2",
    "revenue": 8860000000,
    "costOfRevenue": 6802000000,
    "grossProfit": 2058000000,
    "grossProfitRatio": 0.2322799097,
    "researchAndDevelopmentExpenses": 0,
    "generalAndAdministrativeExpenses": 1023000000,
    "sellingAndMarketingExpenses": 0,
    "sellingGeneralAndAdministrativeExpenses": 1023000000,
    "otherExpenses": 80000000,
    "operatingExpenses": 1103000000,
    "costAndExpenses": 7905000000,
    "interestIncome": 0,
    "interestExpense": 84000000,
    "depreciationAndAmortization": 91000000,
    "ebitda": 1130000000,
    "ebitdaratio": 0.1275395034,
    "operatingIncome": 1039000000,
    "operatingIncomeRatio": 0.117268623,
    "totalOtherIncomeExpensesNet": 0,
    "incomeBeforeTax": 955000000,
    "incomeBeforeTaxRatio": 0.1077878104,
    "incomeTaxExpense": 310000000,
    "netIncome": 645000000,
    "netIncomeRatio": 0.0727990971,
    "eps": 1.41,
    "epsdiluted": 1.39,
    "weightedAverageShsOut": 434300000,
    "weightedAverageShsOutDil": 440700000,
    "link": "https://www.sec.gov/Archives/edgar/data/899051/000110465914054946/0001104659-14-054946-index.htm",
    "finalLink": "https://www.sec.gov/Archives/edgar/data/899051/000110465914054946/a14-14618_110q.htm"
  },
  {
    "date": "2014-03-31",
    "symbol": "ALL",
    "reportedCurrency": "USD",
    "cik": "0000899051",
    "fillingDate": "2014-05-06",
    "acceptedDate": "2014-05-06 16:18:17",
    "calendarYear": "2014",
    "period": "Q1",
    "revenue": 8684000000,
    "costOfRevenue": 6589000000,
    "grossProfit": 2095000000,
    "grossProfitRatio": 0.2412482727,
    "researchAndDevelopmentExpenses": 0,
    "generalAndAdministrativeExpenses": 1094000000,
    "sellingAndMarketingExpenses": 0,
    "sellingGeneralAndAdministrativeExpenses": 1094000000,
    "otherExpenses": 152000000,
    "operatingExpenses": 1246000000,
    "costAndExpenses": 7835000000,
    "interestIncome": 0,
    "interestExpense": 87000000,
    "depreciationAndAmortization": 98000000,
    "ebitda": 1034000000,
    "ebitdaratio": 0.1190695532,
    "operatingIncome": 936000000,
    "operatingIncomeRatio": 0.1077844311,
    "totalOtherIncomeExpensesNet": 0,
    "incomeBeforeTax": 849000000,
    "incomeBeforeTaxRatio": 0.0977660064,
    "incomeTaxExpense": 249000000,
    "netIncome": 600000000,
    "netIncomeRatio": 0.0690925841,
    "eps": 1.31,
    "epsdiluted": 1.3,
    "weightedAverageShsOut": 446400000,
    "weightedAverageShsOutDil": 452800000,
    "link": "https://www.sec.gov/Archives/edgar/data/899051/000110465914035224/0001104659-14-035224-index.htm",
    "finalLink": "https://www.sec.gov/Archives/edgar/data/899051/000110465914035224/a14-8819_110q.htm"
  },
  {
    "date": "2013-12-31",
    "symbol": "ALL",
    "reportedCurrency": "USD",
    "cik": "0000899051",
    "fillingDate": "2014-02-20",
    "acceptedDate": "2014-02-20 12:59:44",
    "calendarYear": "2013",
    "period": "Q4",
    "revenue": 8792000000,
    "costOfRevenue": 6147000000,
    "grossProfit": 2645000000,
    "grossProfitRatio": 0.3008416742,
    "researchAndDevelopmentExpenses": 0,
    "generalAndAdministrativeExpenses": 1258000000,
    "sellingAndMarketingExpenses": 0,
    "sellingGeneralAndAdministrativeExpenses": 1258000000,
    "otherExpenses": 144000000,
    "operatingExpenses": 1402000000,
    "costAndExpenses": 7549000000,
    "interestIncome": 0,
    "interestExpense": 87000000,
    "depreciationAndAmortization": 122000000,
    "ebitda": 1452000000,
    "ebitdaratio": 0.1651501365,
    "operatingIncome": 1330000000,
    "operatingIncomeRatio": 0.1512738854,
    "totalOtherIncomeExpensesNet": 0,
    "incomeBeforeTax": 1243000000,
    "incomeBeforeTaxRatio": 0.1413785259,
    "incomeTaxExpense": 422000000,
    "netIncome": 821000000,
    "netIncomeRatio": 0.0933803458,
    "eps": 1.84,
    "epsdiluted": 1.81,
    "weightedAverageShsOut": 446400000,
    "weightedAverageShsOutDil": 452800000,
    "link": "https://www.sec.gov/Archives/edgar/data/899051/000104746914001083/0001047469-14-001083-index.htm",
    "finalLink": "https://www.sec.gov/Archives/edgar/data/899051/000104746914001083/a2218256z10-k.htm"
  },
  {
    "date": "2013-09-30",
    "symbol": "ALL",
    "reportedCurrency": "USD",
    "cik": "0000899051",
    "fillingDate": "2013-10-30",
    "acceptedDate": "2013-10-30 16:15:37",
    "calendarYear": "2013",
    "period": "Q3",
    "revenue": 8465000000,
    "costOfRevenue": 6268000000,
    "grossProfit": 2197000000,
    "grossProfitRatio": 0.2595392794,
    "researchAndDevelopmentExpenses": 0,
    "generalAndAdministrativeExpenses": 937000000,
    "sellingAndMarketingExpenses": 0,
    "sellingGeneralAndAdministrativeExpenses": 937000000,
    "otherExpenses": 751000000,
    "operatingExpenses": 1688000000,
    "costAndExpenses": 7956000000,
    "interestIncome": 0,
    "interestExpense": 83000000,
    "depreciationAndAmortization": 66000000,
    "ebitda": 658000000,
    "ebitdaratio": 0.077731837,
    "operatingIncome": 592000000,
    "operatingIncomeRatio": 0.0699350266,
    "totalOtherIncomeExpensesNet": 0,
    "incomeBeforeTax": 509000000,
    "incomeBeforeTaxRatio": 0.0601299468,
    "incomeTaxExpense": 193000000,
    "netIncome": 316000000,
    "netIncomeRatio": 0.0373301831,
    "eps": 0.67,
    "epsdiluted": 0.66,
    "weightedAverageShsOut": 461100000,
    "weightedAverageShsOutDil": 467100000,
    "link": "https://www.sec.gov/Archives/edgar/data/899051/000110465913079237/0001104659-13-079237-index.htm",
    "finalLink": "https://www.sec.gov/Archives/edgar/data/899051/000110465913079237/a13-19505_110q.htm"
  },
  {
    "date": "2013-06-30",
    "symbol": "ALL",
    "reportedCurrency": "USD",
    "cik": "0000899051",
    "fillingDate": "2013-07-31",
    "acceptedDate": "2013-07-31 16:15:59",
    "calendarYear": "2013",
    "period": "Q2",
    "revenue": 8787000000,
    "costOfRevenue": 6484000000,
    "grossProfit": 2303000000,
    "grossProfitRatio": 0.2620917264,
    "researchAndDevelopmentExpenses": 0,
    "generalAndAdministrativeExpenses": 1090000000,
    "sellingAndMarketingExpenses": 0,
    "sellingGeneralAndAdministrativeExpenses": 1090000000,
    "otherExpenses": 599000000,
    "operatingExpenses": 1689000000,
    "costAndExpenses": 8173000000,
    "interestIncome": 0,
    "interestExpense": 99000000,
    "depreciationAndAmortization": 93000000,
    "ebitda": 806000000,
    "ebitdaratio": 0.091726414,
    "operatingIncome": 713000000,
    "operatingIncomeRatio": 0.081142597,
    "totalOtherIncomeExpensesNet": 0,
    "incomeBeforeTax": 614000000,
    "incomeBeforeTaxRatio": 0.0698759531,
    "incomeTaxExpense": 180000000,
    "netIncome": 434000000,
    "netIncomeRatio": 0.049391146,
    "eps": 0.93,
    "epsdiluted": 0.92,
    "weightedAverageShsOut": 468300000,
    "weightedAverageShsOutDil": 473800000,
    "link": "https://www.sec.gov/Archives/edgar/data/899051/000110465913058369/0001104659-13-058369-index.htm",
    "finalLink": "https://www.sec.gov/Archives/edgar/data/899051/000110465913058369/a13-13460_110q.htm"
  },
  {
    "date": "2013-03-31",
    "symbol": "ALL",
    "reportedCurrency": "USD",
    "cik": "0000899051",
    "fillingDate": "2013-05-01",
    "acceptedDate": "2013-05-01 16:13:34",
    "calendarYear": "2013",
    "period": "Q1",
    "revenue": 8463000000,
    "costOfRevenue": 6209000000,
    "grossProfit": 2254000000,
    "grossProfitRatio": 0.2663358147,
    "researchAndDevelopmentExpenses": 0,
    "generalAndAdministrativeExpenses": 1102000000,
    "sellingAndMarketingExpenses": 0,
    "sellingGeneralAndAdministrativeExpenses": 1102000000,
    "otherExpenses": 122000000,
    "operatingExpenses": 1224000000,
    "costAndExpenses": 7433000000,
    "interestIncome": 0,
    "interestExpense": 98000000,
    "depreciationAndAmortization": 87000000,
    "ebitda": 1215000000,
    "ebitdaratio": 0.1435661113,
    "operatingIncome": 1128000000,
    "operatingIncomeRatio": 0.1332860688,
    "totalOtherIncomeExpensesNet": 0,
    "incomeBeforeTax": 1030000000,
    "incomeBeforeTaxRatio": 0.1217062507,
    "incomeTaxExpense": 321000000,
    "netIncome": 709000000,
    "netIncomeRatio": 0.0837764386,
    "eps": 1.49,
    "epsdiluted": 1.47,
    "weightedAverageShsOut": 475400000,
    "weightedAverageShsOutDil": 480800000,
    "link": "https://www.sec.gov/Archives/edgar/data/899051/000110465913035969/0001104659-13-035969-index.htm",
    "finalLink": "https://www.sec.gov/Archives/edgar/data/899051/000110465913035969/a13-8111_110q.htm"
  },
  {
    "date": "2012-12-31",
    "symbol": "ALL",
    "reportedCurrency": "USD",
    "cik": "0000899051",
    "fillingDate": "2013-02-20",
    "acceptedDate": "2013-02-20 09:42:11",
    "calendarYear": "2012",
    "period": "Q4",
    "revenue": 8547000000,
    "costOfRevenue": 19305000000,
    "grossProfit": -10758000000,
    "grossProfitRatio": -1.2586872587,
    "researchAndDevelopmentExpenses": 0,
    "generalAndAdministrativeExpenses": 0,
    "sellingAndMarketingExpenses": 0,
    "sellingGeneralAndAdministrativeExpenses": 1095000000,
    "otherExpenses": -12397000000,
    "operatingExpenses": -11302000000,
    "costAndExpenses": 8003000000,
    "interestIncome": 0,
    "interestExpense": 92000000,
    "depreciationAndAmortization": 95000000,
    "ebitda": 731000000,
    "ebitdaratio": 0.0855270855,
    "operatingIncome": 636000000,
    "operatingIncomeRatio": 0.0744120744,
    "totalOtherIncomeExpensesNet": 0,
    "incomeBeforeTax": 544000000,
    "incomeBeforeTaxRatio": 0.0636480636,
    "incomeTaxExpense": 150000000,
    "netIncome": 394000000,
    "netIncomeRatio": 0.0460980461,
    "eps": 0.82,
    "epsdiluted": 0.81,
    "weightedAverageShsOut": 482200000,
    "weightedAverageShsOutDil": 487000000,
    "link": "https://www.sec.gov/Archives/edgar/data/899051/000104746913001288/0001047469-13-001288-index.htm",
    "finalLink": "https://www.sec.gov/Archives/edgar/data/899051/000104746913001288/a2212802z10-k.htm"
  },
  {
    "date": "2012-09-30",
    "symbol": "ALL",
    "reportedCurrency": "USD",
    "cik": "0000899051",
    "fillingDate": "2012-11-01",
    "acceptedDate": "2012-11-01 17:30:17",
    "calendarYear": "2012",
    "period": "Q3",
    "revenue": 8128000000,
    "costOfRevenue": 5977000000,
    "grossProfit": 2151000000,
    "grossProfitRatio": 0.264640748,
    "researchAndDevelopmentExpenses": 0,
    "generalAndAdministrativeExpenses": 1010000000,
    "sellingAndMarketingExpenses": 0,
    "sellingGeneralAndAdministrativeExpenses": 1010000000,
    "otherExpenses": 93000000,
    "operatingExpenses": 1103000000,
    "costAndExpenses": 7080000000,
    "interestIncome": 0,
    "interestExpense": 93000000,
    "depreciationAndAmortization": 92000000,
    "ebitda": 1233000000,
    "ebitdaratio": 0.1516978346,
    "operatingIncome": 1141000000,
    "operatingIncomeRatio": 0.140378937,
    "totalOtherIncomeExpensesNet": 0,
    "incomeBeforeTax": 1048000000,
    "incomeBeforeTaxRatio": 0.1289370079,
    "incomeTaxExpense": 325000000,
    "netIncome": 723000000,
    "netIncomeRatio": 0.0889517717,
    "eps": 1.49,
    "epsdiluted": 1.48,
    "weightedAverageShsOut": 485900000,
    "weightedAverageShsOutDil": 489900000,
    "link": "https://www.sec.gov/Archives/edgar/data/899051/000110465912073277/0001104659-12-073277-index.htm",
    "finalLink": "https://www.sec.gov/Archives/edgar/data/899051/000110465912073277/a12-19927_310qa.htm"
  },
  {
    "date": "2012-06-30",
    "symbol": "ALL",
    "reportedCurrency": "USD",
    "cik": "0000899051",
    "fillingDate": "2012-07-31",
    "acceptedDate": "2012-07-31 16:16:44",
    "calendarYear": "2012",
    "period": "Q2",
    "revenue": 8278000000,
    "costOfRevenue": 6580000000,
    "grossProfit": 1698000000,
    "grossProfitRatio": 0.2051220101,
    "researchAndDevelopmentExpenses": 0,
    "generalAndAdministrativeExpenses": 996000000,
    "sellingAndMarketingExpenses": 0,
    "sellingGeneralAndAdministrativeExpenses": 996000000,
    "otherExpenses": 100000000,
    "operatingExpenses": 1096000000,
    "costAndExpenses": 7676000000,
    "interestIncome": 0,
    "interestExpense": 93000000,
    "depreciationAndAmortization": 105000000,
    "ebitda": 800000000,
    "ebitdaratio": 0.0966417009,
    "operatingIncome": 695000000,
    "operatingIncomeRatio": 0.0839574777,
    "totalOtherIncomeExpensesNet": 0,
    "incomeBeforeTax": 602000000,
    "incomeBeforeTaxRatio": 0.0727228799,
    "incomeTaxExpense": 179000000,
    "netIncome": 423000000,
    "netIncomeRatio": 0.0510992993,
    "eps": 0.86,
    "epsdiluted": 0.86,
    "weightedAverageShsOut": 490600000,
    "weightedAverageShsOutDil": 493800000,
    "link": "https://www.sec.gov/Archives/edgar/data/899051/000110465912052735/0001104659-12-052735-index.htm",
    "finalLink": "https://www.sec.gov/Archives/edgar/data/899051/000110465912052735/a12-13747_110q.htm"
  },
  {
    "date": "2012-03-31",
    "symbol": "ALL",
    "reportedCurrency": "USD",
    "cik": "0000899051",
    "fillingDate": "2012-05-02",
    "acceptedDate": "2012-05-02 16:12:43",
    "calendarYear": "2012",
    "period": "Q1",
    "revenue": 8362000000,
    "costOfRevenue": 6135000000,
    "grossProfit": 2227000000,
    "grossProfitRatio": 0.266323846,
    "researchAndDevelopmentExpenses": 0,
    "generalAndAdministrativeExpenses": 1017000000,
    "sellingAndMarketingExpenses": 0,
    "sellingGeneralAndAdministrativeExpenses": 1017000000,
    "otherExpenses": 98000000,
    "operatingExpenses": 1115000000,
    "costAndExpenses": 7250000000,
    "interestIncome": 0,
    "interestExpense": 95000000,
    "depreciationAndAmortization": 96000000,
    "ebitda": 1303000000,
    "ebitdaratio": 0.1558239656,
    "operatingIncome": 1207000000,
    "operatingIncomeRatio": 0.1443434585,
    "totalOtherIncomeExpensesNet": 0,
    "incomeBeforeTax": 1112000000,
    "incomeBeforeTaxRatio": 0.1329825401,
    "incomeTaxExpense": 346000000,
    "netIncome": 766000000,
    "netIncomeRatio": 0.0916048792,
    "eps": 1.54,
    "epsdiluted": 1.53,
    "weightedAverageShsOut": 498700000,
    "weightedAverageShsOutDil": 501500000,
    "link": "https://www.sec.gov/Archives/edgar/data/899051/000110465912032030/0001104659-12-032030-index.htm",
    "finalLink": "https://www.sec.gov/Archives/edgar/data/899051/000110465912032030/a12-8030_110q.htm"
  },
  {
    "date": "2011-12-31",
    "symbol": "ALL",
    "reportedCurrency": "USD",
    "cik": "0000899051",
    "fillingDate": "2012-02-22",
    "acceptedDate": "2012-02-22 09:12:00",
    "calendarYear": "2011",
    "period": "Q4",
    "revenue": 8236000000,
    "costOfRevenue": 835000000,
    "grossProfit": 7401000000,
    "grossProfitRatio": 0.8986158329,
    "researchAndDevelopmentExpenses": 0,
    "generalAndAdministrativeExpenses": 0,
    "sellingAndMarketingExpenses": 0,
    "sellingGeneralAndAdministrativeExpenses": 1003000000,
    "otherExpenses": 5346000000,
    "operatingExpenses": 6349000000,
    "costAndExpenses": 7184000000,
    "interestIncome": 0,
    "interestExpense": 92000000,
    "depreciationAndAmortization": 103000000,
    "ebitda": 1247000000,
    "ebitdaratio": 0.1514084507,
    "operatingIncome": 1144000000,
    "operatingIncomeRatio": 0.1389023798,
    "totalOtherIncomeExpensesNet": 0,
    "incomeBeforeTax": 1052000000,
    "incomeBeforeTaxRatio": 0.1277319087,
    "incomeTaxExpense": 328000000,
    "netIncome": 724000000,
    "netIncomeRatio": 0.0879067508,
    "eps": 1.45,
    "epsdiluted": 1.44,
    "weightedAverageShsOut": 498700000,
    "weightedAverageShsOutDil": 501500000,
    "link": "https://www.sec.gov/Archives/edgar/data/899051/000104746912001250/0001047469-12-001250-index.htm",
    "finalLink": "https://www.sec.gov/Archives/edgar/data/899051/000104746912001250/a2207294z10-k.htm"
  },
  {
    "date": "2011-09-30",
    "symbol": "ALL",
    "reportedCurrency": "USD",
    "cik": "0000899051",
    "fillingDate": "2011-10-31",
    "acceptedDate": "2011-10-31 16:37:13",
    "calendarYear": "2011",
    "period": "Q3",
    "revenue": 8242000000,
    "costOfRevenue": 860000000,
    "grossProfit": 7382000000,
    "grossProfitRatio": 0.8956563941,
    "researchAndDevelopmentExpenses": 0,
    "generalAndAdministrativeExpenses": 0,
    "sellingAndMarketingExpenses": 0,
    "sellingGeneralAndAdministrativeExpenses": 888000000,
    "otherExpenses": 6275000000,
    "operatingExpenses": 7163000000,
    "costAndExpenses": 8023000000,
    "interestIncome": 0,
    "interestExpense": 92000000,
    "depreciationAndAmortization": 60000000,
    "ebitda": 371000000,
    "ebitdaratio": 0.0450133463,
    "operatingIncome": 311000000,
    "operatingIncomeRatio": 0.0377335598,
    "totalOtherIncomeExpensesNet": 0,
    "incomeBeforeTax": 219000000,
    "incomeBeforeTaxRatio": 0.0265712206,
    "incomeTaxExpense": 44000000,
    "netIncome": 175000000,
    "netIncomeRatio": 0.0212327105,
    "eps": 0.34,
    "epsdiluted": 0.34,
    "weightedAverageShsOut": 512000000,
    "weightedAverageShsOutDil": 514200000,
    "link": "https://www.sec.gov/Archives/edgar/data/899051/000110465911059208/0001104659-11-059208-index.htm",
    "finalLink": "https://www.sec.gov/Archives/edgar/data/899051/000110465911059208/a11-25039_110q.htm"
  },
  {
    "date": "2011-06-30",
    "symbol": "ALL",
    "reportedCurrency": "USD",
    "cik": "0000899051",
    "fillingDate": "2011-08-01",
    "acceptedDate": "2011-08-01 06:07:35",
    "calendarYear": "2011",
    "period": "Q2",
    "revenue": 8081000000,
    "costOfRevenue": 8154000000,
    "grossProfit": -73000000,
    "grossProfitRatio": -0.0090335355,
    "researchAndDevelopmentExpenses": 0,
    "generalAndAdministrativeExpenses": 0,
    "sellingAndMarketingExpenses": 0,
    "sellingGeneralAndAdministrativeExpenses": 868000000,
    "otherExpenses": 95000000,
    "operatingExpenses": 963000000,
    "costAndExpenses": 9117000000,
    "interestIncome": 0,
    "interestExpense": 91000000,
    "depreciationAndAmortization": 58000000,
    "ebitda": -887000000,
    "ebitdaratio": -0.1097636431,
    "operatingIncome": -945000000,
    "operatingIncomeRatio": -0.1169409727,
    "totalOtherIncomeExpensesNet": 0,
    "incomeBeforeTax": -1036000000,
    "incomeBeforeTaxRatio": -0.1282019552,
    "incomeTaxExpense": -412000000,
    "netIncome": -624000000,
    "netIncomeRatio": -0.0772181661,
    "eps": -1.19,
    "epsdiluted": -1.19,
    "weightedAverageShsOut": 523100000,
    "weightedAverageShsOutDil": 523100000,
    "link": "https://www.sec.gov/Archives/edgar/data/899051/000110465911041971/0001104659-11-041971-index.htm",
    "finalLink": "https://www.sec.gov/Archives/edgar/data/899051/000110465911041971/a11-13315_110q.htm"
  },
  {
    "date": "2011-03-31",
    "symbol": "ALL",
    "reportedCurrency": "USD",
    "cik": "0000899051",
    "fillingDate": "2011-04-27",
    "acceptedDate": "2011-04-27 16:16:19",
    "calendarYear": "2011",
    "period": "Q1",
    "revenue": 8095000000,
    "costOfRevenue": 6332000000,
    "grossProfit": 1763000000,
    "grossProfitRatio": 0.2177887585,
    "researchAndDevelopmentExpenses": 0,
    "generalAndAdministrativeExpenses": 0,
    "sellingAndMarketingExpenses": 0,
    "sellingGeneralAndAdministrativeExpenses": 900000000,
    "otherExpenses": 121000000,
    "operatingExpenses": 1021000000,
    "costAndExpenses": 7353000000,
    "interestIncome": 0,
    "interestExpense": 92000000,
    "depreciationAndAmortization": 31000000,
    "ebitda": 865000000,
    "ebitdaratio": 0.106856084,
    "operatingIncome": 834000000,
    "operatingIncomeRatio": 0.1030265596,
    "totalOtherIncomeExpensesNet": 0,
    "incomeBeforeTax": 742000000,
    "incomeBeforeTaxRatio": 0.0916615195,
    "incomeTaxExpense": 218000000,
    "netIncome": 524000000,
    "netIncomeRatio": 0.0647313156,
    "eps": 0.99,
    "epsdiluted": 0.98,
    "weightedAverageShsOut": 531000000,
    "weightedAverageShsOutDil": 533600000,
    "link": "https://www.sec.gov/Archives/edgar/data/899051/000110465911022958/0001104659-11-022958-index.htm",
    "finalLink": "https://www.sec.gov/Archives/edgar/data/899051/000110465911022958/a11-8146_110q.htm"
  },
  {
    "date": "2010-12-31",
    "symbol": "ALL",
    "reportedCurrency": "USD",
    "cik": "0000899051",
    "fillingDate": "2011-02-24",
    "acceptedDate": "2011-02-24 16:50:58",
    "calendarYear": "2010",
    "period": "Q4",
    "revenue": 8087000000,
    "costOfRevenue": 892000000,
    "grossProfit": 7195000000,
    "grossProfitRatio": 0.8896995177,
    "researchAndDevelopmentExpenses": 0,
    "generalAndAdministrativeExpenses": 0,
    "sellingAndMarketingExpenses": 0,
    "sellingGeneralAndAdministrativeExpenses": 0,
    "otherExpenses": 6832000000,
    "operatingExpenses": 6832000000,
    "costAndExpenses": 7724000000,
    "interestIncome": 0,
    "interestExpense": 92000000,
    "depreciationAndAmortization": 39000000,
    "ebitda": 494000000,
    "ebitdaratio": 0.0610856931,
    "operatingIncome": 455000000,
    "operatingIncomeRatio": 0.0562631384,
    "totalOtherIncomeExpensesNet": 0,
    "incomeBeforeTax": 363000000,
    "incomeBeforeTaxRatio": 0.0448868554,
    "incomeTaxExpense": 67000000,
    "netIncome": 296000000,
    "netIncomeRatio": 0.0366019538,
    "eps": 0.56,
    "epsdiluted": 0.55,
    "weightedAverageShsOut": 531000000,
    "weightedAverageShsOutDil": 533600000,
    "link": "https://www.sec.gov/Archives/edgar/data/899051/000104746911001286/0001047469-11-001286-index.htm",
    "finalLink": "https://www.sec.gov/Archives/edgar/data/899051/000104746911001286/a2202090z10-k.htm"
  },
  {
    "date": "2010-09-30",
    "symbol": "ALL",
    "reportedCurrency": "USD",
    "cik": "0000899051",
    "fillingDate": "2010-10-27",
    "acceptedDate": "2010-10-27 16:24:50",
    "calendarYear": "2010",
    "period": "Q3",
    "revenue": 7908000000,
    "costOfRevenue": 890000000,
    "grossProfit": 7018000000,
    "grossProfitRatio": 0.887455741,
    "researchAndDevelopmentExpenses": 0,
    "generalAndAdministrativeExpenses": 0,
    "sellingAndMarketingExpenses": 0,
    "sellingGeneralAndAdministrativeExpenses": 828000000,
    "otherExpenses": 5700000000,
    "operatingExpenses": 6528000000,
    "costAndExpenses": 7418000000,
    "interestIncome": 0,
    "interestExpense": 91000000,
    "depreciationAndAmortization": 29000000,
    "ebitda": 610000000,
    "ebitdaratio": 0.0771370764,
    "operatingIncome": 581000000,
    "operatingIncomeRatio": 0.0734699039,
    "totalOtherIncomeExpensesNet": 0,
    "incomeBeforeTax": 490000000,
    "incomeBeforeTaxRatio": 0.0619625695,
    "incomeTaxExpense": 123000000,
    "netIncome": 367000000,
    "netIncomeRatio": 0.0464087001,
    "eps": 0.68,
    "epsdiluted": 0.68,
    "weightedAverageShsOut": 540900000,
    "weightedAverageShsOutDil": 543000000,
    "link": "https://www.sec.gov/Archives/edgar/data/899051/000110465910054017/0001104659-10-054017-index.htm",
    "finalLink": "https://www.sec.gov/Archives/edgar/data/899051/000110465910054017/a10-17601_110q.htm"
  },
  {
    "date": "2010-06-30",
    "symbol": "ALL",
    "reportedCurrency": "USD",
    "cik": "0000899051",
    "fillingDate": "2010-08-04",
    "acceptedDate": "2010-08-04 16:15:21",
    "calendarYear": "2010",
    "period": "Q2",
    "revenue": 7656000000,
    "costOfRevenue": 6598000000,
    "grossProfit": 1058000000,
    "grossProfitRatio": 0.1381922675,
    "researchAndDevelopmentExpenses": 0,
    "generalAndAdministrativeExpenses": 0,
    "sellingAndMarketingExpenses": 0,
    "sellingGeneralAndAdministrativeExpenses": 789000000,
    "otherExpenses": 103000000,
    "operatingExpenses": 892000000,
    "costAndExpenses": 7490000000,
    "interestIncome": 0,
    "interestExpense": 92000000,
    "depreciationAndAmortization": 10000000,
    "ebitda": 268000000,
    "ebitdaratio": 0.0350052247,
    "operatingIncome": 258000000,
    "operatingIncomeRatio": 0.0336990596,
    "totalOtherIncomeExpensesNet": 0,
    "incomeBeforeTax": 166000000,
    "incomeBeforeTaxRatio": 0.0216823406,
    "incomeTaxExpense": 21000000,
    "netIncome": 145000000,
    "netIncomeRatio": 0.0189393939,
    "eps": 0.27,
    "epsdiluted": 0.27,
    "weightedAverageShsOut": 540700000,
    "weightedAverageShsOutDil": 543000000,
    "link": "https://www.sec.gov/Archives/edgar/data/899051/000110465910041885/0001104659-10-041885-index.htm",
    "finalLink": "https://www.sec.gov/Archives/edgar/data/899051/000110465910041885/a10-12963_110q.htm"
  },
  {
    "date": "2010-03-31",
    "symbol": "ALL",
    "reportedCurrency": "USD",
    "cik": "0000899051",
    "fillingDate": "2010-04-28",
    "acceptedDate": "2010-04-28 16:16:06",
    "calendarYear": "2010",
    "period": "Q1",
    "revenue": 7749000000,
    "costOfRevenue": 6711000000,
    "grossProfit": 1038000000,
    "grossProfitRatio": 0.1339527681,
    "researchAndDevelopmentExpenses": 0,
    "generalAndAdministrativeExpenses": 0,
    "sellingAndMarketingExpenses": 0,
    "sellingGeneralAndAdministrativeExpenses": 829000000,
    "otherExpenses": 102000000,
    "operatingExpenses": 931000000,
    "costAndExpenses": 7642000000,
    "interestIncome": 0,
    "interestExpense": 92000000,
    "depreciationAndAmortization": 16000000,
    "ebitda": 215000000,
    "ebitdaratio": 0.0277455156,
    "operatingIncome": 199000000,
    "operatingIncomeRatio": 0.025680733,
    "totalOtherIncomeExpensesNet": 0,
    "incomeBeforeTax": 107000000,
    "incomeBeforeTaxRatio": 0.0138082333,
    "incomeTaxExpense": -13000000,
    "netIncome": 120000000,
    "netIncomeRatio": 0.0154858691,
    "eps": 0.22,
    "epsdiluted": 0.22,
    "weightedAverageShsOut": 540500000,
    "weightedAverageShsOutDil": 541800000,
    "link": "https://www.sec.gov/Archives/edgar/data/899051/000110465910022539/0001104659-10-022539-index.htm",
    "finalLink": "https://www.sec.gov/Archives/edgar/data/899051/000110465910022539/a10-6189_110q.htm"
  },
  {
    "date": "2009-12-31",
    "symbol": "ALL",
    "reportedCurrency": "USD",
    "cik": "0000899051",
    "fillingDate": "2010-02-25",
    "acceptedDate": "2010-02-25 16:32:16",
    "calendarYear": "2009",
    "period": "Q4",
    "revenue": 8058000000,
    "costOfRevenue": 931000000,
    "grossProfit": 7127000000,
    "grossProfitRatio": 0.8844626458,
    "researchAndDevelopmentExpenses": 0,
    "generalAndAdministrativeExpenses": 0,
    "sellingAndMarketingExpenses": 0,
    "sellingGeneralAndAdministrativeExpenses": 0,
    "otherExpenses": 6434000000,
    "operatingExpenses": 6434000000,
    "costAndExpenses": 7365000000,
    "interestIncome": 0,
    "interestExpense": 101000000,
    "depreciationAndAmortization": -4000000,
    "ebitda": 790000000,
    "ebitdaratio": 0.0980392157,
    "operatingIncome": 794000000,
    "operatingIncomeRatio": 0.0985356168,
    "totalOtherIncomeExpensesNet": 0,
    "incomeBeforeTax": 693000000,
    "incomeBeforeTaxRatio": 0.0860014892,
    "incomeTaxExpense": 175000000,
    "netIncome": 518000000,
    "netIncomeRatio": 0.0642839414,
    "eps": 0.96,
    "epsdiluted": 0.96,
    "weightedAverageShsOut": 540500000,
    "weightedAverageShsOutDil": 541800000,
    "link": "https://www.sec.gov/Archives/edgar/data/899051/000104746910001355/0001047469-10-001355-index.htm",
    "finalLink": "https://www.sec.gov/Archives/edgar/data/899051/000104746910001355/a2196655z10-k.htm"
  },
  {
    "date": "2009-09-30",
    "symbol": "ALL",
    "reportedCurrency": "USD",
    "cik": "0000899051",
    "fillingDate": "2009-11-04",
    "acceptedDate": "2009-11-04 16:16:50",
    "calendarYear": "2009",
    "period": "Q3",
    "revenue": 7582000000,
    "costOfRevenue": 878000000,
    "grossProfit": 6704000000,
    "grossProfitRatio": 0.8841994197,
    "researchAndDevelopmentExpenses": 0,
    "generalAndAdministrativeExpenses": 0,
    "sellingAndMarketingExpenses": 0,
    "sellingGeneralAndAdministrativeExpenses": 0,
    "otherExpenses": 6479000000,
    "operatingExpenses": 6479000000,
    "costAndExpenses": 7357000000,
    "interestIncome": 0,
    "interestExpense": 106000000,
    "depreciationAndAmortization": -1000000,
    "ebitda": 330000000,
    "ebitdaratio": 0.0435241361,
    "operatingIncome": 331000000,
    "operatingIncomeRatio": 0.0436560274,
    "totalOtherIncomeExpensesNet": 0,
    "incomeBeforeTax": 225000000,
    "incomeBeforeTaxRatio": 0.0296755473,
    "incomeTaxExpense": 4000000,
    "netIncome": 221000000,
    "netIncomeRatio": 0.0291479821,
    "eps": 0.41,
    "epsdiluted": 0.41,
    "weightedAverageShsOut": 539900000,
    "weightedAverageShsOutDil": 541500000,
    "link": "https://www.sec.gov/Archives/edgar/data/899051/000110465909062522/0001104659-09-062522-index.htm",
    "finalLink": "https://www.sec.gov/Archives/edgar/data/899051/000110465909062522/a09-32133_110q.htm"
  },
  {
    "date": "2009-06-30",
    "symbol": "ALL",
    "reportedCurrency": "USD",
    "cik": "0000899051",
    "fillingDate": "2009-08-05",
    "acceptedDate": "2009-08-05 16:20:35",
    "calendarYear": "2009",
    "period": "Q2",
    "revenue": 8490000000,
    "costOfRevenue": 968000000,
    "grossProfit": 7522000000,
    "grossProfitRatio": 0.88598351,
    "researchAndDevelopmentExpenses": 0,
    "generalAndAdministrativeExpenses": 0,
    "sellingAndMarketingExpenses": 0,
    "sellingGeneralAndAdministrativeExpenses": 0,
    "otherExpenses": 7061000000,
    "operatingExpenses": 7061000000,
    "costAndExpenses": 8029000000,
    "interestIncome": 0,
    "interestExpense": 97000000,
    "depreciationAndAmortization": -12000000,
    "ebitda": 546000000,
    "ebitdaratio": 0.0643109541,
    "operatingIncome": 558000000,
    "operatingIncomeRatio": 0.0657243816,
    "totalOtherIncomeExpensesNet": 0,
    "incomeBeforeTax": 461000000,
    "incomeBeforeTaxRatio": 0.0542991755,
    "incomeTaxExpense": 72000000,
    "netIncome": 389000000,
    "netIncomeRatio": 0.0458186101,
    "eps": 0.72,
    "epsdiluted": 0.72,
    "weightedAverageShsOut": 539800000,
    "weightedAverageShsOutDil": 540600000,
    "link": "https://www.sec.gov/Archives/edgar/data/899051/000110465909047380/0001104659-09-047380-index.htm",
    "finalLink": "https://www.sec.gov/Archives/edgar/data/899051/000110465909047380/a09-14945_110q.htm"
  },
  {
    "date": "2009-03-31",
    "symbol": "ALL",
    "reportedCurrency": "USD",
    "cik": "0000899051",
    "fillingDate": "2009-05-07",
    "acceptedDate": "2009-05-07 16:08:34",
    "calendarYear": "2009",
    "period": "Q1",
    "revenue": 7883000000,
    "costOfRevenue": 966000000,
    "grossProfit": 6917000000,
    "grossProfitRatio": 0.8774578206,
    "researchAndDevelopmentExpenses": 0,
    "generalAndAdministrativeExpenses": 0,
    "sellingAndMarketingExpenses": 0,
    "sellingGeneralAndAdministrativeExpenses": 0,
    "otherExpenses": 7048000000,
    "operatingExpenses": 7048000000,
    "costAndExpenses": 8014000000,
    "interestIncome": 0,
    "interestExpense": 88000000,
    "depreciationAndAmortization": -74000000,
    "ebitda": -117000000,
    "ebitdaratio": -0.0148420652,
    "operatingIncome": -43000000,
    "operatingIncomeRatio": -0.0054547761,
    "totalOtherIncomeExpensesNet": 0,
    "incomeBeforeTax": -131000000,
    "incomeBeforeTaxRatio": -0.0166180388,
    "incomeTaxExpense": 143000000,
    "netIncome": -274000000,
    "netIncomeRatio": -0.0347583407,
    "eps": -0.51,
    "epsdiluted": -0.51,
    "weightedAverageShsOut": 538900000,
    "weightedAverageShsOutDil": 538900000,
    "link": "https://www.sec.gov/Archives/edgar/data/899051/000110465909030498/0001104659-09-030498-index.htm",
    "finalLink": "https://www.sec.gov/Archives/edgar/data/899051/000110465909030498/a09-11024_110q.htm"
  },
  {
    "date": "2008-12-31",
    "symbol": "ALL",
    "reportedCurrency": "USD",
    "cik": "0000899051",
    "fillingDate": "2009-02-26",
    "acceptedDate": "2009-02-26 15:31:45",
    "calendarYear": "2008",
    "period": "Q4",
    "revenue": 6569000000,
    "costOfRevenue": 1040000000,
    "grossProfit": 5529000000,
    "grossProfitRatio": 0.8416806211,
    "researchAndDevelopmentExpenses": 0,
    "generalAndAdministrativeExpenses": 0,
    "sellingAndMarketingExpenses": 0,
    "sellingGeneralAndAdministrativeExpenses": 0,
    "otherExpenses": 7351000000,
    "operatingExpenses": 7351000000,
    "costAndExpenses": 8391000000,
    "interestIncome": 0,
    "interestExpense": 87000000,
    "depreciationAndAmortization": -109000000,
    "ebitda": -1844000000,
    "ebitdaratio": -0.2807124372,
    "operatingIncome": -1735000000,
    "operatingIncomeRatio": -0.2641193485,
    "totalOtherIncomeExpensesNet": 0,
    "incomeBeforeTax": -1822000000,
    "incomeBeforeTaxRatio": -0.2773633734,
    "incomeTaxExpense": -693000000,
    "netIncome": -1129000000,
    "netIncomeRatio": -0.1718678642,
    "eps": -2.1,
    "epsdiluted": -2.1,
    "weightedAverageShsOut": 538400000,
    "weightedAverageShsOutDil": 538900000,
    "link": "https://www.sec.gov/Archives/edgar/data/899051/000104746909001878/0001047469-09-001878-index.htm",
    "finalLink": "https://www.sec.gov/Archives/edgar/data/899051/000104746909001878/a2189233z10-k.htm"
  },
  {
    "date": "2008-09-30",
    "symbol": "ALL",
    "reportedCurrency": "USD",
    "cik": "0000899051",
    "fillingDate": "2008-11-06",
    "acceptedDate": "2008-11-05 17:38:41",
    "calendarYear": "2008",
    "period": "Q3",
    "revenue": 7320000000,
    "costOfRevenue": 1004000000,
    "grossProfit": 6316000000,
    "grossProfitRatio": 0.8628415301,
    "researchAndDevelopmentExpenses": 0,
    "generalAndAdministrativeExpenses": 0,
    "sellingAndMarketingExpenses": 0,
    "sellingGeneralAndAdministrativeExpenses": 0,
    "otherExpenses": 7860000000,
    "operatingExpenses": 7860000000,
    "costAndExpenses": 8864000000,
    "interestIncome": 0,
    "interestExpense": 88000000,
    "depreciationAndAmortization": -126000000,
    "ebitda": -1582000000,
    "ebitdaratio": -0.2161202186,
    "operatingIncome": -1456000000,
    "operatingIncomeRatio": -0.1989071038,
    "totalOtherIncomeExpensesNet": 0,
    "incomeBeforeTax": -1544000000,
    "incomeBeforeTaxRatio": -0.2109289617,
    "incomeTaxExpense": -621000000,
    "netIncome": -923000000,
    "netIncomeRatio": -0.1260928962,
    "eps": -1.71,
    "epsdiluted": -1.71,
    "weightedAverageShsOut": 540100000,
    "weightedAverageShsOutDil": 540100000,
    "link": "https://www.sec.gov/Archives/edgar/data/899051/000110465908068270/0001104659-08-068270-index.htm",
    "finalLink": "https://www.sec.gov/Archives/edgar/data/899051/000110465908068270/a08-25310_110q.htm"
  },
  {
    "date": "2008-06-30",
    "symbol": "ALL",
    "reportedCurrency": "USD",
    "cik": "0000899051",
    "fillingDate": "2008-08-06",
    "acceptedDate": "2008-08-06 13:34:57",
    "calendarYear": "2008",
    "period": "Q2",
    "revenue": 7418000000,
    "costOfRevenue": 958000000,
    "grossProfit": 6460000000,
    "grossProfitRatio": 0.8708546778,
    "researchAndDevelopmentExpenses": 0,
    "generalAndAdministrativeExpenses": 0,
    "sellingAndMarketingExpenses": 0,
    "sellingGeneralAndAdministrativeExpenses": 0,
    "otherExpenses": 6546000000,
    "operatingExpenses": 6546000000,
    "costAndExpenses": 7504000000,
    "interestIncome": 0,
    "interestExpense": 88000000,
    "depreciationAndAmortization": -82000000,
    "ebitda": -80000000,
    "ebitdaratio": -0.0107845781,
    "operatingIncome": 2000000,
    "operatingIncomeRatio": 0.0002696145,
    "totalOtherIncomeExpensesNet": 0,
    "incomeBeforeTax": -86000000,
    "incomeBeforeTaxRatio": -0.0115934214,
    "incomeTaxExpense": -111000000,
    "netIncome": 25000000,
    "netIncomeRatio": 0.0033701806,
    "eps": 0.05,
    "epsdiluted": 0.05,
    "weightedAverageShsOut": 549600000,
    "weightedAverageShsOutDil": 552900000,
    "link": "https://www.sec.gov/Archives/edgar/data/899051/000110465908050254/0001104659-08-050254-index.htm",
    "finalLink": "https://www.sec.gov/Archives/edgar/data/899051/000110465908050254/a08-18605_110q.htm"
  },
  {
    "date": "2008-03-31",
    "symbol": "ALL",
    "reportedCurrency": "USD",
    "cik": "0000899051",
    "fillingDate": "2008-05-08",
    "acceptedDate": "2008-05-07 19:23:31",
    "calendarYear": "2008",
    "period": "Q1",
    "revenue": 8087000000,
    "costOfRevenue": 1021000000,
    "grossProfit": 7066000000,
    "grossProfitRatio": 0.8737479906,
    "researchAndDevelopmentExpenses": 0,
    "generalAndAdministrativeExpenses": 0,
    "sellingAndMarketingExpenses": 0,
    "sellingGeneralAndAdministrativeExpenses": 0,
    "otherExpenses": 6639000000,
    "operatingExpenses": 6639000000,
    "costAndExpenses": 7660000000,
    "interestIncome": 0,
    "interestExpense": 88000000,
    "depreciationAndAmortization": -59000000,
    "ebitda": 456000000,
    "ebitdaratio": 0.0563867936,
    "operatingIncome": 515000000,
    "operatingIncomeRatio": 0.0636824533,
    "totalOtherIncomeExpensesNet": 0,
    "incomeBeforeTax": 427000000,
    "incomeBeforeTaxRatio": 0.0528007914,
    "incomeTaxExpense": 79000000,
    "netIncome": 348000000,
    "netIncomeRatio": 0.0430320267,
    "eps": 0.62,
    "epsdiluted": 0.62,
    "weightedAverageShsOut": 558900000,
    "weightedAverageShsOutDil": 561600000,
    "link": "https://www.sec.gov/Archives/edgar/data/899051/000110465908030846/0001104659-08-030846-index.htm",
    "finalLink": "https://www.sec.gov/Archives/edgar/data/899051/000110465908030846/a08-11207_110q.htm"
  },
  {
    "date": "2007-12-31",
    "symbol": "ALL",
    "reportedCurrency": "USD",
    "cik": "0000899051",
    "fillingDate": "2008-02-27",
    "acceptedDate": "2008-02-27 17:19:32",
    "calendarYear": "2007",
    "period": "Q4",
    "revenue": 8991000000,
    "costOfRevenue": 1078000000,
    "grossProfit": 7913000000,
    "grossProfitRatio": 0.8801023245,
    "researchAndDevelopmentExpenses": 0,
    "generalAndAdministrativeExpenses": 0,
    "sellingAndMarketingExpenses": 0,
    "sellingGeneralAndAdministrativeExpenses": 0,
    "otherExpenses": 6876000000,
    "operatingExpenses": 6876000000,
    "costAndExpenses": 7954000000,
    "interestIncome": 0,
    "interestExpense": 88000000,
    "depreciationAndAmortization": -68000000,
    "ebitda": 1057000000,
    "ebitdaratio": 0.1175620065,
    "operatingIncome": 1125000000,
    "operatingIncomeRatio": 0.1251251251,
    "totalOtherIncomeExpensesNet": 0,
    "incomeBeforeTax": 1037000000,
    "incomeBeforeTaxRatio": 0.1153375598,
    "incomeTaxExpense": 277000000,
    "netIncome": 760000000,
    "netIncomeRatio": 0.0845289734,
    "eps": 1.36,
    "epsdiluted": 1.35,
    "weightedAverageShsOut": 558900000,
    "weightedAverageShsOutDil": 561600000,
    "link": "https://www.sec.gov/Archives/edgar/data/899051/000104746908001846/0001047469-08-001846-index.htm",
    "finalLink": "https://www.sec.gov/Archives/edgar/data/899051/000104746908001846/a2182971z10-k.htm"
  },
  {
    "date": "2007-09-30",
    "symbol": "ALL",
    "reportedCurrency": "USD",
    "cik": "0000899051",
    "fillingDate": "2007-10-31",
    "acceptedDate": "2007-10-31 11:37:22",
    "calendarYear": "2007",
    "period": "Q3",
    "revenue": 8992000000,
    "costOfRevenue": 1056000000,
    "grossProfit": 7936000000,
    "grossProfitRatio": 0.8825622776,
    "researchAndDevelopmentExpenses": 0,
    "generalAndAdministrativeExpenses": 0,
    "sellingAndMarketingExpenses": 0,
    "sellingGeneralAndAdministrativeExpenses": 0,
    "otherExpenses": 6550000000,
    "operatingExpenses": 6550000000,
    "costAndExpenses": 7606000000,
    "interestIncome": 0,
    "interestExpense": 90000000,
    "depreciationAndAmortization": -75000000,
    "ebitda": 1401000000,
    "ebitdaratio": 0.1558051601,
    "operatingIncome": 1476000000,
    "operatingIncomeRatio": 0.1641459075,
    "totalOtherIncomeExpensesNet": 0,
    "incomeBeforeTax": 1386000000,
    "incomeBeforeTaxRatio": 0.1541370107,
    "incomeTaxExpense": 408000000,
    "netIncome": 978000000,
    "netIncomeRatio": 0.1087633452,
    "eps": 1.7,
    "epsdiluted": 1.7,
    "weightedAverageShsOut": 581100000,
    "weightedAverageShsOutDil": 585100000,
    "link": "https://www.sec.gov/Archives/edgar/data/899051/000110465907078333/0001104659-07-078333-index.htm",
    "finalLink": "https://www.sec.gov/Archives/edgar/data/899051/000110465907078333/a07-25423_110q.htm"
  },
  {
    "date": "2007-06-30",
    "symbol": "ALL",
    "reportedCurrency": "USD",
    "cik": "0000899051",
    "fillingDate": "2007-08-01",
    "acceptedDate": "2007-08-01 17:28:03",
    "calendarYear": "2007",
    "period": "Q2",
    "revenue": 9455000000,
    "costOfRevenue": 1059000000,
    "grossProfit": 8396000000,
    "grossProfitRatio": 0.8879957694,
    "researchAndDevelopmentExpenses": 0,
    "generalAndAdministrativeExpenses": 0,
    "sellingAndMarketingExpenses": 0,
    "sellingGeneralAndAdministrativeExpenses": 0,
    "otherExpenses": 6352000000,
    "operatingExpenses": 6352000000,
    "costAndExpenses": 7411000000,
    "interestIncome": 0,
    "interestExpense": 83000000,
    "depreciationAndAmortization": -66000000,
    "ebitda": 2061000000,
    "ebitdaratio": 0.2179799048,
    "operatingIncome": 2127000000,
    "operatingIncomeRatio": 0.2249603384,
    "totalOtherIncomeExpensesNet": 0,
    "incomeBeforeTax": 2044000000,
    "incomeBeforeTaxRatio": 0.2161819143,
    "incomeTaxExpense": 641000000,
    "netIncome": 1403000000,
    "netIncomeRatio": 0.1483870968,
    "eps": 2.33,
    "epsdiluted": 2.3,
    "weightedAverageShsOut": 604100000,
    "weightedAverageShsOutDil": 608800000,
    "link": "https://www.sec.gov/Archives/edgar/data/899051/000110465907057980/0001104659-07-057980-index.htm",
    "finalLink": "https://www.sec.gov/Archives/edgar/data/899051/000110465907057980/a07-18721_110q.htm"
  },
  {
    "date": "2007-03-31",
    "symbol": "ALL",
    "reportedCurrency": "USD",
    "cik": "0000899051",
    "fillingDate": "2007-05-01",
    "acceptedDate": "2007-05-01 17:20:38",
    "calendarYear": "2007",
    "period": "Q1",
    "revenue": 9331000000,
    "costOfRevenue": 1077000000,
    "grossProfit": 8254000000,
    "grossProfitRatio": 0.8845782874,
    "researchAndDevelopmentExpenses": 0,
    "generalAndAdministrativeExpenses": 0,
    "sellingAndMarketingExpenses": 0,
    "sellingGeneralAndAdministrativeExpenses": 0,
    "otherExpenses": 6068000000,
    "operatingExpenses": 6068000000,
    "costAndExpenses": 7145000000,
    "interestIncome": 0,
    "interestExpense": 72000000,
    "depreciationAndAmortization": -48000000,
    "ebitda": 2210000000,
    "ebitdaratio": 0.2368449255,
    "operatingIncome": 2258000000,
    "operatingIncomeRatio": 0.2419890687,
    "totalOtherIncomeExpensesNet": 0,
    "incomeBeforeTax": 2186000000,
    "incomeBeforeTaxRatio": 0.2342728539,
    "incomeTaxExpense": 691000000,
    "netIncome": 1495000000,
    "netIncomeRatio": 0.1602186261,
    "eps": 2.42,
    "epsdiluted": 2.41,
    "weightedAverageShsOut": 616800000,
    "weightedAverageShsOutDil": 621600000,
    "link": "https://www.sec.gov/Archives/edgar/data/899051/000110465907034450/0001104659-07-034450-index.htm",
    "finalLink": "https://www.sec.gov/Archives/edgar/data/899051/000110465907034450/a07-10651_110q.htm"
  },
  {
    "date": "2006-12-31",
    "symbol": "ALL",
    "reportedCurrency": "USD",
    "cik": "0000899051",
    "fillingDate": "2007-02-22",
    "acceptedDate": "2007-02-22 17:15:21",
    "calendarYear": "2006",
    "period": "Q4",
    "revenue": 9102000000,
    "costOfRevenue": 1105000000,
    "grossProfit": 7997000000,
    "grossProfitRatio": 0.8785981103,
    "researchAndDevelopmentExpenses": 0,
    "generalAndAdministrativeExpenses": 0,
    "sellingAndMarketingExpenses": 0,
    "sellingGeneralAndAdministrativeExpenses": 0,
    "otherExpenses": 6265000000,
    "operatingExpenses": 6265000000,
    "costAndExpenses": 7370000000,
    "interestIncome": 0,
    "interestExpense": 96000000,
    "depreciationAndAmortization": -32000000,
    "ebitda": 1796000000,
    "ebitdaratio": 0.1973192705,
    "operatingIncome": 1828000000,
    "operatingIncomeRatio": 0.2008349813,
    "totalOtherIncomeExpensesNet": 0,
    "incomeBeforeTax": 1732000000,
    "incomeBeforeTaxRatio": 0.1902878488,
    "incomeTaxExpense": 519000000,
    "netIncome": 1213000000,
    "netIncomeRatio": 0.1332674138,
    "eps": 1.97,
    "epsdiluted": 1.95,
    "weightedAverageShsOut": 616800000,
    "weightedAverageShsOutDil": 621600000,
    "link": "https://www.sec.gov/Archives/edgar/data/899051/000104746907001347/0001047469-07-001347-index.htm",
    "finalLink": "https://www.sec.gov/Archives/edgar/data/899051/000104746907001347/a2175845z10-k.htm"
  },
  {
    "date": "2006-09-30",
    "symbol": "ALL",
    "reportedCurrency": "USD",
    "cik": "0000899051",
    "fillingDate": "2006-11-01",
    "acceptedDate": "2006-11-01 14:31:16",
    "calendarYear": "2006",
    "period": "Q3",
    "revenue": 8738000000,
    "costOfRevenue": 1055000000,
    "grossProfit": 7683000000,
    "grossProfitRatio": 0.8792629892,
    "researchAndDevelopmentExpenses": 0,
    "generalAndAdministrativeExpenses": 0,
    "sellingAndMarketingExpenses": 0,
    "sellingGeneralAndAdministrativeExpenses": 0,
    "otherExpenses": 6041000000,
    "operatingExpenses": 6041000000,
    "costAndExpenses": 7096000000,
    "interestIncome": 0,
    "interestExpense": 90000000,
    "depreciationAndAmortization": -62000000,
    "ebitda": 1670000000,
    "ebitdaratio": 0.1911192493,
    "operatingIncome": 1732000000,
    "operatingIncomeRatio": 0.1982146944,
    "totalOtherIncomeExpensesNet": 0,
    "incomeBeforeTax": 1642000000,
    "incomeBeforeTaxRatio": 0.1879148547,
    "incomeTaxExpense": 484000000,
    "netIncome": 1158000000,
    "netIncomeRatio": 0.1325246052,
    "eps": 1.84,
    "epsdiluted": 1.83,
    "weightedAverageShsOut": 629000000,
    "weightedAverageShsOutDil": 633900000,
    "link": "https://www.sec.gov/Archives/edgar/data/899051/000110465906070205/0001104659-06-070205-index.htm",
    "finalLink": "https://www.sec.gov/Archives/edgar/data/899051/000110465906070205/a06-21497_110q.htm"
  },
  {
    "date": "2006-06-30",
    "symbol": "ALL",
    "reportedCurrency": "USD",
    "cik": "0000899051",
    "fillingDate": "2006-08-08",
    "acceptedDate": "2006-08-08 12:21:52",
    "calendarYear": "2006",
    "period": "Q2",
    "revenue": 8875000000,
    "costOfRevenue": 1026000000,
    "grossProfit": 7849000000,
    "grossProfitRatio": 0.8843943662,
    "researchAndDevelopmentExpenses": 0,
    "generalAndAdministrativeExpenses": 0,
    "sellingAndMarketingExpenses": 0,
    "sellingGeneralAndAdministrativeExpenses": 0,
    "otherExpenses": 6101000000,
    "operatingExpenses": 6101000000,
    "costAndExpenses": 7127000000,
    "interestIncome": 0,
    "interestExpense": 90000000,
    "depreciationAndAmortization": -58000000,
    "ebitda": 1780000000,
    "ebitdaratio": 0.2005633803,
    "operatingIncome": 1838000000,
    "operatingIncomeRatio": 0.2070985915,
    "totalOtherIncomeExpensesNet": 0,
    "incomeBeforeTax": 1748000000,
    "incomeBeforeTaxRatio": 0.1969577465,
    "incomeTaxExpense": 541000000,
    "netIncome": 1207000000,
    "netIncomeRatio": 0.136,
    "eps": 1.91,
    "epsdiluted": 1.89,
    "weightedAverageShsOut": 634100000,
    "weightedAverageShsOutDil": 638500000,
    "link": "https://www.sec.gov/Archives/edgar/data/899051/000110465906052356/0001104659-06-052356-index.htm",
    "finalLink": "https://www.sec.gov/Archives/edgar/data/899051/000110465906052356/a06-15140_110q.htm"
  },
  {
    "date": "2006-03-31",
    "symbol": "ALL",
    "reportedCurrency": "USD",
    "cik": "0000899051",
    "fillingDate": "2006-05-03",
    "acceptedDate": "2006-05-03 16:27:39",
    "calendarYear": "2006",
    "period": "Q1",
    "revenue": 9081000000,
    "costOfRevenue": 993000000,
    "grossProfit": 8088000000,
    "grossProfitRatio": 0.8906508094,
    "researchAndDevelopmentExpenses": 0,
    "generalAndAdministrativeExpenses": 0,
    "sellingAndMarketingExpenses": 0,
    "sellingGeneralAndAdministrativeExpenses": 0,
    "otherExpenses": 6032000000,
    "operatingExpenses": 6032000000,
    "costAndExpenses": 7025000000,
    "interestIncome": 0,
    "interestExpense": 81000000,
    "depreciationAndAmortization": -36000000,
    "ebitda": 2101000000,
    "ebitdaratio": 0.2313621848,
    "operatingIncome": 2137000000,
    "operatingIncomeRatio": 0.2353265059,
    "totalOtherIncomeExpensesNet": 0,
    "incomeBeforeTax": 2056000000,
    "incomeBeforeTaxRatio": 0.2264067834,
    "incomeTaxExpense": 641000000,
    "netIncome": 1415000000,
    "netIncomeRatio": 0.1558198436,
    "eps": 2.2,
    "epsdiluted": 2.19,
    "weightedAverageShsOut": 643200000,
    "weightedAverageShsOutDil": 647400000,
    "link": "https://www.sec.gov/Archives/edgar/data/899051/000110465906030748/0001104659-06-030748-index.htm",
    "finalLink": "https://www.sec.gov/Archives/edgar/data/899051/000110465906030748/a06-9188_110q.htm"
  },
  {
    "date": "2005-12-31",
    "symbol": "ALL",
    "reportedCurrency": "USD",
    "cik": "0000899051",
    "fillingDate": "2006-02-23",
    "acceptedDate": "2006-02-23 16:14:00",
    "calendarYear": "2005",
    "period": "Q4",
    "revenue": 8945000000,
    "costOfRevenue": 1025000000,
    "grossProfit": 7920000000,
    "grossProfitRatio": 0.885410844,
    "researchAndDevelopmentExpenses": 0,
    "generalAndAdministrativeExpenses": 0,
    "sellingAndMarketingExpenses": 0,
    "sellingGeneralAndAdministrativeExpenses": 0,
    "otherExpenses": 6449000000,
    "operatingExpenses": 6449000000,
    "costAndExpenses": 7474000000,
    "interestIncome": 0,
    "interestExpense": 79000000,
    "depreciationAndAmortization": -30000000,
    "ebitda": 1520000000,
    "ebitdaratio": 0.1699273337,
    "operatingIncome": 1550000000,
    "operatingIncomeRatio": 0.1732811627,
    "totalOtherIncomeExpensesNet": 0,
    "incomeBeforeTax": 1471000000,
    "incomeBeforeTaxRatio": 0.1644494131,
    "incomeTaxExpense": 216000000,
    "netIncome": 1041000000,
    "netIncomeRatio": 0.1163778647,
    "eps": 1.62,
    "epsdiluted": 1.61,
    "weightedAverageShsOut": 643200000,
    "weightedAverageShsOutDil": 647400000,
    "link": "https://www.sec.gov/Archives/edgar/data/899051/000104746906002356/0001047469-06-002356-index.htm",
    "finalLink": "https://www.sec.gov/Archives/edgar/data/899051/000104746906002356/a2167600z10-k.htm"
  },
  {
    "date": "2005-09-30",
    "symbol": "ALL",
    "reportedCurrency": "USD",
    "cik": "0000899051",
    "fillingDate": "2005-11-01",
    "acceptedDate": "2005-11-01 17:18:42",
    "calendarYear": "2005",
    "period": "Q3",
    "revenue": 8942000000,
    "costOfRevenue": 1003000000,
    "grossProfit": 7939000000,
    "grossProfitRatio": 0.8878326996,
    "researchAndDevelopmentExpenses": 0,
    "generalAndAdministrativeExpenses": 0,
    "sellingAndMarketingExpenses": 0,
    "sellingGeneralAndAdministrativeExpenses": 0,
    "otherExpenses": 10501000000,
    "operatingExpenses": 10501000000,
    "costAndExpenses": 11504000000,
    "interestIncome": 0,
    "interestExpense": 85000000,
    "depreciationAndAmortization": -8000000,
    "ebitda": -2485000000,
    "ebitdaratio": -0.2779020353,
    "operatingIncome": -2477000000,
    "operatingIncomeRatio": -0.2770073809,
    "totalOtherIncomeExpensesNet": 0,
    "incomeBeforeTax": -2562000000,
    "incomeBeforeTaxRatio": -0.2865130843,
    "incomeTaxExpense": -1014000000,
    "netIncome": -1548000000,
    "netIncomeRatio": -0.1731156341,
    "eps": -2.36,
    "epsdiluted": -2.36,
    "weightedAverageShsOut": 654800000,
    "weightedAverageShsOutDil": 654800000,
    "link": "https://www.sec.gov/Archives/edgar/data/899051/000110465905051595/0001104659-05-051595-index.htm",
    "finalLink": "https://www.sec.gov/Archives/edgar/data/899051/000110465905051595/a05-17614_110q.htm"
  },
  {
    "date": "2005-06-30",
    "symbol": "ALL",
    "reportedCurrency": "USD",
    "cik": "0000899051",
    "fillingDate": "2005-08-03",
    "acceptedDate": "2005-08-03 14:25:12",
    "calendarYear": "2005",
    "period": "Q2",
    "revenue": 8791000000,
    "costOfRevenue": 988000000,
    "grossProfit": 7803000000,
    "grossProfitRatio": 0.8876123308,
    "researchAndDevelopmentExpenses": 0,
    "generalAndAdministrativeExpenses": 0,
    "sellingAndMarketingExpenses": 0,
    "sellingGeneralAndAdministrativeExpenses": 0,
    "otherExpenses": 6162000000,
    "operatingExpenses": 6162000000,
    "costAndExpenses": 7150000000,
    "interestIncome": 0,
    "interestExpense": 82000000,
    "depreciationAndAmortization": -10000000,
    "ebitda": 1713000000,
    "ebitdaratio": 0.1948583779,
    "operatingIncome": 1723000000,
    "operatingIncomeRatio": 0.1959959049,
    "totalOtherIncomeExpensesNet": 0,
    "incomeBeforeTax": 1641000000,
    "incomeBeforeTaxRatio": 0.1866681834,
    "incomeTaxExpense": 492000000,
    "netIncome": 1149000000,
    "netIncomeRatio": 0.1307018542,
    "eps": 1.72,
    "epsdiluted": 1.71,
    "weightedAverageShsOut": 666500000,
    "weightedAverageShsOutDil": 672600000,
    "link": "https://www.sec.gov/Archives/edgar/data/899051/000110465905035990/0001104659-05-035990-index.htm",
    "finalLink": "https://www.sec.gov/Archives/edgar/data/899051/000110465905035990/a05-12547_110q.htm"
  },
  {
    "date": "2005-03-31",
    "symbol": "ALL",
    "reportedCurrency": "USD",
    "cik": "0000899051",
    "fillingDate": "2005-05-03",
    "acceptedDate": "2005-05-03 10:04:03",
    "calendarYear": "2005",
    "period": "Q1",
    "revenue": 8705000000,
    "costOfRevenue": 1002000000,
    "grossProfit": 7703000000,
    "grossProfitRatio": 0.8848937392,
    "researchAndDevelopmentExpenses": 0,
    "generalAndAdministrativeExpenses": 0,
    "sellingAndMarketingExpenses": 0,
    "sellingGeneralAndAdministrativeExpenses": 0,
    "otherExpenses": 6165000000,
    "operatingExpenses": 6165000000,
    "costAndExpenses": 7167000000,
    "interestIncome": 0,
    "interestExpense": 84000000,
    "depreciationAndAmortization": -19000000,
    "ebitda": 1603000000,
    "ebitdaratio": 0.1841470419,
    "operatingIncome": 1622000000,
    "operatingIncomeRatio": 0.1863296956,
    "totalOtherIncomeExpensesNet": 0,
    "incomeBeforeTax": 1538000000,
    "incomeBeforeTaxRatio": 0.1766800689,
    "incomeTaxExpense": 415000000,
    "netIncome": 1123000000,
    "netIncomeRatio": 0.1290063182,
    "eps": 1.66,
    "epsdiluted": 1.64,
    "weightedAverageShsOut": 677700000,
    "weightedAverageShsOutDil": 683100000,
    "link": "https://www.sec.gov/Archives/edgar/data/899051/000110465905019862/0001104659-05-019862-index.htm",
    "finalLink": "https://www.sec.gov/Archives/edgar/data/899051/000110465905019862/a05-7647_110q.htm"
  },
  {
    "date": "2004-12-31",
    "symbol": "ALL",
    "reportedCurrency": "USD",
    "cik": "0000899051",
    "fillingDate": "2005-02-24",
    "acceptedDate": "2005-02-24 16:56:54",
    "calendarYear": "2004",
    "period": "Q4",
    "revenue": 8879000000,
    "costOfRevenue": 990000000,
    "grossProfit": 7889000000,
    "grossProfitRatio": 0.8885009573,
    "researchAndDevelopmentExpenses": 0,
    "generalAndAdministrativeExpenses": 0,
    "sellingAndMarketingExpenses": 0,
    "sellingGeneralAndAdministrativeExpenses": 0,
    "otherExpenses": 6305000000,
    "operatingExpenses": 6305000000,
    "costAndExpenses": 7295000000,
    "interestIncome": 0,
    "interestExpense": 85000000,
    "depreciationAndAmortization": -12000000,
    "ebitda": 1657000000,
    "ebitdaratio": 0.1866201149,
    "operatingIncome": 1669000000,
    "operatingIncomeRatio": 0.1879716184,
    "totalOtherIncomeExpensesNet": 0,
    "incomeBeforeTax": 1584000000,
    "incomeBeforeTaxRatio": 0.1783984683,
    "incomeTaxExpense": 442000000,
    "netIncome": 1142000000,
    "netIncomeRatio": 0.1286180876,
    "eps": 1.69,
    "epsdiluted": 1.67,
    "weightedAverageShsOut": 677700000,
    "weightedAverageShsOutDil": 683100000,
    "link": "https://www.sec.gov/Archives/edgar/data/899051/000104746905004614/0001047469-05-004614-index.htm",
    "finalLink": "https://www.sec.gov/Archives/edgar/data/899051/000104746905004614/a2151333z10-k.htm"
  },
  {
    "date": "2004-09-30",
    "symbol": "ALL",
    "reportedCurrency": "USD",
    "cik": "0000899051",
    "fillingDate": "2004-11-03",
    "acceptedDate": "2004-11-03 16:50:06",
    "calendarYear": "2004",
    "period": "Q3",
    "revenue": 8442000000,
    "costOfRevenue": 906000000,
    "grossProfit": 7536000000,
    "grossProfitRatio": 0.8926794598,
    "researchAndDevelopmentExpenses": 0,
    "generalAndAdministrativeExpenses": 0,
    "sellingAndMarketingExpenses": 0,
    "sellingGeneralAndAdministrativeExpenses": 0,
    "otherExpenses": 7604000000,
    "operatingExpenses": 7604000000,
    "costAndExpenses": 8510000000,
    "interestIncome": 0,
    "interestExpense": 76000000,
    "depreciationAndAmortization": -5000000,
    "ebitda": 3000000,
    "ebitdaratio": 0.000355366,
    "operatingIncome": 8000000,
    "operatingIncomeRatio": 0.0009476427,
    "totalOtherIncomeExpensesNet": 0,
    "incomeBeforeTax": -68000000,
    "incomeBeforeTaxRatio": -0.0080549633,
    "incomeTaxExpense": -124000000,
    "netIncome": 56000000,
    "netIncomeRatio": 0.0066334992,
    "eps": 0.1,
    "epsdiluted": 0.09,
    "weightedAverageShsOut": 692100000,
    "weightedAverageShsOutDil": 696800000,
    "link": "https://www.sec.gov/Archives/edgar/data/899051/000104746904033013/0001047469-04-033013-index.htm",
    "finalLink": "https://www.sec.gov/Archives/edgar/data/899051/000104746904033013/a2145825z10-q.htm"
  },
  {
    "date": "2004-06-30",
    "symbol": "ALL",
    "reportedCurrency": "USD",
    "cik": "0000899051",
    "fillingDate": "2004-08-03",
    "acceptedDate": "2004-08-03 17:23:00",
    "calendarYear": "2004",
    "period": "Q2",
    "revenue": 8304000000,
    "costOfRevenue": 858000000,
    "grossProfit": 7446000000,
    "grossProfitRatio": 0.8966763006,
    "researchAndDevelopmentExpenses": 0,
    "generalAndAdministrativeExpenses": 0,
    "sellingAndMarketingExpenses": 0,
    "sellingGeneralAndAdministrativeExpenses": 0,
    "otherExpenses": 5960000000,
    "operatingExpenses": 5960000000,
    "costAndExpenses": 6818000000,
    "interestIncome": 0,
    "interestExpense": 73000000,
    "depreciationAndAmortization": 5000000,
    "ebitda": 1564000000,
    "ebitdaratio": 0.1883429672,
    "operatingIncome": 1559000000,
    "operatingIncomeRatio": 0.1877408478,
    "totalOtherIncomeExpensesNet": 0,
    "incomeBeforeTax": 1486000000,
    "incomeBeforeTaxRatio": 0.1789499037,
    "incomeTaxExpense": 452000000,
    "netIncome": 1034000000,
    "netIncomeRatio": 0.1245183044,
    "eps": 1.47,
    "epsdiluted": 1.47,
    "weightedAverageShsOut": 700000000,
    "weightedAverageShsOutDil": 704500000,
    "link": "https://www.sec.gov/Archives/edgar/data/899051/000104746904025193/0001047469-04-025193-index.htm",
    "finalLink": "https://www.sec.gov/Archives/edgar/data/899051/000104746904025193/a2138756z10-q.htm"
  },
  {
    "date": "2004-03-31",
    "symbol": "ALL",
    "reportedCurrency": "USD",
    "cik": "0000899051",
    "fillingDate": "2004-05-05",
    "acceptedDate": "2004-05-05 17:37:59",
    "calendarYear": "2004",
    "period": "Q1",
    "revenue": 8311000000,
    "costOfRevenue": 865000000,
    "grossProfit": 7446000000,
    "grossProfitRatio": 0.8959210685,
    "researchAndDevelopmentExpenses": 0,
    "generalAndAdministrativeExpenses": 0,
    "sellingAndMarketingExpenses": 0,
    "sellingGeneralAndAdministrativeExpenses": 0,
    "otherExpenses": 5862000000,
    "operatingExpenses": 5862000000,
    "costAndExpenses": 6727000000,
    "interestIncome": 0,
    "interestExpense": 74000000,
    "depreciationAndAmortization": 8000000,
    "ebitda": 1666000000,
    "ebitdaratio": 0.2004572254,
    "operatingIncome": 1658000000,
    "operatingIncomeRatio": 0.1994946457,
    "totalOtherIncomeExpensesNet": 0,
    "incomeBeforeTax": 1584000000,
    "incomeBeforeTaxRatio": 0.1905907833,
    "incomeTaxExpense": 460000000,
    "netIncome": 949000000,
    "netIncomeRatio": 0.1141860185,
    "eps": 1.35,
    "epsdiluted": 1.34,
    "weightedAverageShsOut": 704500000,
    "weightedAverageShsOutDil": 709200000,
    "link": "https://www.sec.gov/Archives/edgar/data/899051/000104746904016039/0001047469-04-016039-index.htm",
    "finalLink": "https://www.sec.gov/Archives/edgar/data/899051/000104746904016039/a2134126z10-q.htm"
  },
  {
    "date": "2003-12-31",
    "symbol": "ALL",
    "reportedCurrency": "USD",
    "cik": "0000899051",
    "fillingDate": "2004-03-11",
    "acceptedDate": "2004-03-10 18:10:26",
    "calendarYear": "2003",
    "period": "Q4",
    "revenue": 8262000000,
    "costOfRevenue": 937000000,
    "grossProfit": 7325000000,
    "grossProfitRatio": 0.8865892036,
    "researchAndDevelopmentExpenses": 0,
    "generalAndAdministrativeExpenses": 0,
    "sellingAndMarketingExpenses": 0,
    "sellingGeneralAndAdministrativeExpenses": 0,
    "otherExpenses": 6242000000,
    "operatingExpenses": 6242000000,
    "costAndExpenses": 7179000000,
    "interestIncome": 0,
    "interestExpense": 71000000,
    "depreciationAndAmortization": -6000000,
    "ebitda": 1148000000,
    "ebitdaratio": 0.1389494069,
    "operatingIncome": 1154000000,
    "operatingIncomeRatio": 0.1396756233,
    "totalOtherIncomeExpensesNet": 0,
    "incomeBeforeTax": 1083000000,
    "incomeBeforeTaxRatio": 0.1310820625,
    "incomeTaxExpense": 308000000,
    "netIncome": 761000000,
    "netIncomeRatio": 0.0921084483,
    "eps": 1.08,
    "epsdiluted": 1.07,
    "weightedAverageShsOut": 704500000,
    "weightedAverageShsOutDil": 709200000,
    "link": "https://www.sec.gov/Archives/edgar/data/899051/000104746904007369/0001047469-04-007369-index.htm",
    "finalLink": "https://www.sec.gov/Archives/edgar/data/899051/000104746904007369/a2129645z10-k.htm"
  },
  {
    "date": "2003-09-30",
    "symbol": "ALL",
    "reportedCurrency": "USD",
    "cik": "0000899051",
    "fillingDate": "2003-11-14",
    "acceptedDate": "2003-11-14 10:02:39",
    "calendarYear": "2003",
    "period": "Q3",
    "revenue": 8127000000,
    "costOfRevenue": 891000000,
    "grossProfit": 7236000000,
    "grossProfitRatio": 0.8903654485,
    "researchAndDevelopmentExpenses": 0,
    "generalAndAdministrativeExpenses": 0,
    "sellingAndMarketingExpenses": 0,
    "sellingGeneralAndAdministrativeExpenses": 0,
    "otherExpenses": 6338000000,
    "operatingExpenses": 6338000000,
    "costAndExpenses": 7229000000,
    "interestIncome": 0,
    "interestExpense": 70000000,
    "depreciationAndAmortization": -7000000,
    "ebitda": 961000000,
    "ebitdaratio": 0.1182478159,
    "operatingIncome": 968000000,
    "operatingIncomeRatio": 0.1191091424,
    "totalOtherIncomeExpensesNet": 0,
    "incomeBeforeTax": 898000000,
    "incomeBeforeTaxRatio": 0.1104958779,
    "incomeTaxExpense": 206000000,
    "netIncome": 691000000,
    "netIncomeRatio": 0.0850252246,
    "eps": 0.98,
    "epsdiluted": 0.97,
    "weightedAverageShsOut": 703300000,
    "weightedAverageShsOutDil": 706000000,
    "link": "https://www.sec.gov/Archives/edgar/data/899051/000104746903037356/0001047469-03-037356-index.htm",
    "finalLink": "https://www.sec.gov/Archives/edgar/data/899051/000104746903037356/a2119505z10-q.htm"
  },
  {
    "date": "2003-06-30",
    "symbol": "ALL",
    "reportedCurrency": "USD",
    "cik": "0000899051",
    "fillingDate": "2003-08-11",
    "acceptedDate": "2003-08-11 14:00:03",
    "calendarYear": "2003",
    "period": "Q2",
    "revenue": 7899000000,
    "costOfRevenue": 886000000,
    "grossProfit": 7013000000,
    "grossProfitRatio": 0.887833903,
    "researchAndDevelopmentExpenses": 0,
    "generalAndAdministrativeExpenses": 0,
    "sellingAndMarketingExpenses": 0,
    "sellingGeneralAndAdministrativeExpenses": 0,
    "otherExpenses": 6294000000,
    "operatingExpenses": 6294000000,
    "costAndExpenses": 7180000000,
    "interestIncome": 0,
    "interestExpense": 67000000,
    "depreciationAndAmortization": 0,
    "ebitda": 786000000,
    "ebitdaratio": 0.0995062666,
    "operatingIncome": 786000000,
    "operatingIncomeRatio": 0.0995062666,
    "totalOtherIncomeExpensesNet": 0,
    "incomeBeforeTax": 719000000,
    "incomeBeforeTaxRatio": 0.0910241803,
    "incomeTaxExpense": 129000000,
    "netIncome": 588000000,
    "netIncomeRatio": 0.0744398025,
    "eps": 0.84,
    "epsdiluted": 0.84,
    "weightedAverageShsOut": 704000000,
    "weightedAverageShsOutDil": 706600000,
    "link": "https://www.sec.gov/Archives/edgar/data/899051/000104746903026942/0001047469-03-026942-index.htm",
    "finalLink": "https://www.sec.gov/Archives/edgar/data/899051/000104746903026942/a2115843z10-q.htm"
  },
  {
    "date": "2003-03-31",
    "symbol": "ALL",
    "reportedCurrency": "USD",
    "cik": "0000899051",
    "fillingDate": "2003-05-09",
    "acceptedDate": "2003-05-09 15:39:11",
    "calendarYear": "2003",
    "period": "Q1",
    "revenue": 7861000000,
    "costOfRevenue": 983000000,
    "grossProfit": 6878000000,
    "grossProfitRatio": 0.8749522961,
    "researchAndDevelopmentExpenses": 0,
    "generalAndAdministrativeExpenses": 0,
    "sellingAndMarketingExpenses": 0,
    "sellingGeneralAndAdministrativeExpenses": 0,
    "otherExpenses": 6007000000,
    "operatingExpenses": 6007000000,
    "costAndExpenses": 6990000000,
    "interestIncome": 0,
    "interestExpense": 67000000,
    "depreciationAndAmortization": 0,
    "ebitda": 938000000,
    "ebitdaratio": 0.1193232413,
    "operatingIncome": 938000000,
    "operatingIncomeRatio": 0.1193232413,
    "totalOtherIncomeExpensesNet": 0,
    "incomeBeforeTax": 871000000,
    "incomeBeforeTaxRatio": 0.1108001527,
    "incomeTaxExpense": 203000000,
    "netIncome": 665000000,
    "netIncomeRatio": 0.0845948353,
    "eps": 0.95,
    "epsdiluted": 0.94,
    "weightedAverageShsOut": 703300000,
    "weightedAverageShsOutDil": 705200000,
    "link": "https://www.sec.gov/Archives/edgar/data/899051/000104746903017741/0001047469-03-017741-index.htm",
    "finalLink": "https://www.sec.gov/Archives/edgar/data/899051/000104746903017741/a2110380z10-q.htm"
  },
  {
    "date": "2002-12-31",
    "symbol": "ALL",
    "reportedCurrency": "USD",
    "cik": "0000899051",
    "fillingDate": "2003-03-28",
    "acceptedDate": "2003-03-28 14:27:46",
    "calendarYear": "2002",
    "period": "Q4",
    "revenue": 7587000000,
    "costOfRevenue": 1005000000,
    "grossProfit": 6582000000,
    "grossProfitRatio": 0.8675365757,
    "researchAndDevelopmentExpenses": 0,
    "generalAndAdministrativeExpenses": 0,
    "sellingAndMarketingExpenses": 0,
    "sellingGeneralAndAdministrativeExpenses": 0,
    "otherExpenses": 6175000000,
    "operatingExpenses": 6175000000,
    "costAndExpenses": 7180000000,
    "interestIncome": 0,
    "interestExpense": 74000000,
    "depreciationAndAmortization": -12000000,
    "ebitda": 469000000,
    "ebitdaratio": 0.0618162647,
    "operatingIncome": 481000000,
    "operatingIncomeRatio": 0.0633979175,
    "totalOtherIncomeExpensesNet": 0,
    "incomeBeforeTax": 407000000,
    "incomeBeforeTaxRatio": 0.0536443917,
    "incomeTaxExpense": -43000000,
    "netIncome": 447000000,
    "netIncomeRatio": 0.0589165678,
    "eps": 0.64,
    "epsdiluted": 0.63,
    "weightedAverageShsOut": 703300000,
    "weightedAverageShsOutDil": 705200000,
    "link": "https://www.sec.gov/Archives/edgar/data/899051/000104746903010828/0001047469-03-010828-index.htm",
    "finalLink": "https://www.sec.gov/Archives/edgar/data/899051/000104746903010828/a2104961z10-k.htm"
  },
  {
    "date": "2002-09-30",
    "symbol": "ALL",
    "reportedCurrency": "USD",
    "cik": "0000899051",
    "fillingDate": "2002-11-14",
    "acceptedDate": "2002-11-13 21:30:21",
    "calendarYear": "2002",
    "period": "Q3",
    "revenue": 7239000000,
    "costOfRevenue": 852000000,
    "grossProfit": 6387000000,
    "grossProfitRatio": 0.8823041857,
    "researchAndDevelopmentExpenses": 0,
    "generalAndAdministrativeExpenses": 0,
    "sellingAndMarketingExpenses": 0,
    "sellingGeneralAndAdministrativeExpenses": 0,
    "otherExpenses": 6174000000,
    "operatingExpenses": 6174000000,
    "costAndExpenses": 7026000000,
    "interestIncome": 0,
    "interestExpense": 67000000,
    "depreciationAndAmortization": -20000000,
    "ebitda": 260000000,
    "ebitdaratio": 0.0359165631,
    "operatingIncome": 280000000,
    "operatingIncomeRatio": 0.0386793756,
    "totalOtherIncomeExpensesNet": 0,
    "incomeBeforeTax": 213000000,
    "incomeBeforeTaxRatio": 0.0294239536,
    "incomeTaxExpense": -37000000,
    "netIncome": 248000000,
    "netIncomeRatio": 0.0342588755,
    "eps": 0.35,
    "epsdiluted": 0.35,
    "weightedAverageShsOut": 705400000,
    "weightedAverageShsOutDil": 708100000,
    "link": "https://www.sec.gov/Archives/edgar/data/899051/000091205702042237/0000912057-02-042237-index.htm",
    "finalLink": "https://www.sec.gov/Archives/edgar/data/899051/000091205702042237/a2092506z10-q.htm"
  },
  {
    "date": "2002-06-30",
    "symbol": "ALL",
    "reportedCurrency": "USD",
    "cik": "0000899051",
    "fillingDate": "2002-08-13",
    "acceptedDate": "2002-08-12 21:30:18",
    "calendarYear": "2002",
    "period": "Q2",
    "revenue": 7455000000,
    "costOfRevenue": 872000000,
    "grossProfit": 6583000000,
    "grossProfitRatio": 0.8830315225,
    "researchAndDevelopmentExpenses": 0,
    "generalAndAdministrativeExpenses": 0,
    "sellingAndMarketingExpenses": 0,
    "sellingGeneralAndAdministrativeExpenses": 0,
    "otherExpenses": 6180000000,
    "operatingExpenses": 6180000000,
    "costAndExpenses": 7052000000,
    "interestIncome": 0,
    "interestExpense": 68000000,
    "depreciationAndAmortization": -21000000,
    "ebitda": 450000000,
    "ebitdaratio": 0.060362173,
    "operatingIncome": 471000000,
    "operatingIncomeRatio": 0.0631790744,
    "totalOtherIncomeExpensesNet": 0,
    "incomeBeforeTax": 403000000,
    "incomeBeforeTaxRatio": 0.0540576794,
    "incomeTaxExpense": 57000000,
    "netIncome": 344000000,
    "netIncomeRatio": 0.0461435278,
    "eps": 0.48,
    "epsdiluted": 0.48,
    "weightedAverageShsOut": 708700000,
    "weightedAverageShsOutDil": 712100000,
    "link": "https://www.sec.gov/Archives/edgar/data/899051/000091205702031314/0000912057-02-031314-index.htm",
    "finalLink": "https://www.sec.gov/Archives/edgar/data/899051/000091205702031314/a2085461z10-q.htm"
  },
  {
    "date": "2002-03-31",
    "symbol": "ALL",
    "reportedCurrency": "USD",
    "cik": "0000899051",
    "fillingDate": "2002-05-10",
    "acceptedDate": "2002-05-10 17:02:24",
    "calendarYear": "2002",
    "period": "Q1",
    "revenue": 7298000000,
    "costOfRevenue": 805000000,
    "grossProfit": 6493000000,
    "grossProfitRatio": 0.8896958071,
    "researchAndDevelopmentExpenses": 0,
    "generalAndAdministrativeExpenses": 0,
    "sellingAndMarketingExpenses": 0,
    "sellingGeneralAndAdministrativeExpenses": 0,
    "otherExpenses": 5976000000,
    "operatingExpenses": 5976000000,
    "costAndExpenses": 6781000000,
    "interestIncome": 0,
    "interestExpense": 69000000,
    "depreciationAndAmortization": -9000000,
    "ebitda": 577000000,
    "ebitdaratio": 0.0790627569,
    "operatingIncome": 586000000,
    "operatingIncomeRatio": 0.0802959715,
    "totalOtherIncomeExpensesNet": 0,
    "incomeBeforeTax": 517000000,
    "incomeBeforeTaxRatio": 0.0708413264,
    "incomeTaxExpense": 88000000,
    "netIncome": 426000000,
    "netIncomeRatio": 0.0583721568,
    "eps": 0.6,
    "epsdiluted": 0.6,
    "weightedAverageShsOut": 711700000,
    "weightedAverageShsOutDil": 713800000,
    "link": "https://www.sec.gov/Archives/edgar/data/899051/000091205702019625/0000912057-02-019625-index.htm",
    "finalLink": "https://www.sec.gov/Archives/edgar/data/899051/000091205702019625/a2078645z10-q.htm"
  },
  {
    "date": "2001-12-31",
    "symbol": "ALL",
    "reportedCurrency": "USD",
    "cik": "0000899051",
    "fillingDate": "2002-03-26",
    "acceptedDate": "2002-03-26 00:00:00",
    "calendarYear": "2001",
    "period": "Q4",
    "revenue": 7358000000,
    "costOfRevenue": 842000000,
    "grossProfit": 6516000000,
    "grossProfitRatio": 0.8855667301,
    "researchAndDevelopmentExpenses": 0,
    "generalAndAdministrativeExpenses": 0,
    "sellingAndMarketingExpenses": 0,
    "sellingGeneralAndAdministrativeExpenses": 0,
    "otherExpenses": 6221000000,
    "operatingExpenses": 6221000000,
    "costAndExpenses": 7063000000,
    "interestIncome": 0,
    "interestExpense": 62000000,
    "depreciationAndAmortization": -20000000,
    "ebitda": 337000000,
    "ebitdaratio": 0.0458004893,
    "operatingIncome": 357000000,
    "operatingIncomeRatio": 0.0485186192,
    "totalOtherIncomeExpensesNet": 0,
    "incomeBeforeTax": 295000000,
    "incomeBeforeTaxRatio": 0.0400924164,
    "incomeTaxExpense": 15000000,
    "netIncome": 264000000,
    "netIncomeRatio": 0.035879315,
    "eps": 0.37,
    "epsdiluted": 0.37,
    "weightedAverageShsOut": 711700000,
    "weightedAverageShsOutDil": 713800000,
    "link": "https://www.sec.gov/Archives/edgar/data/899051/000091205702011595/0000912057-02-011595-index.htm",
    "finalLink": "https://www.sec.gov/Archives/edgar/data/899051/000091205702011595/a2073498z10-k.htm"
  },
  {
    "date": "2001-09-30",
    "symbol": "ALL",
    "reportedCurrency": "USD",
    "cik": "0000899051",
    "fillingDate": "2001-11-13",
    "acceptedDate": "2001-11-13 00:00:00",
    "calendarYear": "2001",
    "period": "Q3",
    "revenue": 7173000000,
    "costOfRevenue": 886000000,
    "grossProfit": 6287000000,
    "grossProfitRatio": 0.8764812491,
    "researchAndDevelopmentExpenses": 0,
    "generalAndAdministrativeExpenses": 0,
    "sellingAndMarketingExpenses": 0,
    "sellingGeneralAndAdministrativeExpenses": 0,
    "otherExpenses": 6118000000,
    "operatingExpenses": 6118000000,
    "costAndExpenses": 7004000000,
    "interestIncome": 0,
    "interestExpense": 63000000,
    "depreciationAndAmortization": -29000000,
    "ebitda": 203000000,
    "ebitdaratio": 0.0283005716,
    "operatingIncome": 232000000,
    "operatingIncomeRatio": 0.0323435104,
    "totalOtherIncomeExpensesNet": 0,
    "incomeBeforeTax": 169000000,
    "incomeBeforeTaxRatio": 0.0235605744,
    "incomeTaxExpense": -67000000,
    "netIncome": 226000000,
    "netIncomeRatio": 0.0315070403,
    "eps": 0.32,
    "epsdiluted": 0.32,
    "weightedAverageShsOut": 717300000,
    "weightedAverageShsOutDil": 719700000,
    "link": "https://www.sec.gov/Archives/edgar/data/899051/000091205701538766/0000912057-01-538766-index.htm",
    "finalLink": "https://www.sec.gov/Archives/edgar/data/899051/000091205701538766/a2062362z10-q.htm"
  },
  {
    "date": "2001-06-30",
    "symbol": "ALL",
    "reportedCurrency": "USD",
    "cik": "0000899051",
    "fillingDate": "2001-08-13",
    "acceptedDate": "2001-08-13 00:00:00",
    "calendarYear": "2001",
    "period": "Q2",
    "revenue": 7203000000,
    "costOfRevenue": 878000000,
    "grossProfit": 6325000000,
    "grossProfitRatio": 0.8781063446,
    "researchAndDevelopmentExpenses": 0,
    "generalAndAdministrativeExpenses": 0,
    "sellingAndMarketingExpenses": 0,
    "sellingGeneralAndAdministrativeExpenses": 0,
    "otherExpenses": 6178000000,
    "operatingExpenses": 6178000000,
    "costAndExpenses": 7056000000,
    "interestIncome": 0,
    "interestExpense": 61000000,
    "depreciationAndAmortization": -29000000,
    "ebitda": 179000000,
    "ebitdaratio": 0.0248507566,
    "operatingIncome": 208000000,
    "operatingIncomeRatio": 0.0288768569,
    "totalOtherIncomeExpensesNet": 0,
    "incomeBeforeTax": 147000000,
    "incomeBeforeTaxRatio": 0.0204081633,
    "incomeTaxExpense": -30000000,
    "netIncome": 168000000,
    "netIncomeRatio": 0.0233236152,
    "eps": 0.23,
    "epsdiluted": 0.23,
    "weightedAverageShsOut": 724600000,
    "weightedAverageShsOutDil": 728500000,
    "link": "https://www.sec.gov/Archives/edgar/data/899051/000091205701528164/0000912057-01-528164-index.htm",
    "finalLink": "https://www.sec.gov/Archives/edgar/data/899051/000091205701528164/a2055943z10-q.htm"
  },
  {
    "date": "2001-03-31",
    "symbol": "ALL",
    "reportedCurrency": "USD",
    "cik": "0000899051",
    "fillingDate": "2001-05-15",
    "acceptedDate": "2001-05-15 00:00:00",
    "calendarYear": "2001",
    "period": "Q1",
    "revenue": 7131000000,
    "costOfRevenue": 798000000,
    "grossProfit": 6333000000,
    "grossProfitRatio": 0.8880942364,
    "researchAndDevelopmentExpenses": 0,
    "generalAndAdministrativeExpenses": 0,
    "sellingAndMarketingExpenses": 0,
    "sellingGeneralAndAdministrativeExpenses": 0,
    "otherExpenses": 5659000000,
    "operatingExpenses": 5659000000,
    "costAndExpenses": 6457000000,
    "interestIncome": 0,
    "interestExpense": 62000000,
    "depreciationAndAmortization": -28000000,
    "ebitda": 708000000,
    "ebitdaratio": 0.0992848128,
    "operatingIncome": 736000000,
    "operatingIncomeRatio": 0.1032113308,
    "totalOtherIncomeExpensesNet": 0,
    "incomeBeforeTax": 674000000,
    "incomeBeforeTaxRatio": 0.0945168981,
    "incomeTaxExpense": 155000000,
    "netIncome": 500000000,
    "netIncomeRatio": 0.0701163932,
    "eps": 0.69,
    "epsdiluted": 0.68,
    "weightedAverageShsOut": 726600000,
    "weightedAverageShsOutDil": 730300000,
    "link": "https://www.sec.gov/Archives/edgar/data/899051/000091205701515524/0000912057-01-515524-index.htm",
    "finalLink": "https://www.sec.gov/Archives/edgar/data/899051/000091205701515524/a2048088z10-q.htm"
  },
  {
    "date": "2000-12-31",
    "symbol": "ALL",
    "reportedCurrency": "USD",
    "cik": "0000899051",
    "fillingDate": "2001-03-26",
    "acceptedDate": "2001-03-26 00:00:00",
    "calendarYear": "2000",
    "period": "Q4",
    "revenue": 7220000000,
    "costOfRevenue": 3917000000,
    "grossProfit": 3303000000,
    "grossProfitRatio": 0.4574792244,
    "researchAndDevelopmentExpenses": 0,
    "generalAndAdministrativeExpenses": 0,
    "sellingAndMarketingExpenses": 0,
    "sellingGeneralAndAdministrativeExpenses": 0,
    "otherExpenses": 2591000000,
    "operatingExpenses": 2591000000,
    "costAndExpenses": 6508000000,
    "interestIncome": 0,
    "interestExpense": 63000000,
    "depreciationAndAmortization": -26000000,
    "ebitda": 749000000,
    "ebitdaratio": 0.1037396122,
    "operatingIncome": 775000000,
    "operatingIncomeRatio": 0.1073407202,
    "totalOtherIncomeExpensesNet": 0,
    "incomeBeforeTax": 712000000,
    "incomeBeforeTaxRatio": 0.0986149584,
    "incomeTaxExpense": 156000000,
    "netIncome": 547000000,
    "netIncomeRatio": 0.0757617729,
    "eps": 0.75,
    "epsdiluted": 0.75,
    "weightedAverageShsOut": 726600000,
    "weightedAverageShsOutDil": 730300000,
    "link": "https://www.sec.gov/Archives/edgar/data/899051/000091205701008238/0000912057-01-008238-index.htm",
    "finalLink": "https://www.sec.gov/Archives/edgar/data/899051/000091205701008238/a2042391z10-k405.htm"
  },
  {
    "date": "2000-09-30",
    "symbol": "ALL",
    "reportedCurrency": "USD",
    "cik": "0000899051",
    "fillingDate": "2000-11-13",
    "acceptedDate": "2000-11-13 00:00:00",
    "calendarYear": "2000",
    "period": "Q3",
    "revenue": 7445000000,
    "costOfRevenue": 825000000,
    "grossProfit": 6620000000,
    "grossProfitRatio": 0.8891873741,
    "researchAndDevelopmentExpenses": 0,
    "generalAndAdministrativeExpenses": 0,
    "sellingAndMarketingExpenses": 0,
    "sellingGeneralAndAdministrativeExpenses": 0,
    "otherExpenses": 5711000000,
    "operatingExpenses": 5711000000,
    "costAndExpenses": 6536000000,
    "interestIncome": 0,
    "interestExpense": 61000000,
    "depreciationAndAmortization": -8000000,
    "ebitda": 962000000,
    "ebitdaratio": 0.1292142377,
    "operatingIncome": 970000000,
    "operatingIncomeRatio": 0.1302887844,
    "totalOtherIncomeExpensesNet": 0,
    "incomeBeforeTax": 909000000,
    "incomeBeforeTaxRatio": 0.122095366,
    "incomeTaxExpense": 255000000,
    "netIncome": 644000000,
    "netIncomeRatio": 0.0865010074,
    "eps": 0.87,
    "epsdiluted": 0.87,
    "weightedAverageShsOut": 735800000,
    "weightedAverageShsOutDil": 740600000,
    "link": "https://www.sec.gov/Archives/edgar/data/899051/000091205700048494/0000912057-00-048494-index.htm",
    "finalLink": "https://www.sec.gov/Archives/edgar/data/899051/000091205700048494/a2029551z10-q.htm"
  },
  {
    "date": "2000-06-30",
    "symbol": "ALL",
    "reportedCurrency": "USD",
    "cik": "0000899051",
    "fillingDate": "2000-08-07",
    "acceptedDate": "2000-08-07 00:00:00",
    "calendarYear": "2000",
    "period": "Q2",
    "revenue": 7183000000,
    "costOfRevenue": 742000000,
    "grossProfit": 6441000000,
    "grossProfitRatio": 0.8967005429,
    "researchAndDevelopmentExpenses": 0,
    "generalAndAdministrativeExpenses": 0,
    "sellingAndMarketingExpenses": 0,
    "sellingGeneralAndAdministrativeExpenses": 0,
    "otherExpenses": 63000000,
    "operatingExpenses": 63000000,
    "costAndExpenses": 805000000,
    "interestIncome": 0,
    "interestExpense": 58000000,
    "depreciationAndAmortization": -23000000,
    "ebitda": 35000000,
    "ebitdaratio": 0.0048726159,
    "operatingIncome": 685000000,
    "operatingIncomeRatio": 0.095364054,
    "totalOtherIncomeExpensesNet": 0,
    "incomeBeforeTax": 627000000,
    "incomeBeforeTaxRatio": 0.0872894334,
    "incomeTaxExpense": 168000000,
    "netIncome": 459000000,
    "netIncomeRatio": 0.0639008771,
    "eps": 0.62,
    "epsdiluted": 0.61,
    "weightedAverageShsOut": 742300000,
    "weightedAverageShsOutDil": 747800000,
    "link": "https://www.sec.gov/Archives/edgar/data/899051/000091205700034974/0000912057-00-034974-index.htm",
    "finalLink": "https://www.sec.gov/Archives/edgar/data/899051/000091205700034974/a10-q.htm"
  },
  {
    "date": "2000-03-31",
    "symbol": "ALL",
    "reportedCurrency": "USD",
    "cik": "0000899051",
    "fillingDate": "2000-05-12",
    "acceptedDate": "2000-05-12 00:00:00",
    "calendarYear": "2000",
    "period": "Q1",
    "revenue": 7286000000,
    "costOfRevenue": 745000000,
    "grossProfit": 6541000000,
    "grossProfitRatio": 0.8977491079,
    "researchAndDevelopmentExpenses": 0,
    "generalAndAdministrativeExpenses": 0,
    "sellingAndMarketingExpenses": 0,
    "sellingGeneralAndAdministrativeExpenses": 0,
    "otherExpenses": 5753000000,
    "operatingExpenses": 5753000000,
    "costAndExpenses": 6498000000,
    "interestIncome": 0,
    "interestExpense": 47000000,
    "depreciationAndAmortization": 10000000,
    "ebitda": 845000000,
    "ebitdaratio": 0.1159758441,
    "operatingIncome": 835000000,
    "operatingIncomeRatio": 0.1146033489,
    "totalOtherIncomeExpensesNet": 0,
    "incomeBeforeTax": 788000000,
    "incomeBeforeTaxRatio": 0.1081526215,
    "incomeTaxExpense": 216000000,
    "netIncome": 561000000,
    "netIncomeRatio": 0.0769969805,
    "eps": 0.73,
    "epsdiluted": 0.73,
    "weightedAverageShsOut": 767600000,
    "weightedAverageShsOutDil": 772100000,
    "link": "https://www.sec.gov/Archives/edgar/data/899051/000091205700023751/0000912057-00-023751-index.htm",
    "finalLink": "https://www.sec.gov/Archives/edgar/data/899051/000091205700023751/0000912057-00-023751-d1.html"
  },
  {
    "date": "1999-12-31",
    "symbol": "ALL",
    "reportedCurrency": "USD",
    "cik": "0000899051",
    "fillingDate": "2000-03-28",
    "acceptedDate": "2000-03-28 00:00:00",
    "calendarYear": "1999",
    "period": "Q4",
    "revenue": 6999000000,
    "costOfRevenue": 0,
    "grossProfit": 6999000000,
    "grossProfitRatio": 1,
    "researchAndDevelopmentExpenses": 0,
    "generalAndAdministrativeExpenses": 0,
    "sellingAndMarketingExpenses": 0,
    "sellingGeneralAndAdministrativeExpenses": 0,
    "otherExpenses": 21325000000,
    "operatingExpenses": 21325000000,
    "costAndExpenses": 21325000000,
    "interestIncome": 0,
    "interestExpense": 271000000,
    "depreciationAndAmortization": 12000000,
    "ebitda": 4190000000,
    "ebitdaratio": 0.598656951,
    "operatingIncome": 4178000000,
    "operatingIncomeRatio": 0.5969424203,
    "totalOtherIncomeExpensesNet": 0,
    "incomeBeforeTax": 3907000000,
    "incomeBeforeTaxRatio": 0.5582226032,
    "incomeTaxExpense": 145000000,
    "netIncome": 425000000,
    "netIncomeRatio": 0.0607229604,
    "eps": 0.55,
    "epsdiluted": 0.55,
    "weightedAverageShsOut": 767600000,
    "weightedAverageShsOutDil": 772100000,
    "link": "https://www.sec.gov/Archives/edgar/data/899051/000091205700013918/0000912057-00-013918-index.htm",
    "finalLink": "https://www.sec.gov/Archives/edgar/data/899051/000091205700013918/0000912057-00-013918.txt"
  },
  {
    "date": "1999-09-30",
    "symbol": "ALL",
    "reportedCurrency": "USD",
    "cik": "0000899051",
    "fillingDate": "1999-11-12",
    "acceptedDate": "1999-11-12 00:00:00",
    "calendarYear": "1999",
    "period": "Q3",
    "revenue": 6551000000,
    "costOfRevenue": 1199000000,
    "grossProfit": 5352000000,
    "grossProfitRatio": 0.8169745077,
    "researchAndDevelopmentExpenses": 0,
    "generalAndAdministrativeExpenses": 0,
    "sellingAndMarketingExpenses": 0,
    "sellingGeneralAndAdministrativeExpenses": 0,
    "otherExpenses": -536000000,
    "operatingExpenses": -536000000,
    "costAndExpenses": 663000000,
    "interestIncome": 0,
    "interestExpense": 28000000,
    "depreciationAndAmortization": -22000000,
    "ebitda": 6000000,
    "ebitdaratio": 0.0009158907,
    "operatingIncome": 717000000,
    "operatingIncomeRatio": 0.1094489391,
    "totalOtherIncomeExpensesNet": 0,
    "incomeBeforeTax": 689000000,
    "incomeBeforeTaxRatio": 0.1051747825,
    "incomeTaxExpense": 199000000,
    "netIncome": 490000000,
    "netIncomeRatio": 0.0747977408,
    "eps": 0.63,
    "epsdiluted": 0.62,
    "weightedAverageShsOut": 790900000,
    "weightedAverageShsOutDil": 793900000,
    "link": "https://www.sec.gov/Archives/edgar/data/899051/000095013199006221/0000950131-99-006221-index.htm",
    "finalLink": "https://www.sec.gov/Archives/edgar/data/899051/000095013199006221/0000950131-99-006221-d1.html"
  },
  {
    "date": "1999-06-30",
    "symbol": "ALL",
    "reportedCurrency": "USD",
    "cik": "0000899051",
    "fillingDate": "1999-08-12",
    "acceptedDate": "1999-08-12 00:00:00",
    "calendarYear": "1999",
    "period": "Q2",
    "revenue": 6602000000,
    "costOfRevenue": 525000000,
    "grossProfit": 6077000000,
    "grossProfitRatio": 0.9204786428,
    "researchAndDevelopmentExpenses": 0,
    "generalAndAdministrativeExpenses": 0,
    "sellingAndMarketingExpenses": 0,
    "sellingGeneralAndAdministrativeExpenses": 0,
    "otherExpenses": 28000000,
    "operatingExpenses": 28000000,
    "costAndExpenses": 553000000,
    "interestIncome": 0,
    "interestExpense": 28000000,
    "depreciationAndAmortization": -1000000,
    "ebitda": 27000000,
    "ebitdaratio": 0.0040896698,
    "operatingIncome": 1141000000,
    "operatingIncomeRatio": 0.1728264162,
    "totalOtherIncomeExpensesNet": 0,
    "incomeBeforeTax": 1113000000,
    "incomeBeforeTaxRatio": 0.1685852772,
    "incomeTaxExpense": 343000000,
    "netIncome": 770000000,
    "netIncomeRatio": 0.1166313238,
    "eps": 0.96,
    "epsdiluted": 0.95,
    "weightedAverageShsOut": 807200000,
    "weightedAverageShsOutDil": 810500000,
    "link": "https://www.sec.gov/Archives/edgar/data/899051/000095012499004658/0000950124-99-004658-index.htm",
    "finalLink": "https://www.sec.gov/Archives/edgar/data/899051/000095012499004658/0000950124-99-004658-d1.html"
  },
  {
    "date": "1999-03-31",
    "symbol": "ALL",
    "reportedCurrency": "USD",
    "cik": "0000899051",
    "fillingDate": "1999-05-14",
    "acceptedDate": "1999-05-14 00:00:00",
    "calendarYear": "1999",
    "period": "Q1",
    "revenue": 6807000000,
    "costOfRevenue": 552000000,
    "grossProfit": 6255000000,
    "grossProfitRatio": 0.9189070075,
    "researchAndDevelopmentExpenses": 0,
    "generalAndAdministrativeExpenses": 0,
    "sellingAndMarketingExpenses": 0,
    "sellingGeneralAndAdministrativeExpenses": 0,
    "otherExpenses": 30000000,
    "operatingExpenses": 30000000,
    "costAndExpenses": 582000000,
    "interestIncome": 0,
    "interestExpense": 30000000,
    "depreciationAndAmortization": -6000000,
    "ebitda": 24000000,
    "ebitdaratio": 0.0035257823,
    "operatingIncome": 1526000000,
    "operatingIncomeRatio": 0.2241809902,
    "totalOtherIncomeExpensesNet": 0,
    "incomeBeforeTax": 1496000000,
    "incomeBeforeTaxRatio": 0.2197737623,
    "incomeTaxExpense": 461000000,
    "netIncome": 1035000000,
    "netIncomeRatio": 0.152049361,
    "eps": 1.27,
    "epsdiluted": 1.27,
    "weightedAverageShsOut": 813600000,
    "weightedAverageShsOutDil": 817000000,
    "link": "https://www.sec.gov/Archives/edgar/data/899051/000089905199000007/0000899051-99-000007-index.htm",
    "finalLink": "https://www.sec.gov/Archives/edgar/data/899051/0000899051-99-000007.txt"
  },
  {
    "date": "1998-12-31",
    "symbol": "ALL",
    "reportedCurrency": "USD",
    "cik": "0000899051",
    "fillingDate": "1999-03-26",
    "acceptedDate": "1999-03-26 00:00:00",
    "calendarYear": "1998",
    "period": "Q4",
    "revenue": 6357000000,
    "costOfRevenue": 0,
    "grossProfit": 6357000000,
    "grossProfitRatio": 1,
    "researchAndDevelopmentExpenses": 0,
    "generalAndAdministrativeExpenses": 0,
    "sellingAndMarketingExpenses": 0,
    "sellingGeneralAndAdministrativeExpenses": 0,
    "otherExpenses": 19559000000,
    "operatingExpenses": 19559000000,
    "costAndExpenses": 19559000000,
    "interestIncome": 0,
    "interestExpense": 30000000,
    "depreciationAndAmortization": -14000000,
    "ebitda": 4761000000,
    "ebitdaratio": 0.7489381784,
    "operatingIncome": 4775000000,
    "operatingIncomeRatio": 0.7511404751,
    "totalOtherIncomeExpensesNet": 0,
    "incomeBeforeTax": 4745000000,
    "incomeBeforeTaxRatio": 0.7464212679,
    "incomeTaxExpense": 310000000,
    "netIncome": 760000000,
    "netIncomeRatio": 0.1195532484,
    "eps": 0.93,
    "epsdiluted": 0.93,
    "weightedAverageShsOut": 813600000,
    "weightedAverageShsOutDil": 817000000,
    "link": "https://www.sec.gov/Archives/edgar/data/899051/000089905199000005/0000899051-99-000005-index.htm",
    "finalLink": "https://www.sec.gov/Archives/edgar/data/899051/0000899051-99-000005.txt"
  },
  {
    "date": "1998-09-30",
    "symbol": "ALL",
    "reportedCurrency": "USD",
    "cik": "0000899051",
    "fillingDate": "1998-11-13",
    "acceptedDate": "1998-11-13 00:00:00",
    "calendarYear": "1998",
    "period": "Q3",
    "revenue": 6436000000,
    "costOfRevenue": 501000000,
    "grossProfit": 5935000000,
    "grossProfitRatio": 0.922156619,
    "researchAndDevelopmentExpenses": 0,
    "generalAndAdministrativeExpenses": 0,
    "sellingAndMarketingExpenses": 0,
    "sellingGeneralAndAdministrativeExpenses": 0,
    "otherExpenses": 28000000,
    "operatingExpenses": 28000000,
    "costAndExpenses": 529000000,
    "interestIncome": 0,
    "interestExpense": 28000000,
    "depreciationAndAmortization": 8000000,
    "ebitda": 36000000,
    "ebitdaratio": 0.0055935364,
    "operatingIncome": 1061000000,
    "operatingIncomeRatio": 0.1648539466,
    "totalOtherIncomeExpensesNet": 0,
    "incomeBeforeTax": 1033000000,
    "incomeBeforeTaxRatio": 0.1605034183,
    "incomeTaxExpense": 320000000,
    "netIncome": 713000000,
    "netIncomeRatio": 0.1107830951,
    "eps": 0.87,
    "epsdiluted": 0.86,
    "weightedAverageShsOut": 826500000,
    "weightedAverageShsOutDil": 830700000,
    "link": "https://www.sec.gov/Archives/edgar/data/899051/000089905198000022/0000899051-98-000022-index.htm",
    "finalLink": "https://www.sec.gov/Archives/edgar/data/899051/0000899051-98-000022.txt"
  },
  {
    "date": "1998-06-30",
    "symbol": "ALL",
    "reportedCurrency": "USD",
    "cik": "0000899051",
    "fillingDate": "1998-08-13",
    "acceptedDate": "1998-08-13 00:00:00",
    "calendarYear": "1998",
    "period": "Q2",
    "revenue": 6627000000,
    "costOfRevenue": 1116000000,
    "grossProfit": 5511000000,
    "grossProfitRatio": 0.8315980081,
    "researchAndDevelopmentExpenses": 0,
    "generalAndAdministrativeExpenses": 0,
    "sellingAndMarketingExpenses": 0,
    "sellingGeneralAndAdministrativeExpenses": 0,
    "otherExpenses": -492000000,
    "operatingExpenses": -492000000,
    "costAndExpenses": 624000000,
    "interestIncome": 0,
    "interestExpense": 28000000,
    "depreciationAndAmortization": -11000000,
    "ebitda": 17000000,
    "ebitdaratio": 0.0025652633,
    "operatingIncome": 1291000000,
    "operatingIncomeRatio": 0.1948091142,
    "totalOtherIncomeExpensesNet": 0,
    "incomeBeforeTax": 1263000000,
    "incomeBeforeTaxRatio": 0.1905839746,
    "incomeTaxExpense": 378000000,
    "netIncome": 885000000,
    "netIncomeRatio": 0.1335445903,
    "eps": 1.06,
    "epsdiluted": 1.05,
    "weightedAverageShsOut": 834905660,
    "weightedAverageShsOutDil": 841900000,
    "link": "https://www.sec.gov/Archives/edgar/data/899051/000089905198000020/0000899051-98-000020-index.htm",
    "finalLink": "https://www.sec.gov/Archives/edgar/data/899051/0000899051-98-000020.txt"
  },
  {
    "date": "1998-03-31",
    "symbol": "ALL",
    "reportedCurrency": "USD",
    "cik": "0000899051",
    "fillingDate": "1998-05-14",
    "acceptedDate": "1998-05-14 00:00:00",
    "calendarYear": "1998",
    "period": "Q1",
    "revenue": 6459000000,
    "costOfRevenue": 472000000,
    "grossProfit": 5987000000,
    "grossProfitRatio": 0.9269236724,
    "researchAndDevelopmentExpenses": 0,
    "generalAndAdministrativeExpenses": 0,
    "sellingAndMarketingExpenses": 0,
    "sellingGeneralAndAdministrativeExpenses": 0,
    "otherExpenses": 26000000,
    "operatingExpenses": 26000000,
    "costAndExpenses": 498000000,
    "interestIncome": 0,
    "interestExpense": 26000000,
    "depreciationAndAmortization": -5000000,
    "ebitda": 21000000,
    "ebitdaratio": 0.0032512773,
    "operatingIncome": 1376000000,
    "operatingIncomeRatio": 0.2130360737,
    "totalOtherIncomeExpensesNet": 0,
    "incomeBeforeTax": 1350000000,
    "incomeBeforeTaxRatio": 0.2090106828,
    "incomeTaxExpense": 414000000,
    "netIncome": 936000000,
    "netIncomeRatio": 0.1449140734,
    "eps": 1.1,
    "epsdiluted": 1.1,
    "weightedAverageShsOut": 845200000,
    "weightedAverageShsOutDil": 850000000,
    "link": "https://www.sec.gov/Archives/edgar/data/899051/000089905198000017/0000899051-98-000017-index.htm",
    "finalLink": "https://www.sec.gov/Archives/edgar/data/899051/0000899051-98-000017.txt"
  },
  {
    "date": "1997-12-31",
    "symbol": "ALL",
    "reportedCurrency": "USD",
    "cik": "0000899051",
    "fillingDate": "1998-03-27",
    "acceptedDate": "1998-03-27 00:00:00",
    "calendarYear": "1997",
    "period": "Q4",
    "revenue": 6287000000,
    "costOfRevenue": 0,
    "grossProfit": 6287000000,
    "grossProfitRatio": 1,
    "researchAndDevelopmentExpenses": 0,
    "generalAndAdministrativeExpenses": 0,
    "sellingAndMarketingExpenses": 0,
    "sellingGeneralAndAdministrativeExpenses": 0,
    "otherExpenses": 19022000000,
    "operatingExpenses": 19022000000,
    "costAndExpenses": 19022000000,
    "interestIncome": 0,
    "interestExpense": 26000000,
    "depreciationAndAmortization": -9000000,
    "ebitda": 4451000000,
    "ebitdaratio": 0.7079688246,
    "operatingIncome": 4460000000,
    "operatingIncomeRatio": 0.7094003499,
    "totalOtherIncomeExpensesNet": 0,
    "incomeBeforeTax": 4434000000,
    "incomeBeforeTaxRatio": 0.7052648322,
    "incomeTaxExpense": 388000000,
    "netIncome": 871000000,
    "netIncomeRatio": 0.1385398441,
    "eps": 1.03,
    "epsdiluted": 1.02,
    "weightedAverageShsOut": 845200000,
    "weightedAverageShsOutDil": 850000000,
    "link": "https://www.sec.gov/Archives/edgar/data/899051/000089905198000014/0000899051-98-000014-index.htm",
    "finalLink": "https://www.sec.gov/Archives/edgar/data/899051/0000899051-98-000014.txt"
  },
  {
    "date": "1997-09-30",
    "symbol": "ALL",
    "reportedCurrency": "USD",
    "cik": "0000899051",
    "fillingDate": "1997-11-13",
    "acceptedDate": "1997-11-13 00:00:00",
    "calendarYear": "1997",
    "period": "Q3",
    "revenue": 6393000000,
    "costOfRevenue": 475000000,
    "grossProfit": 5918000000,
    "grossProfitRatio": 0.9256999844,
    "researchAndDevelopmentExpenses": 0,
    "generalAndAdministrativeExpenses": 0,
    "sellingAndMarketingExpenses": 0,
    "sellingGeneralAndAdministrativeExpenses": 0,
    "otherExpenses": 26000000,
    "operatingExpenses": 26000000,
    "costAndExpenses": 501000000,
    "interestIncome": 0,
    "interestExpense": 26000000,
    "depreciationAndAmortization": -8000000,
    "ebitda": 18000000,
    "ebitdaratio": 0.0028155795,
    "operatingIncome": 1209000000,
    "operatingIncomeRatio": 0.1891130924,
    "totalOtherIncomeExpensesNet": 0,
    "incomeBeforeTax": 1183000000,
    "incomeBeforeTaxRatio": 0.1850461442,
    "incomeTaxExpense": 359000000,
    "netIncome": 824000000,
    "netIncomeRatio": 0.1288909745,
    "eps": 0.95,
    "epsdiluted": 0.95,
    "weightedAverageShsOut": 871400000,
    "weightedAverageShsOutDil": 871400000,
    "link": "https://www.sec.gov/Archives/edgar/data/899051/000089905197000034/0000899051-97-000034-index.htm",
    "finalLink": "https://www.sec.gov/Archives/edgar/data/899051/0000899051-97-000034.txt"
  },
  {
    "date": "1997-06-30",
    "symbol": "ALL",
    "reportedCurrency": "USD",
    "cik": "0000899051",
    "fillingDate": "1997-08-14",
    "acceptedDate": "1997-08-14 00:00:00",
    "calendarYear": "1997",
    "period": "Q2",
    "revenue": 6081000000,
    "costOfRevenue": 491000000,
    "grossProfit": 5590000000,
    "grossProfitRatio": 0.9192567012,
    "researchAndDevelopmentExpenses": 0,
    "generalAndAdministrativeExpenses": 0,
    "sellingAndMarketingExpenses": 0,
    "sellingGeneralAndAdministrativeExpenses": 0,
    "otherExpenses": 24000000,
    "operatingExpenses": 24000000,
    "costAndExpenses": 515000000,
    "interestIncome": 0,
    "interestExpense": 24000000,
    "depreciationAndAmortization": -6000000,
    "ebitda": 18000000,
    "ebitdaratio": 0.0029600395,
    "operatingIncome": 927000000,
    "operatingIncomeRatio": 0.1524420326,
    "totalOtherIncomeExpensesNet": 0,
    "incomeBeforeTax": 903000000,
    "incomeBeforeTaxRatio": 0.1484953133,
    "incomeTaxExpense": 260000000,
    "netIncome": 643000000,
    "netIncomeRatio": 0.1057391876,
    "eps": 0.74,
    "epsdiluted": 0.74,
    "weightedAverageShsOut": 874600000,
    "weightedAverageShsOutDil": 874600000,
    "link": "https://www.sec.gov/Archives/edgar/data/899051/000089905197000027/0000899051-97-000027-index.htm",
    "finalLink": "https://www.sec.gov/Archives/edgar/data/899051/0000899051-97-000027.txt"
  },
  {
    "date": "1997-03-31",
    "symbol": "ALL",
    "reportedCurrency": "USD",
    "cik": "0000899051",
    "fillingDate": "1997-05-15",
    "acceptedDate": "1997-05-15 00:00:00",
    "calendarYear": "1997",
    "period": "Q1",
    "revenue": 6188000000,
    "costOfRevenue": 453000000,
    "grossProfit": 5735000000,
    "grossProfitRatio": 0.9267937944,
    "researchAndDevelopmentExpenses": 0,
    "generalAndAdministrativeExpenses": 0,
    "sellingAndMarketingExpenses": 0,
    "sellingGeneralAndAdministrativeExpenses": 0,
    "otherExpenses": 24000000,
    "operatingExpenses": 24000000,
    "costAndExpenses": 477000000,
    "interestIncome": 0,
    "interestExpense": 24000000,
    "depreciationAndAmortization": 1000000,
    "ebitda": 25000000,
    "ebitdaratio": 0.0040400776,
    "operatingIncome": 1108000000,
    "operatingIncomeRatio": 0.1790562379,
    "totalOtherIncomeExpensesNet": 0,
    "incomeBeforeTax": 1084000000,
    "incomeBeforeTaxRatio": 0.1751777634,
    "incomeTaxExpense": 317000000,
    "netIncome": 767000000,
    "netIncomeRatio": 0.1239495798,
    "eps": 0.87,
    "epsdiluted": 0.87,
    "weightedAverageShsOut": 884600000,
    "weightedAverageShsOutDil": 884600000,
    "link": "https://www.sec.gov/Archives/edgar/data/899051/000089905197000021/0000899051-97-000021-index.htm",
    "finalLink": "https://www.sec.gov/Archives/edgar/data/899051/0000899051-97-000021.txt"
  },
  {
    "date": "1996-12-31",
    "symbol": "ALL",
    "reportedCurrency": "USD",
    "cik": "0000899051",
    "fillingDate": "1997-03-27",
    "acceptedDate": "1997-03-27 00:00:00",
    "calendarYear": "1996",
    "period": "Q4",
    "revenue": 6036000000,
    "costOfRevenue": 0,
    "grossProfit": 6036000000,
    "grossProfitRatio": 1,
    "researchAndDevelopmentExpenses": 0,
    "generalAndAdministrativeExpenses": 0,
    "sellingAndMarketingExpenses": 0,
    "sellingGeneralAndAdministrativeExpenses": 0,
    "otherExpenses": 19819000000,
    "operatingExpenses": 19819000000,
    "costAndExpenses": 19819000000,
    "interestIncome": 0,
    "interestExpense": 19000000,
    "depreciationAndAmortization": 0,
    "ebitda": 2688000000,
    "ebitdaratio": 0.4453280318,
    "operatingIncome": 2688000000,
    "operatingIncomeRatio": 0.4453280318,
    "totalOtherIncomeExpensesNet": 0,
    "incomeBeforeTax": 2669000000,
    "incomeBeforeTaxRatio": 0.4421802518,
    "incomeTaxExpense": 219000000,
    "netIncome": 595000000,
    "netIncomeRatio": 0.0985752154,
    "eps": 0.67,
    "epsdiluted": 0.67,
    "weightedAverageShsOut": 871000000,
    "weightedAverageShsOutDil": 884600000,
    "link": "https://www.sec.gov/Archives/edgar/data/899051/000089905197000017/0000899051-97-000017-index.htm",
    "finalLink": "https://www.sec.gov/Archives/edgar/data/899051/0000899051-97-000017.txt"
  },
  {
    "date": "1996-09-30",
    "symbol": "ALL",
    "reportedCurrency": "USD",
    "cik": "0000899051",
    "fillingDate": "1996-11-14",
    "acceptedDate": "1996-11-14 00:00:00",
    "calendarYear": "1996",
    "period": "Q3",
    "revenue": 6022000000,
    "costOfRevenue": 438000000,
    "grossProfit": 5584000000,
    "grossProfitRatio": 0.9272666888,
    "researchAndDevelopmentExpenses": 0,
    "generalAndAdministrativeExpenses": 0,
    "sellingAndMarketingExpenses": 0,
    "sellingGeneralAndAdministrativeExpenses": 0,
    "otherExpenses": 169000000,
    "operatingExpenses": 169000000,
    "costAndExpenses": 607000000,
    "interestIncome": 0,
    "interestExpense": 19000000,
    "depreciationAndAmortization": 0,
    "ebitda": 19000000,
    "ebitdaratio": 0.003155098,
    "operatingIncome": 322000000,
    "operatingIncomeRatio": 0.0534706078,
    "totalOtherIncomeExpensesNet": 0,
    "incomeBeforeTax": 303000000,
    "incomeBeforeTaxRatio": 0.0503155098,
    "incomeTaxExpense": 11000000,
    "netIncome": 292000000,
    "netIncomeRatio": 0.0484888741,
    "eps": 0.33,
    "epsdiluted": 0.33,
    "weightedAverageShsOut": 894800000,
    "weightedAverageShsOutDil": 894800000,
    "link": "https://www.sec.gov/Archives/edgar/data/899051/000089905196000014/0000899051-96-000014-index.htm",
    "finalLink": "https://www.sec.gov/Archives/edgar/data/899051/0000899051-96-000014.txt"
  },
  {
    "date": "1996-06-30",
    "symbol": "ALL",
    "reportedCurrency": "USD",
    "cik": "0000899051",
    "fillingDate": "1996-08-14",
    "acceptedDate": "1996-08-14 00:00:00",
    "calendarYear": "1996",
    "period": "Q2",
    "revenue": 6332000000,
    "costOfRevenue": 601000000,
    "grossProfit": 5731000000,
    "grossProfitRatio": 0.9050852811,
    "researchAndDevelopmentExpenses": 0,
    "generalAndAdministrativeExpenses": 0,
    "sellingAndMarketingExpenses": 0,
    "sellingGeneralAndAdministrativeExpenses": 0,
    "otherExpenses": 22000000,
    "operatingExpenses": 22000000,
    "costAndExpenses": 623000000,
    "interestIncome": 0,
    "interestExpense": 22000000,
    "depreciationAndAmortization": -3000000,
    "ebitda": 19000000,
    "ebitdaratio": 0.0030006317,
    "operatingIncome": 1072000000,
    "operatingIncomeRatio": 0.1692987997,
    "totalOtherIncomeExpensesNet": 0,
    "incomeBeforeTax": 1050000000,
    "incomeBeforeTaxRatio": 0.1658243841,
    "incomeTaxExpense": 286000000,
    "netIncome": 764000000,
    "netIncomeRatio": 0.1206569804,
    "eps": 0.86,
    "epsdiluted": 0.86,
    "weightedAverageShsOut": 896400000,
    "weightedAverageShsOutDil": 896400000,
    "link": "https://www.sec.gov/Archives/edgar/data/899051/000089905196000008/0000899051-96-000008-index.htm",
    "finalLink": "https://www.sec.gov/Archives/edgar/data/899051/0000899051-96-000008.txt"
  },
  {
    "date": "1996-03-31",
    "symbol": "ALL",
    "reportedCurrency": "USD",
    "cik": "0000899051",
    "fillingDate": "1996-05-14",
    "acceptedDate": "1996-05-14 00:00:00",
    "calendarYear": "1996",
    "period": "Q1",
    "revenue": 5909000000,
    "costOfRevenue": 558000000,
    "grossProfit": 5351000000,
    "grossProfitRatio": 0.905567778,
    "researchAndDevelopmentExpenses": 0,
    "generalAndAdministrativeExpenses": 0,
    "sellingAndMarketingExpenses": 0,
    "sellingGeneralAndAdministrativeExpenses": 0,
    "otherExpenses": 23000000,
    "operatingExpenses": 23000000,
    "costAndExpenses": 581000000,
    "interestIncome": 0,
    "interestExpense": 23000000,
    "depreciationAndAmortization": -8000000,
    "ebitda": 15000000,
    "ebitdaratio": 0.0025385006,
    "operatingIncome": 550000000,
    "operatingIncomeRatio": 0.0930783551,
    "totalOtherIncomeExpensesNet": 0,
    "incomeBeforeTax": 527000000,
    "incomeBeforeTaxRatio": 0.0891859875,
    "incomeTaxExpense": 103000000,
    "netIncome": 424000000,
    "netIncomeRatio": 0.0717549501,
    "eps": 0.47,
    "epsdiluted": 0.47,
    "weightedAverageShsOut": 899600000,
    "weightedAverageShsOutDil": 899600000,
    "link": "https://www.sec.gov/Archives/edgar/data/899051/000089905196000004/0000899051-96-000004-index.htm",
    "finalLink": "https://www.sec.gov/Archives/edgar/data/899051/0000899051-96-000004.txt"
  },
  {
    "date": "1995-12-31",
    "symbol": "ALL",
    "reportedCurrency": "USD",
    "cik": "0000899051",
    "fillingDate": "1996-08-27",
    "acceptedDate": "1996-08-27 00:00:00",
    "calendarYear": "1995",
    "period": "Q4",
    "revenue": 5856000000,
    "costOfRevenue": 0,
    "grossProfit": 5856000000,
    "grossProfitRatio": 1,
    "researchAndDevelopmentExpenses": 0,
    "generalAndAdministrativeExpenses": 0,
    "sellingAndMarketingExpenses": 0,
    "sellingGeneralAndAdministrativeExpenses": 0,
    "otherExpenses": 2161000000,
    "operatingExpenses": 2161000000,
    "costAndExpenses": 2161000000,
    "interestIncome": 0,
    "interestExpense": 18000000,
    "depreciationAndAmortization": -4000000,
    "ebitda": 14000000,
    "ebitdaratio": 0.0023907104,
    "operatingIncome": 524000000,
    "operatingIncomeRatio": 0.0894808743,
    "totalOtherIncomeExpensesNet": 0,
    "incomeBeforeTax": 506000000,
    "incomeBeforeTaxRatio": 0.0864071038,
    "incomeTaxExpense": 109000000,
    "netIncome": 397000000,
    "netIncomeRatio": 0.0677937158,
    "eps": 0.44,
    "epsdiluted": 0.44,
    "weightedAverageShsOut": 899600000,
    "weightedAverageShsOutDil": 899600000,
    "link": "https://www.sec.gov/Archives/edgar/data/899051/000095013796001555/0000950137-96-001555-index.htm",
    "finalLink": "https://www.sec.gov/Archives/edgar/data/899051/000095013796001555/"
  },
  {
    "date": "1995-09-30",
    "symbol": "ALL",
    "reportedCurrency": "USD",
    "cik": "0000899051",
    "fillingDate": "1995-09-30",
    "acceptedDate": "1995-09-30 00:00:00",
    "calendarYear": "1995",
    "period": "Q3",
    "revenue": 5705000000,
    "costOfRevenue": 0,
    "grossProfit": 5705000000,
    "grossProfitRatio": 1,
    "researchAndDevelopmentExpenses": 0,
    "generalAndAdministrativeExpenses": 0,
    "sellingAndMarketingExpenses": 0,
    "sellingGeneralAndAdministrativeExpenses": 0,
    "otherExpenses": 18000000,
    "operatingExpenses": 18000000,
    "costAndExpenses": 18000000,
    "interestIncome": 0,
    "interestExpense": 18000000,
    "depreciationAndAmortization": 2000000,
    "ebitda": 20000000,
    "ebitdaratio": 0.0035056968,
    "operatingIncome": 613000000,
    "operatingIncomeRatio": 0.1074496056,
    "totalOtherIncomeExpensesNet": 0,
    "incomeBeforeTax": 595000000,
    "incomeBeforeTaxRatio": 0.1042944785,
    "incomeTaxExpense": 149000000,
    "netIncome": 446000000,
    "netIncomeRatio": 0.0781770377,
    "eps": 0.5,
    "epsdiluted": 0.5,
    "weightedAverageShsOut": 896200000,
    "weightedAverageShsOutDil": 896200000,
    "link": null,
    "finalLink": null
  }
]