[
  {
    "date": "2024-12-31",
    "symbol": "ALL",
    "reportedCurrency": "USD",
    "cik": "0000899051",
    "fillingDate": "2025-02-24",
    "acceptedDate": "2025-02-24 12:23:27",
    "calendarYear": "2024",
    "period": "FY",
    "revenue": 64115000000,
    "costOfRevenue": 49015000000,
    "grossProfit": 15100000000,
    "grossProfitRatio": 0.2355143102,
    "researchAndDevelopmentExpenses": 0,
    "generalAndAdministrativeExpenses": -37000000,
    "sellingAndMarketingExpenses": 0,
    "sellingGeneralAndAdministrativeExpenses": -37000000,
    "otherExpenses": 9376000000,
    "operatingExpenses": 9339000000,
    "costAndExpenses": 58354000000,
    "interestIncome": 0,
    "interestExpense": 400000000,
    "depreciationAndAmortization": 555000000,
    "ebitda": 6716000000,
    "ebitdaratio": 0.1047492786,
    "operatingIncome": 6161000000,
    "operatingIncomeRatio": 0.096092958,
    "totalOtherIncomeExpensesNet": 0,
    "incomeBeforeTax": 5761000000,
    "incomeBeforeTaxRatio": 0.0898541683,
    "incomeTaxExpense": 1162000000,
    "netIncome": 4667000000,
    "netIncomeRatio": 0.0727910785,
    "eps": 17.22,
    "epsdiluted": 16.99,
    "weightedAverageShsOut": 264300000,
    "weightedAverageShsOutDil": 267800000,
    "link": "https://www.sec.gov/Archives/edgar/data/899051/000089905125000015/0000899051-25-000015-index.htm",
    "finalLink": "https://www.sec.gov/Archives/edgar/data/899051/000089905125000015/all-20241231.htm"
  },
  {
    "date": "2023-12-31",
    "symbol": "ALL",
    "reportedCurrency": "USD",
    "cik": "0000899051",
    "fillingDate": "2024-02-21",
    "acceptedDate": "2024-02-21 14:09:58",
    "calendarYear": "2023",
    "period": "FY",
    "revenue": 57090000000,
    "costOfRevenue": 49419000000,
    "grossProfit": 7671000000,
    "grossProfitRatio": 0.1343667893,
    "researchAndDevelopmentExpenses": 0,
    "generalAndAdministrativeExpenses": 9000000,
    "sellingAndMarketingExpenses": 0,
    "sellingGeneralAndAdministrativeExpenses": 9000000,
    "otherExpenses": 8010000000,
    "operatingExpenses": 8019000000,
    "costAndExpenses": 57438000000,
    "interestIncome": 0,
    "interestExpense": 379000000,
    "depreciationAndAmortization": 704000000,
    "ebitda": 735000000,
    "ebitdaratio": 0.0128744088,
    "operatingIncome": 31000000,
    "operatingIncomeRatio": 0.0005430023,
    "totalOtherIncomeExpensesNet": 0,
    "incomeBeforeTax": -348000000,
    "incomeBeforeTaxRatio": -0.0060956385,
    "incomeTaxExpense": -135000000,
    "netIncome": -188000000,
    "netIncomeRatio": -0.0032930461,
    "eps": -1.2,
    "epsdiluted": -1.2,
    "weightedAverageShsOut": 262500000,
    "weightedAverageShsOutDil": 262500000,
    "link": "https://www.sec.gov/Archives/edgar/data/899051/000089905124000013/0000899051-24-000013-index.htm",
    "finalLink": "https://www.sec.gov/Archives/edgar/data/899051/000089905124000013/all-20231231.htm"
  },
  {
    "date": "2022-12-31",
    "symbol": "ALL",
    "reportedCurrency": "USD",
    "cik": "0000899051",
    "fillingDate": "2023-02-16",
    "acceptedDate": "2023-02-16 17:32:22",
    "calendarYear": "2022",
    "period": "FY",
    "revenue": 51602000000,
    "costOfRevenue": 44940000000,
    "grossProfit": 6662000000,
    "grossProfitRatio": 0.1291035231,
    "researchAndDevelopmentExpenses": 0,
    "generalAndAdministrativeExpenses": 116000000,
    "sellingAndMarketingExpenses": 0,
    "sellingGeneralAndAdministrativeExpenses": 116000000,
    "otherExpenses": 8376000000,
    "operatingExpenses": 8492000000,
    "costAndExpenses": 53432000000,
    "interestIncome": 0,
    "interestExpense": 335000000,
    "depreciationAndAmortization": 847000000,
    "ebitda": -648000000,
    "ebitdaratio": -0.0125576528,
    "operatingIncome": -1495000000,
    "operatingIncomeRatio": -0.0289717453,
    "totalOtherIncomeExpensesNet": 0,
    "incomeBeforeTax": -1830000000,
    "incomeBeforeTaxRatio": -0.0354637417,
    "incomeTaxExpense": -488000000,
    "netIncome": -1289000000,
    "netIncomeRatio": -0.024979652,
    "eps": -5.03,
    "epsdiluted": -5.03,
    "weightedAverageShsOut": 271200000,
    "weightedAverageShsOutDil": 271200000,
    "link": "https://www.sec.gov/Archives/edgar/data/899051/000089905123000020/0000899051-23-000020-index.htm",
    "finalLink": "https://www.sec.gov/Archives/edgar/data/899051/000089905123000020/all-20221231.htm"
  },
  {
    "date": "2021-12-31",
    "symbol": "ALL",
    "reportedCurrency": "USD",
    "cik": "0000899051",
    "fillingDate": "2022-02-18",
    "acceptedDate": "2022-02-18 15:17:10",
    "calendarYear": "2021",
    "period": "FY",
    "revenue": 50653000000,
    "costOfRevenue": 36648000000,
    "grossProfit": 14005000000,
    "grossProfitRatio": 0.276489053,
    "researchAndDevelopmentExpenses": 0,
    "generalAndAdministrativeExpenses": -644000000,
    "sellingAndMarketingExpenses": 0,
    "sellingGeneralAndAdministrativeExpenses": -644000000,
    "otherExpenses": 8183000000,
    "operatingExpenses": 7539000000,
    "costAndExpenses": 44187000000,
    "interestIncome": 0,
    "interestExpense": 330000000,
    "depreciationAndAmortization": 1086000000,
    "ebitda": 7882000000,
    "ebitdaratio": 0.1556077626,
    "operatingIncome": 6796000000,
    "operatingIncomeRatio": 0.1341677689,
    "totalOtherIncomeExpensesNet": 0,
    "incomeBeforeTax": 6466000000,
    "incomeBeforeTaxRatio": 0.1276528537,
    "incomeTaxExpense": 1292000000,
    "netIncome": 1614000000,
    "netIncomeRatio": 0.031863858,
    "eps": 17.5,
    "epsdiluted": 17.25,
    "weightedAverageShsOut": 294800000,
    "weightedAverageShsOutDil": 299100000,
    "link": "https://www.sec.gov/Archives/edgar/data/899051/000089905122000015/0000899051-22-000015-index.htm",
    "finalLink": "https://www.sec.gov/Archives/edgar/data/899051/000089905122000015/all-20211231.htm"
  },
  {
    "date": "2020-12-31",
    "symbol": "ALL",
    "reportedCurrency": "USD",
    "cik": "0000899051",
    "fillingDate": "2021-02-22",
    "acceptedDate": "2021-02-19 17:37:16",
    "calendarYear": "2020",
    "period": "FY",
    "revenue": 41930000000,
    "costOfRevenue": 28665000000,
    "grossProfit": 13265000000,
    "grossProfitRatio": 0.316360601,
    "researchAndDevelopmentExpenses": 0,
    "generalAndAdministrativeExpenses": -51000000,
    "sellingAndMarketingExpenses": 0,
    "sellingGeneralAndAdministrativeExpenses": -51000000,
    "otherExpenses": 6514000000,
    "operatingExpenses": 6463000000,
    "costAndExpenses": 35128000000,
    "interestIncome": 0,
    "interestExpense": 318000000,
    "depreciationAndAmortization": 686000000,
    "ebitda": 7806000000,
    "ebitdaratio": 0.1861674219,
    "operatingIncome": 7120000000,
    "operatingIncomeRatio": 0.1698068209,
    "totalOtherIncomeExpensesNet": 0,
    "incomeBeforeTax": 6802000000,
    "incomeBeforeTaxRatio": 0.1622227522,
    "incomeTaxExpense": 1373000000,
    "netIncome": 5576000000,
    "netIncomeRatio": 0.132983544,
    "eps": 17.53,
    "epsdiluted": 17.31,
    "weightedAverageShsOut": 311600000,
    "weightedAverageShsOutDil": 315500000,
    "link": "https://www.sec.gov/Archives/edgar/data/899051/000089905121000011/0000899051-21-000011-index.htm",
    "finalLink": "https://www.sec.gov/Archives/edgar/data/899051/000089905121000011/all-20201231.htm"
  },
  {
    "date": "2019-12-31",
    "symbol": "ALL",
    "reportedCurrency": "USD",
    "cik": "0000899051",
    "fillingDate": "2020-02-21",
    "acceptedDate": "2020-02-21 11:07:49",
    "calendarYear": "2019",
    "period": "FY",
    "revenue": 41400000000,
    "costOfRevenue": 29964000000,
    "grossProfit": 11436000000,
    "grossProfitRatio": 0.2762318841,
    "researchAndDevelopmentExpenses": 0,
    "generalAndAdministrativeExpenses": 114000000,
    "sellingAndMarketingExpenses": 0,
    "sellingGeneralAndAdministrativeExpenses": 114000000,
    "otherExpenses": 5879000000,
    "operatingExpenses": 5993000000,
    "costAndExpenses": 35957000000,
    "interestIncome": 0,
    "interestExpense": 327000000,
    "depreciationAndAmortization": 647000000,
    "ebitda": 6417000000,
    "ebitdaratio": 0.155,
    "operatingIncome": 5770000000,
    "operatingIncomeRatio": 0.1393719807,
    "totalOtherIncomeExpensesNet": 0,
    "incomeBeforeTax": 5443000000,
    "incomeBeforeTaxRatio": 0.13147343,
    "incomeTaxExpense": 1116000000,
    "netIncome": 4847000000,
    "netIncomeRatio": 0.1170772947,
    "eps": 14.25,
    "epsdiluted": 14.03,
    "weightedAverageShsOut": 328200000,
    "weightedAverageShsOutDil": 333500000,
    "link": "https://www.sec.gov/Archives/edgar/data/899051/000089905120000013/0000899051-20-000013-index.htm",
    "finalLink": "https://www.sec.gov/Archives/edgar/data/899051/000089905120000013/allcorp-12311910xk.htm"
  },
  {
    "date": "2018-12-31",
    "symbol": "ALL",
    "reportedCurrency": "USD",
    "cik": "0000899051",
    "fillingDate": "2019-02-15",
    "acceptedDate": "2019-02-15 13:43:51",
    "calendarYear": "2018",
    "period": "FY",
    "revenue": 39815000000,
    "costOfRevenue": 30627000000,
    "grossProfit": 9188000000,
    "grossProfitRatio": 0.2307672988,
    "researchAndDevelopmentExpenses": 0,
    "generalAndAdministrativeExpenses": 468000000,
    "sellingAndMarketingExpenses": 0,
    "sellingGeneralAndAdministrativeExpenses": 468000000,
    "otherExpenses": 6092000000,
    "operatingExpenses": 6560000000,
    "costAndExpenses": 37187000000,
    "interestIncome": 0,
    "interestExpense": 332000000,
    "depreciationAndAmortization": 511000000,
    "ebitda": 3471000000,
    "ebitdaratio": 0.0871781992,
    "operatingIncome": 2960000000,
    "operatingIncomeRatio": 0.0743438403,
    "totalOtherIncomeExpensesNet": 0,
    "incomeBeforeTax": 2628000000,
    "incomeBeforeTaxRatio": 0.0660052744,
    "incomeTaxExpense": 468000000,
    "netIncome": 2160000000,
    "netIncomeRatio": 0.0542509105,
    "eps": 6.21,
    "epsdiluted": 6.12,
    "weightedAverageShsOut": 347800000,
    "weightedAverageShsOutDil": 353200000,
    "link": "https://www.sec.gov/Archives/edgar/data/899051/000089905119000007/0000899051-19-000007-index.htm",
    "finalLink": "https://www.sec.gov/Archives/edgar/data/899051/000089905119000007/allcorp-12311810xk.htm"
  },
  {
    "date": "2017-12-31",
    "symbol": "ALL",
    "reportedCurrency": "USD",
    "cik": "0000899051",
    "fillingDate": "2018-02-26",
    "acceptedDate": "2018-02-26 17:10:16",
    "calendarYear": "2017",
    "period": "FY",
    "revenue": 39407000000,
    "costOfRevenue": 29244000000,
    "grossProfit": 10163000000,
    "grossProfitRatio": 0.2578983429,
    "researchAndDevelopmentExpenses": 0,
    "generalAndAdministrativeExpenses": -217000000,
    "sellingAndMarketingExpenses": 0,
    "sellingGeneralAndAdministrativeExpenses": -217000000,
    "otherExpenses": 5831000000,
    "operatingExpenses": 5614000000,
    "costAndExpenses": 34858000000,
    "interestIncome": 0,
    "interestExpense": 335000000,
    "depreciationAndAmortization": 483000000,
    "ebitda": 5367000000,
    "ebitdaratio": 0.1361940772,
    "operatingIncome": 4884000000,
    "operatingIncomeRatio": 0.1239373715,
    "totalOtherIncomeExpensesNet": 0,
    "incomeBeforeTax": 4549000000,
    "incomeBeforeTaxRatio": 0.1154363438,
    "incomeTaxExpense": 995000000,
    "netIncome": 3554000000,
    "netIncomeRatio": 0.0901870226,
    "eps": 9.5,
    "epsdiluted": 9.35,
    "weightedAverageShsOut": 362000000,
    "weightedAverageShsOutDil": 367800000,
    "link": "https://www.sec.gov/Archives/edgar/data/899051/000089905118000007/0000899051-18-000007-index.htm",
    "finalLink": "https://www.sec.gov/Archives/edgar/data/899051/000089905118000007/allcorp-12311710xk.htm"
  },
  {
    "date": "2016-12-31",
    "symbol": "ALL",
    "reportedCurrency": "USD",
    "cik": "0000899051",
    "fillingDate": "2017-02-17",
    "acceptedDate": "2017-02-17 14:43:26",
    "calendarYear": "2016",
    "period": "FY",
    "revenue": 37399000000,
    "costOfRevenue": 29354000000,
    "grossProfit": 8045000000,
    "grossProfitRatio": 0.2151127035,
    "researchAndDevelopmentExpenses": 0,
    "generalAndAdministrativeExpenses": 4939000000,
    "sellingAndMarketingExpenses": 0,
    "sellingGeneralAndAdministrativeExpenses": 4939000000,
    "otherExpenses": 352000000,
    "operatingExpenses": 5291000000,
    "costAndExpenses": 34645000000,
    "interestIncome": 0,
    "interestExpense": 295000000,
    "depreciationAndAmortization": 382000000,
    "ebitda": 3431000000,
    "ebitdaratio": 0.0917404209,
    "operatingIncome": 3049000000,
    "operatingIncomeRatio": 0.081526244,
    "totalOtherIncomeExpensesNet": 0,
    "incomeBeforeTax": 2754000000,
    "incomeBeforeTaxRatio": 0.0736383326,
    "incomeTaxExpense": 877000000,
    "netIncome": 1877000000,
    "netIncomeRatio": 0.0501885077,
    "eps": 4.72,
    "epsdiluted": 4.67,
    "weightedAverageShsOut": 372800000,
    "weightedAverageShsOutDil": 377300000,
    "link": "https://www.sec.gov/Archives/edgar/data/899051/000089905117000005/0000899051-17-000005-index.htm",
    "finalLink": "https://www.sec.gov/Archives/edgar/data/899051/000089905117000005/allcorp-12311610xk.htm"
  },
  {
    "date": "2015-12-31",
    "symbol": "ALL",
    "reportedCurrency": "USD",
    "cik": "0000899051",
    "fillingDate": "2016-02-19",
    "acceptedDate": "2016-02-19 14:04:26",
    "calendarYear": "2015",
    "period": "FY",
    "revenue": 35653000000,
    "costOfRevenue": 27962000000,
    "grossProfit": 7691000000,
    "grossProfitRatio": 0.2157181724,
    "researchAndDevelopmentExpenses": 0,
    "generalAndAdministrativeExpenses": 4081000000,
    "sellingAndMarketingExpenses": 0,
    "sellingGeneralAndAdministrativeExpenses": 4081000000,
    "otherExpenses": 328000000,
    "operatingExpenses": 4409000000,
    "costAndExpenses": 32371000000,
    "interestIncome": 0,
    "interestExpense": 292000000,
    "depreciationAndAmortization": 371000000,
    "ebitda": 3945000000,
    "ebitdaratio": 0.1106498752,
    "operatingIncome": 3574000000,
    "operatingIncomeRatio": 0.1002440187,
    "totalOtherIncomeExpensesNet": 0,
    "incomeBeforeTax": 3282000000,
    "incomeBeforeTaxRatio": 0.0920539646,
    "incomeTaxExpense": 1111000000,
    "netIncome": 2171000000,
    "netIncomeRatio": 0.0608924915,
    "eps": 5.12,
    "epsdiluted": 5.05,
    "weightedAverageShsOut": 401100000,
    "weightedAverageShsOutDil": 406800000,
    "link": "https://www.sec.gov/Archives/edgar/data/899051/000089905116000040/0000899051-16-000040-index.htm",
    "finalLink": "https://www.sec.gov/Archives/edgar/data/899051/000089905116000040/allcorp-12311510xk.htm"
  },
  {
    "date": "2014-12-31",
    "symbol": "ALL",
    "reportedCurrency": "USD",
    "cik": "0000899051",
    "fillingDate": "2015-02-19",
    "acceptedDate": "2015-02-19 09:41:19",
    "calendarYear": "2014",
    "period": "FY",
    "revenue": 35239000000,
    "costOfRevenue": 26247000000,
    "grossProfit": 8992000000,
    "grossProfitRatio": 0.2551718267,
    "researchAndDevelopmentExpenses": 0,
    "generalAndAdministrativeExpenses": 4341000000,
    "sellingAndMarketingExpenses": 0,
    "sellingGeneralAndAdministrativeExpenses": 4341000000,
    "otherExpenses": 415000000,
    "operatingExpenses": 4756000000,
    "costAndExpenses": 31003000000,
    "interestIncome": 0,
    "interestExpense": 322000000,
    "depreciationAndAmortization": 366000000,
    "ebitda": 4924000000,
    "ebitdaratio": 0.1397315474,
    "operatingIncome": 4558000000,
    "operatingIncomeRatio": 0.1293453276,
    "totalOtherIncomeExpensesNet": 0,
    "incomeBeforeTax": 4236000000,
    "incomeBeforeTaxRatio": 0.1202077244,
    "incomeTaxExpense": 1386000000,
    "netIncome": 2850000000,
    "netIncomeRatio": 0.0808763018,
    "eps": 6.37,
    "epsdiluted": 6.27,
    "weightedAverageShsOut": 431400000,
    "weightedAverageShsOutDil": 438200000,
    "link": "https://www.sec.gov/Archives/edgar/data/899051/000104746915000935/0001047469-15-000935-index.htm",
    "finalLink": "https://www.sec.gov/Archives/edgar/data/899051/000104746915000935/a2223004z10-k.htm"
  },
  {
    "date": "2013-12-31",
    "symbol": "ALL",
    "reportedCurrency": "USD",
    "cik": "0000899051",
    "fillingDate": "2014-02-20",
    "acceptedDate": "2014-02-20 12:59:44",
    "calendarYear": "2013",
    "period": "FY",
    "revenue": 34507000000,
    "costOfRevenue": 25108000000,
    "grossProfit": 9399000000,
    "grossProfitRatio": 0.2723795172,
    "researchAndDevelopmentExpenses": 0,
    "generalAndAdministrativeExpenses": 4387000000,
    "sellingAndMarketingExpenses": 0,
    "sellingGeneralAndAdministrativeExpenses": 4387000000,
    "otherExpenses": 1616000000,
    "operatingExpenses": 6003000000,
    "costAndExpenses": 31111000000,
    "interestIncome": 0,
    "interestExpense": 367000000,
    "depreciationAndAmortization": 368000000,
    "ebitda": 4131000000,
    "ebitdaratio": 0.1197148405,
    "operatingIncome": 3763000000,
    "operatingIncomeRatio": 0.1090503376,
    "totalOtherIncomeExpensesNet": 0,
    "incomeBeforeTax": 3396000000,
    "incomeBeforeTaxRatio": 0.0984148144,
    "incomeTaxExpense": 1116000000,
    "netIncome": 2280000000,
    "netIncomeRatio": 0.0660735503,
    "eps": 4.87,
    "epsdiluted": 4.81,
    "weightedAverageShsOut": 464400000,
    "weightedAverageShsOutDil": 470300000,
    "link": "https://www.sec.gov/Archives/edgar/data/899051/000104746914001083/0001047469-14-001083-index.htm",
    "finalLink": "https://www.sec.gov/Archives/edgar/data/899051/000104746914001083/a2218256z10-k.htm"
  },
  {
    "date": "2012-12-31",
    "symbol": "ALL",
    "reportedCurrency": "USD",
    "cik": "0000899051",
    "fillingDate": "2013-02-20",
    "acceptedDate": "2013-02-20 09:42:11",
    "calendarYear": "2012",
    "period": "FY",
    "revenue": 33315000000,
    "costOfRevenue": 25502000000,
    "grossProfit": 7813000000,
    "grossProfitRatio": 0.2345189854,
    "researchAndDevelopmentExpenses": 0,
    "generalAndAdministrativeExpenses": 4118000000,
    "sellingAndMarketingExpenses": 0,
    "sellingGeneralAndAdministrativeExpenses": 4118000000,
    "otherExpenses": 389000000,
    "operatingExpenses": 4507000000,
    "costAndExpenses": 30009000000,
    "interestIncome": 0,
    "interestExpense": 373000000,
    "depreciationAndAmortization": 388000000,
    "ebitda": 4067000000,
    "ebitdaratio": 0.1220771424,
    "operatingIncome": 3679000000,
    "operatingIncomeRatio": 0.1104307369,
    "totalOtherIncomeExpensesNet": 0,
    "incomeBeforeTax": 3306000000,
    "incomeBeforeTaxRatio": 0.099234579,
    "incomeTaxExpense": 1000000000,
    "netIncome": 2306000000,
    "netIncomeRatio": 0.0692180699,
    "eps": 4.71,
    "epsdiluted": 4.68,
    "weightedAverageShsOut": 489400000,
    "weightedAverageShsOutDil": 493000000,
    "link": "https://www.sec.gov/Archives/edgar/data/899051/000104746913001288/0001047469-13-001288-index.htm",
    "finalLink": "https://www.sec.gov/Archives/edgar/data/899051/000104746913001288/a2212802z10-k.htm"
  },
  {
    "date": "2011-12-31",
    "symbol": "ALL",
    "reportedCurrency": "USD",
    "cik": "0000899051",
    "fillingDate": "2012-02-22",
    "acceptedDate": "2012-02-22 09:12:00",
    "calendarYear": "2011",
    "period": "FY",
    "revenue": 32654000000,
    "costOfRevenue": 27538000000,
    "grossProfit": 5116000000,
    "grossProfitRatio": 0.1566729957,
    "researchAndDevelopmentExpenses": 0,
    "generalAndAdministrativeExpenses": 3739000000,
    "sellingAndMarketingExpenses": 0,
    "sellingGeneralAndAdministrativeExpenses": 3468000000,
    "otherExpenses": 689000000,
    "operatingExpenses": 4157000000,
    "costAndExpenses": 31695000000,
    "interestIncome": 0,
    "interestExpense": 367000000,
    "depreciationAndAmortization": 252000000,
    "ebitda": 1578000000,
    "ebitdaratio": 0.0483248607,
    "operatingIncome": 1326000000,
    "operatingIncomeRatio": 0.0406075825,
    "totalOtherIncomeExpensesNet": 0,
    "incomeBeforeTax": 959000000,
    "incomeBeforeTaxRatio": 0.0293685307,
    "incomeTaxExpense": 172000000,
    "netIncome": 787000000,
    "netIncomeRatio": 0.0241011821,
    "eps": 1.51,
    "epsdiluted": 1.5,
    "weightedAverageShsOut": 520700000,
    "weightedAverageShsOutDil": 523100000,
    "link": "https://www.sec.gov/Archives/edgar/data/899051/000104746912001250/0001047469-12-001250-index.htm",
    "finalLink": "https://www.sec.gov/Archives/edgar/data/899051/000104746912001250/a2207294z10-k.htm"
  },
  {
    "date": "2010-12-31",
    "symbol": "ALL",
    "reportedCurrency": "USD",
    "cik": "0000899051",
    "fillingDate": "2011-02-24",
    "acceptedDate": "2011-02-24 16:50:58",
    "calendarYear": "2010",
    "period": "FY",
    "revenue": 31400000000,
    "costOfRevenue": 26380000000,
    "grossProfit": 5020000000,
    "grossProfitRatio": 0.1598726115,
    "researchAndDevelopmentExpenses": 0,
    "generalAndAdministrativeExpenses": 3542000000,
    "sellingAndMarketingExpenses": 0,
    "sellingGeneralAndAdministrativeExpenses": 3542000000,
    "otherExpenses": 378000000,
    "operatingExpenses": 3920000000,
    "costAndExpenses": 30300000000,
    "interestIncome": 0,
    "interestExpense": 367000000,
    "depreciationAndAmortization": 94000000,
    "ebitda": 1561000000,
    "ebitdaratio": 0.0497133758,
    "operatingIncome": 1467000000,
    "operatingIncomeRatio": 0.0467197452,
    "totalOtherIncomeExpensesNet": 0,
    "incomeBeforeTax": 1100000000,
    "incomeBeforeTaxRatio": 0.0350318471,
    "incomeTaxExpense": 189000000,
    "netIncome": 911000000,
    "netIncomeRatio": 0.0290127389,
    "eps": 1.69,
    "epsdiluted": 1.68,
    "weightedAverageShsOut": 540300000,
    "weightedAverageShsOutDil": 542500000,
    "link": "https://www.sec.gov/Archives/edgar/data/899051/000104746911001286/0001047469-11-001286-index.htm",
    "finalLink": "https://www.sec.gov/Archives/edgar/data/899051/000104746911001286/a2202090z10-k.htm"
  },
  {
    "date": "2009-12-31",
    "symbol": "ALL",
    "reportedCurrency": "USD",
    "cik": "0000899051",
    "fillingDate": "2010-02-25",
    "acceptedDate": "2010-02-25 16:32:16",
    "calendarYear": "2009",
    "period": "FY",
    "revenue": 32013000000,
    "costOfRevenue": 3743000000,
    "grossProfit": 28270000000,
    "grossProfitRatio": 0.8830787493,
    "researchAndDevelopmentExpenses": 0,
    "generalAndAdministrativeExpenses": 0,
    "sellingAndMarketingExpenses": 0,
    "sellingGeneralAndAdministrativeExpenses": 0,
    "otherExpenses": 27022000000,
    "operatingExpenses": 27022000000,
    "costAndExpenses": 30765000000,
    "interestIncome": 0,
    "interestExpense": 392000000,
    "depreciationAndAmortization": -91000000,
    "ebitda": 1549000000,
    "ebitdaratio": 0.0483865929,
    "operatingIncome": 1640000000,
    "operatingIncomeRatio": 0.0512291881,
    "totalOtherIncomeExpensesNet": 0,
    "incomeBeforeTax": 1248000000,
    "incomeBeforeTaxRatio": 0.0389841627,
    "incomeTaxExpense": 394000000,
    "netIncome": 854000000,
    "netIncomeRatio": 0.0266766626,
    "eps": 1.58,
    "epsdiluted": 1.58,
    "weightedAverageShsOut": 539600000,
    "weightedAverageShsOutDil": 540900000,
    "link": "https://www.sec.gov/Archives/edgar/data/899051/000104746910001355/0001047469-10-001355-index.htm",
    "finalLink": "https://www.sec.gov/Archives/edgar/data/899051/000104746910001355/a2196655z10-k.htm"
  },
  {
    "date": "2008-12-31",
    "symbol": "ALL",
    "reportedCurrency": "USD",
    "cik": "0000899051",
    "fillingDate": "2009-02-26",
    "acceptedDate": "2009-02-26 15:31:45",
    "calendarYear": "2008",
    "period": "FY",
    "revenue": 29394000000,
    "costOfRevenue": 4023000000,
    "grossProfit": 25371000000,
    "grossProfitRatio": 0.8631353337,
    "researchAndDevelopmentExpenses": 0,
    "generalAndAdministrativeExpenses": 0,
    "sellingAndMarketingExpenses": 0,
    "sellingGeneralAndAdministrativeExpenses": 0,
    "otherExpenses": 28396000000,
    "operatingExpenses": 28396000000,
    "costAndExpenses": 32419000000,
    "interestIncome": 0,
    "interestExpense": 351000000,
    "depreciationAndAmortization": -376000000,
    "ebitda": -3050000000,
    "ebitdaratio": -0.1037626727,
    "operatingIncome": -2674000000,
    "operatingIncomeRatio": -0.0909709465,
    "totalOtherIncomeExpensesNet": 0,
    "incomeBeforeTax": -3025000000,
    "incomeBeforeTaxRatio": -0.1029121589,
    "incomeTaxExpense": -1346000000,
    "netIncome": -1679000000,
    "netIncomeRatio": -0.0571205008,
    "eps": -3.07,
    "epsdiluted": -3.07,
    "weightedAverageShsOut": 546100000,
    "weightedAverageShsOutDil": 546100000,
    "link": "https://www.sec.gov/Archives/edgar/data/899051/000104746909001878/0001047469-09-001878-index.htm",
    "finalLink": "https://www.sec.gov/Archives/edgar/data/899051/000104746909001878/a2189233z10-k.htm"
  },
  {
    "date": "2007-12-31",
    "symbol": "ALL",
    "reportedCurrency": "USD",
    "cik": "0000899051",
    "fillingDate": "2008-02-27",
    "acceptedDate": "2008-02-27 17:19:32",
    "calendarYear": "2007",
    "period": "FY",
    "revenue": 36769000000,
    "costOfRevenue": 4270000000,
    "grossProfit": 32499000000,
    "grossProfitRatio": 0.883869564,
    "researchAndDevelopmentExpenses": 0,
    "generalAndAdministrativeExpenses": 0,
    "sellingAndMarketingExpenses": 0,
    "sellingGeneralAndAdministrativeExpenses": 0,
    "otherExpenses": 25846000000,
    "operatingExpenses": 25846000000,
    "costAndExpenses": 30116000000,
    "interestIncome": 0,
    "interestExpense": 333000000,
    "depreciationAndAmortization": -257000000,
    "ebitda": 6729000000,
    "ebitdaratio": 0.1830074247,
    "operatingIncome": 6986000000,
    "operatingIncomeRatio": 0.1899970083,
    "totalOtherIncomeExpensesNet": 0,
    "incomeBeforeTax": 6653000000,
    "incomeBeforeTaxRatio": 0.1809404662,
    "incomeTaxExpense": 2017000000,
    "netIncome": 4636000000,
    "netIncomeRatio": 0.1260844733,
    "eps": 7.83,
    "epsdiluted": 7.77,
    "weightedAverageShsOut": 592400000,
    "weightedAverageShsOutDil": 596700000,
    "link": "https://www.sec.gov/Archives/edgar/data/899051/000104746908001846/0001047469-08-001846-index.htm",
    "finalLink": "https://www.sec.gov/Archives/edgar/data/899051/000104746908001846/a2182971z10-k.htm"
  },
  {
    "date": "2006-12-31",
    "symbol": "ALL",
    "reportedCurrency": "USD",
    "cik": "0000899051",
    "fillingDate": "2007-02-22",
    "acceptedDate": "2007-02-22 17:15:21",
    "calendarYear": "2006",
    "period": "FY",
    "revenue": 35796000000,
    "costOfRevenue": 4179000000,
    "grossProfit": 31617000000,
    "grossProfitRatio": 0.8832551123,
    "researchAndDevelopmentExpenses": 0,
    "generalAndAdministrativeExpenses": 0,
    "sellingAndMarketingExpenses": 0,
    "sellingGeneralAndAdministrativeExpenses": 0,
    "otherExpenses": 24439000000,
    "operatingExpenses": 24439000000,
    "costAndExpenses": 28618000000,
    "interestIncome": 0,
    "interestExpense": 357000000,
    "depreciationAndAmortization": -188000000,
    "ebitda": 7347000000,
    "ebitdaratio": 0.2052463962,
    "operatingIncome": 7535000000,
    "operatingIncomeRatio": 0.2104983797,
    "totalOtherIncomeExpensesNet": 0,
    "incomeBeforeTax": 7178000000,
    "incomeBeforeTaxRatio": 0.2005251983,
    "incomeTaxExpense": 2185000000,
    "netIncome": 4993000000,
    "netIncomeRatio": 0.1394848586,
    "eps": 7.89,
    "epsdiluted": 7.84,
    "weightedAverageShsOut": 632500000,
    "weightedAverageShsOutDil": 637200000,
    "link": "https://www.sec.gov/Archives/edgar/data/899051/000104746907001347/0001047469-07-001347-index.htm",
    "finalLink": "https://www.sec.gov/Archives/edgar/data/899051/000104746907001347/a2175845z10-k.htm"
  },
  {
    "date": "2005-12-31",
    "symbol": "ALL",
    "reportedCurrency": "USD",
    "cik": "0000899051",
    "fillingDate": "2006-02-23",
    "acceptedDate": "2006-02-23 16:14:00",
    "calendarYear": "2005",
    "period": "FY",
    "revenue": 35383000000,
    "costOfRevenue": 4018000000,
    "grossProfit": 31365000000,
    "grossProfitRatio": 0.8864426419,
    "researchAndDevelopmentExpenses": 0,
    "generalAndAdministrativeExpenses": 0,
    "sellingAndMarketingExpenses": 0,
    "sellingGeneralAndAdministrativeExpenses": 0,
    "otherExpenses": 29277000000,
    "operatingExpenses": 29277000000,
    "costAndExpenses": 33295000000,
    "interestIncome": 0,
    "interestExpense": 330000000,
    "depreciationAndAmortization": -67000000,
    "ebitda": 2351000000,
    "ebitdaratio": 0.0664443377,
    "operatingIncome": 2418000000,
    "operatingIncomeRatio": 0.0683379024,
    "totalOtherIncomeExpensesNet": 0,
    "incomeBeforeTax": 2088000000,
    "incomeBeforeTaxRatio": 0.0590113897,
    "incomeTaxExpense": 323000000,
    "netIncome": 1765000000,
    "netIncomeRatio": 0.049882712,
    "eps": 2.67,
    "epsdiluted": 2.64,
    "weightedAverageShsOut": 661700000,
    "weightedAverageShsOutDil": 667300000,
    "link": "https://www.sec.gov/Archives/edgar/data/899051/000104746906002356/0001047469-06-002356-index.htm",
    "finalLink": "https://www.sec.gov/Archives/edgar/data/899051/000104746906002356/a2167600z10-k.htm"
  },
  {
    "date": "2004-12-31",
    "symbol": "ALL",
    "reportedCurrency": "USD",
    "cik": "0000899051",
    "fillingDate": "2005-02-24",
    "acceptedDate": "2005-02-24 16:56:54",
    "calendarYear": "2004",
    "period": "FY",
    "revenue": 33936000000,
    "costOfRevenue": 3619000000,
    "grossProfit": 30317000000,
    "grossProfitRatio": 0.8933580858,
    "researchAndDevelopmentExpenses": 0,
    "generalAndAdministrativeExpenses": 0,
    "sellingAndMarketingExpenses": 0,
    "sellingGeneralAndAdministrativeExpenses": 0,
    "otherExpenses": 25731000000,
    "operatingExpenses": 25731000000,
    "costAndExpenses": 29350000000,
    "interestIncome": 0,
    "interestExpense": 308000000,
    "depreciationAndAmortization": -4000000,
    "ebitda": 4890000000,
    "ebitdaratio": 0.1440947666,
    "operatingIncome": 4894000000,
    "operatingIncomeRatio": 0.1442126355,
    "totalOtherIncomeExpensesNet": 0,
    "incomeBeforeTax": 4586000000,
    "incomeBeforeTaxRatio": 0.135136728,
    "incomeTaxExpense": 1230000000,
    "netIncome": 3181000000,
    "netIncomeRatio": 0.0937352664,
    "eps": 4.57,
    "epsdiluted": 4.54,
    "weightedAverageShsOut": 695600000,
    "weightedAverageShsOutDil": 700300000,
    "link": "https://www.sec.gov/Archives/edgar/data/899051/000104746905004614/0001047469-05-004614-index.htm",
    "finalLink": "https://www.sec.gov/Archives/edgar/data/899051/000104746905004614/a2151333z10-k.htm"
  },
  {
    "date": "2003-12-31",
    "symbol": "ALL",
    "reportedCurrency": "USD",
    "cik": "0000899051",
    "fillingDate": "2004-03-11",
    "acceptedDate": "2004-03-10 18:10:26",
    "calendarYear": "2003",
    "period": "FY",
    "revenue": 32149000000,
    "costOfRevenue": 3697000000,
    "grossProfit": 28452000000,
    "grossProfitRatio": 0.8850041992,
    "researchAndDevelopmentExpenses": 0,
    "generalAndAdministrativeExpenses": 0,
    "sellingAndMarketingExpenses": 0,
    "sellingGeneralAndAdministrativeExpenses": 0,
    "otherExpenses": 24881000000,
    "operatingExpenses": 24881000000,
    "costAndExpenses": 28578000000,
    "interestIncome": 0,
    "interestExpense": 275000000,
    "depreciationAndAmortization": -3000000,
    "ebitda": 3843000000,
    "ebitdaratio": 0.1195371551,
    "operatingIncome": 3846000000,
    "operatingIncomeRatio": 0.1196304706,
    "totalOtherIncomeExpensesNet": 0,
    "incomeBeforeTax": 3571000000,
    "incomeBeforeTaxRatio": 0.1110765498,
    "incomeTaxExpense": 846000000,
    "netIncome": 2705000000,
    "netIncomeRatio": 0.0841394756,
    "eps": 3.85,
    "epsdiluted": 3.83,
    "weightedAverageShsOut": 703500000,
    "weightedAverageShsOutDil": 706200000,
    "link": "https://www.sec.gov/Archives/edgar/data/899051/000104746904007369/0001047469-04-007369-index.htm",
    "finalLink": "https://www.sec.gov/Archives/edgar/data/899051/000104746904007369/a2129645z10-k.htm"
  },
  {
    "date": "2002-12-31",
    "symbol": "ALL",
    "reportedCurrency": "USD",
    "cik": "0000899051",
    "fillingDate": "2003-03-28",
    "acceptedDate": "2003-03-28 14:27:46",
    "calendarYear": "2002",
    "period": "FY",
    "revenue": 29579000000,
    "costOfRevenue": 3534000000,
    "grossProfit": 26045000000,
    "grossProfitRatio": 0.8805233443,
    "researchAndDevelopmentExpenses": 0,
    "generalAndAdministrativeExpenses": 0,
    "sellingAndMarketingExpenses": 0,
    "sellingGeneralAndAdministrativeExpenses": 0,
    "otherExpenses": 24505000000,
    "operatingExpenses": 24505000000,
    "costAndExpenses": 28039000000,
    "interestIncome": 0,
    "interestExpense": 278000000,
    "depreciationAndAmortization": -62000000,
    "ebitda": 1756000000,
    "ebitdaratio": 0.0593664424,
    "operatingIncome": 1818000000,
    "operatingIncomeRatio": 0.0614625241,
    "totalOtherIncomeExpensesNet": 0,
    "incomeBeforeTax": 1540000000,
    "incomeBeforeTaxRatio": 0.0520639643,
    "incomeTaxExpense": 65000000,
    "netIncome": 1134000000,
    "netIncomeRatio": 0.0383380101,
    "eps": 1.6,
    "epsdiluted": 1.6,
    "weightedAverageShsOut": 707100000,
    "weightedAverageShsOutDil": 709900000,
    "link": "https://www.sec.gov/Archives/edgar/data/899051/000104746903010828/0001047469-03-010828-index.htm",
    "finalLink": "https://www.sec.gov/Archives/edgar/data/899051/000104746903010828/a2104961z10-k.htm"
  },
  {
    "date": "2001-12-31",
    "symbol": "ALL",
    "reportedCurrency": "USD",
    "cik": "0000899051",
    "fillingDate": "2002-03-26",
    "acceptedDate": "2002-03-26 00:00:00",
    "calendarYear": "2001",
    "period": "FY",
    "revenue": 28865000000,
    "costOfRevenue": 3404000000,
    "grossProfit": 25461000000,
    "grossProfitRatio": 0.8820717131,
    "researchAndDevelopmentExpenses": 0,
    "generalAndAdministrativeExpenses": 0,
    "sellingAndMarketingExpenses": 0,
    "sellingGeneralAndAdministrativeExpenses": 0,
    "otherExpenses": 24113000000,
    "operatingExpenses": 24113000000,
    "costAndExpenses": 27517000000,
    "interestIncome": 0,
    "interestExpense": 129000000,
    "depreciationAndAmortization": -106000000,
    "ebitda": 1427000000,
    "ebitdaratio": 0.0494370345,
    "operatingIncome": 1414000000,
    "operatingIncomeRatio": 0.048986662,
    "totalOtherIncomeExpensesNet": 0,
    "incomeBeforeTax": 1285000000,
    "incomeBeforeTaxRatio": 0.0445175818,
    "incomeTaxExpense": 73000000,
    "netIncome": 1158000000,
    "netIncomeRatio": 0.0401177897,
    "eps": 1.61,
    "epsdiluted": 1.6,
    "weightedAverageShsOut": 720200000,
    "weightedAverageShsOutDil": 723300000,
    "link": "https://www.sec.gov/Archives/edgar/data/899051/000091205702011595/0000912057-02-011595-index.htm",
    "finalLink": "https://www.sec.gov/Archives/edgar/data/899051/000091205702011595/a2073498z10-k.htm"
  },
  {
    "date": "2000-12-31",
    "symbol": "ALL",
    "reportedCurrency": "USD",
    "cik": "0000899051",
    "fillingDate": "2001-03-26",
    "acceptedDate": "2001-03-26 00:00:00",
    "calendarYear": "2000",
    "period": "FY",
    "revenue": 29134000000,
    "costOfRevenue": 3190000000,
    "grossProfit": 25944000000,
    "grossProfitRatio": 0.8905059381,
    "researchAndDevelopmentExpenses": 0,
    "generalAndAdministrativeExpenses": 0,
    "sellingAndMarketingExpenses": 0,
    "sellingGeneralAndAdministrativeExpenses": 0,
    "otherExpenses": 22897000000,
    "operatingExpenses": 22897000000,
    "costAndExpenses": 26087000000,
    "interestIncome": 0,
    "interestExpense": 229000000,
    "depreciationAndAmortization": -47000000,
    "ebitda": 3229000000,
    "ebitdaratio": 0.1108327041,
    "operatingIncome": 3276000000,
    "operatingIncomeRatio": 0.1124459395,
    "totalOtherIncomeExpensesNet": 0,
    "incomeBeforeTax": 3047000000,
    "incomeBeforeTaxRatio": 0.1045857074,
    "incomeTaxExpense": 795000000,
    "netIncome": 2211000000,
    "netIncomeRatio": 0.0758907119,
    "eps": 2.97,
    "epsdiluted": 2.95,
    "weightedAverageShsOut": 744000000,
    "weightedAverageShsOutDil": 748700000,
    "link": "https://www.sec.gov/Archives/edgar/data/899051/000091205701008238/0000912057-01-008238-index.htm",
    "finalLink": "https://www.sec.gov/Archives/edgar/data/899051/000091205701008238/a2042391z10-k405.htm"
  },
  {
    "date": "1999-12-31",
    "symbol": "ALL",
    "reportedCurrency": "USD",
    "cik": "0000899051",
    "fillingDate": "2000-03-28",
    "acceptedDate": "2000-03-28 00:00:00",
    "calendarYear": "1999",
    "period": "FY",
    "revenue": 26959000000,
    "costOfRevenue": 2578000000,
    "grossProfit": 24381000000,
    "grossProfitRatio": 0.9043733076,
    "researchAndDevelopmentExpenses": 0,
    "generalAndAdministrativeExpenses": 0,
    "sellingAndMarketingExpenses": 0,
    "sellingGeneralAndAdministrativeExpenses": 0,
    "otherExpenses": 20474000000,
    "operatingExpenses": 20474000000,
    "costAndExpenses": 23052000000,
    "interestIncome": 0,
    "interestExpense": 129000000,
    "depreciationAndAmortization": -17000000,
    "ebitda": 4019000000,
    "ebitdaratio": 0.1490782299,
    "operatingIncome": 4036000000,
    "operatingIncomeRatio": 0.1497088171,
    "totalOtherIncomeExpensesNet": 0,
    "incomeBeforeTax": 3907000000,
    "incomeBeforeTaxRatio": 0.1449237731,
    "incomeTaxExpense": 1148000000,
    "netIncome": 2720000000,
    "netIncomeRatio": 0.1008939501,
    "eps": 3.4,
    "epsdiluted": 3.38,
    "weightedAverageShsOut": 800200000,
    "weightedAverageShsOutDil": 803800000,
    "link": "https://www.sec.gov/Archives/edgar/data/899051/000091205700013918/0000912057-00-013918-index.htm",
    "finalLink": "https://www.sec.gov/Archives/edgar/data/899051/000091205700013918/0000912057-00-013918.txt"
  },
  {
    "date": "1998-12-31",
    "symbol": "ALL",
    "reportedCurrency": "USD",
    "cik": "0000899051",
    "fillingDate": "1999-03-26",
    "acceptedDate": "1999-03-26 00:00:00",
    "calendarYear": "1998",
    "period": "FY",
    "revenue": 25879000000,
    "costOfRevenue": 2415000000,
    "grossProfit": 23464000000,
    "grossProfitRatio": 0.9066810928,
    "researchAndDevelopmentExpenses": 0,
    "generalAndAdministrativeExpenses": 0,
    "sellingAndMarketingExpenses": 0,
    "sellingGeneralAndAdministrativeExpenses": 0,
    "otherExpenses": 18719000000,
    "operatingExpenses": 18719000000,
    "costAndExpenses": 21134000000,
    "interestIncome": 0,
    "interestExpense": 118000000,
    "depreciationAndAmortization": -22000000,
    "ebitda": 4841000000,
    "ebitdaratio": 0.1870628695,
    "operatingIncome": 4863000000,
    "operatingIncomeRatio": 0.1879129796,
    "totalOtherIncomeExpensesNet": 0,
    "incomeBeforeTax": 4745000000,
    "incomeBeforeTaxRatio": 0.183353298,
    "incomeTaxExpense": 1422000000,
    "netIncome": 3294000000,
    "netIncomeRatio": 0.127284671,
    "eps": 3.96,
    "epsdiluted": 3.94,
    "weightedAverageShsOut": 832200000,
    "weightedAverageShsOutDil": 836600000,
    "link": "https://www.sec.gov/Archives/edgar/data/899051/000089905199000005/0000899051-99-000005-index.htm",
    "finalLink": "https://www.sec.gov/Archives/edgar/data/899051/0000899051-99-000005.txt"
  },
  {
    "date": "1997-12-31",
    "symbol": "ALL",
    "reportedCurrency": "USD",
    "cik": "0000899051",
    "fillingDate": "1998-03-27",
    "acceptedDate": "1998-03-27 00:00:00",
    "calendarYear": "1997",
    "period": "FY",
    "revenue": 24949000000,
    "costOfRevenue": 2415000000,
    "grossProfit": 22534000000,
    "grossProfitRatio": 0.9032025332,
    "researchAndDevelopmentExpenses": 0,
    "generalAndAdministrativeExpenses": 0,
    "sellingAndMarketingExpenses": 0,
    "sellingGeneralAndAdministrativeExpenses": 0,
    "otherExpenses": 18100000000,
    "operatingExpenses": 18100000000,
    "costAndExpenses": 20515000000,
    "interestIncome": 0,
    "interestExpense": 100000000,
    "depreciationAndAmortization": -22000000,
    "ebitda": 4512000000,
    "ebitdaratio": 0.1808489318,
    "operatingIncome": 4534000000,
    "operatingIncomeRatio": 0.1817307307,
    "totalOtherIncomeExpensesNet": 0,
    "incomeBeforeTax": 4434000000,
    "incomeBeforeTaxRatio": 0.177722554,
    "incomeTaxExpense": 1324000000,
    "netIncome": 3105000000,
    "netIncomeRatio": 0.1244538859,
    "eps": 3.58,
    "epsdiluted": 3.56,
    "weightedAverageShsOut": 868000000,
    "weightedAverageShsOutDil": 873000000,
    "link": "https://www.sec.gov/Archives/edgar/data/899051/000089905198000014/0000899051-98-000014-index.htm",
    "finalLink": "https://www.sec.gov/Archives/edgar/data/899051/0000899051-98-000014.txt"
  },
  {
    "date": "1996-12-31",
    "symbol": "ALL",
    "reportedCurrency": "USD",
    "cik": "0000899051",
    "fillingDate": "1997-03-27",
    "acceptedDate": "1997-03-27 00:00:00",
    "calendarYear": "1996",
    "period": "FY",
    "revenue": 24299000000,
    "costOfRevenue": 2381000000,
    "grossProfit": 21918000000,
    "grossProfitRatio": 0.9020124285,
    "researchAndDevelopmentExpenses": 0,
    "generalAndAdministrativeExpenses": 0,
    "sellingAndMarketingExpenses": 0,
    "sellingGeneralAndAdministrativeExpenses": 0,
    "otherExpenses": 19249000000,
    "operatingExpenses": 19249000000,
    "costAndExpenses": 21630000000,
    "interestIncome": 0,
    "interestExpense": 95000000,
    "depreciationAndAmortization": -19000000,
    "ebitda": 2745000000,
    "ebitdaratio": 0.1129676118,
    "operatingIncome": 2764000000,
    "operatingIncomeRatio": 0.113749537,
    "totalOtherIncomeExpensesNet": 0,
    "incomeBeforeTax": 2669000000,
    "incomeBeforeTaxRatio": 0.1098399111,
    "incomeTaxExpense": 619000000,
    "netIncome": 2075000000,
    "netIncomeRatio": 0.0853944607,
    "eps": 2.33,
    "epsdiluted": 2.32,
    "weightedAverageShsOut": 896400000,
    "weightedAverageShsOutDil": 897400000,
    "link": "https://www.sec.gov/Archives/edgar/data/899051/000089905197000017/0000899051-97-000017-index.htm",
    "finalLink": "https://www.sec.gov/Archives/edgar/data/899051/0000899051-97-000017.txt"
  },
  {
    "date": "1995-12-31",
    "symbol": "ALL",
    "reportedCurrency": "USD",
    "cik": "0000899051",
    "fillingDate": "1996-08-27",
    "acceptedDate": "1996-08-27 00:00:00",
    "calendarYear": "1995",
    "period": "FY",
    "revenue": 23008000000,
    "costOfRevenue": 2143000000,
    "grossProfit": 20865000000,
    "grossProfitRatio": 0.906858484,
    "researchAndDevelopmentExpenses": 0,
    "generalAndAdministrativeExpenses": 0,
    "sellingAndMarketingExpenses": 0,
    "sellingGeneralAndAdministrativeExpenses": 0,
    "otherExpenses": 72000000,
    "operatingExpenses": 72000000,
    "costAndExpenses": 2215000000,
    "interestIncome": 0,
    "interestExpense": 72000000,
    "depreciationAndAmortization": -3000000,
    "ebitda": 69000000,
    "ebitdaratio": 0.0029989569,
    "operatingIncome": 2549000000,
    "operatingIncomeRatio": 0.1107875522,
    "totalOtherIncomeExpensesNet": 0,
    "incomeBeforeTax": 2477000000,
    "incomeBeforeTaxRatio": 0.1076582058,
    "incomeTaxExpense": 573000000,
    "netIncome": 1904000000,
    "netIncomeRatio": 0.0827538248,
    "eps": 2.13,
    "epsdiluted": 2.12,
    "weightedAverageShsOut": 898990000,
    "weightedAverageShsOutDil": 898990000,
    "link": "https://www.sec.gov/Archives/edgar/data/899051/000095013796001555/0000950137-96-001555-index.htm",
    "finalLink": "https://www.sec.gov/Archives/edgar/data/899051/000095013796001555/"
  },
  {
    "date": "1994-12-31",
    "symbol": "ALL",
    "reportedCurrency": "USD",
    "cik": "0000899051",
    "fillingDate": "1994-12-31",
    "acceptedDate": "1994-12-31 00:00:00",
    "calendarYear": "1994",
    "period": "FY",
    "revenue": 21464000000,
    "costOfRevenue": 3198000000,
    "grossProfit": 18266000000,
    "grossProfitRatio": 0.8510063362,
    "researchAndDevelopmentExpenses": 0,
    "generalAndAdministrativeExpenses": 0,
    "sellingAndMarketingExpenses": 0,
    "sellingGeneralAndAdministrativeExpenses": 0,
    "otherExpenses": 59000000,
    "operatingExpenses": 59000000,
    "costAndExpenses": 3257000000,
    "interestIncome": 0,
    "interestExpense": 59000000,
    "depreciationAndAmortization": 52000000,
    "ebitda": 111000000,
    "ebitdaratio": 0.0051714499,
    "operatingIncome": 287000000,
    "operatingIncomeRatio": 0.0133712262,
    "totalOtherIncomeExpensesNet": 0,
    "incomeBeforeTax": 228000000,
    "incomeBeforeTaxRatio": 0.0106224376,
    "incomeTaxExpense": -256000000,
    "netIncome": 484000000,
    "netIncomeRatio": 0.022549385,
    "eps": 0.54,
    "epsdiluted": 0.54,
    "weightedAverageShsOut": 899649000,
    "weightedAverageShsOutDil": 899649000,
    "link": null,
    "finalLink": null
  },
  {
    "date": "1993-12-31",
    "symbol": "ALL",
    "reportedCurrency": "USD",
    "cik": "0000899051",
    "fillingDate": "1993-12-31",
    "acceptedDate": "1993-12-31 00:00:00",
    "calendarYear": "1993",
    "period": "FY",
    "revenue": 20946000000,
    "costOfRevenue": 3279000000,
    "grossProfit": 17667000000,
    "grossProfitRatio": 0.8434545975,
    "researchAndDevelopmentExpenses": 0,
    "generalAndAdministrativeExpenses": 0,
    "sellingAndMarketingExpenses": 0,
    "sellingGeneralAndAdministrativeExpenses": 0,
    "otherExpenses": 82000000,
    "operatingExpenses": 82000000,
    "costAndExpenses": 3361000000,
    "interestIncome": 0,
    "interestExpense": 82000000,
    "depreciationAndAmortization": 26000000,
    "ebitda": 108000000,
    "ebitdaratio": 0.0051561157,
    "operatingIncome": 1459000000,
    "operatingIncomeRatio": 0.0696553041,
    "totalOtherIncomeExpensesNet": 0,
    "incomeBeforeTax": 1377000000,
    "incomeBeforeTaxRatio": 0.0657404755,
    "incomeTaxExpense": 75000000,
    "netIncome": 1302000000,
    "netIncomeRatio": 0.0621598396,
    "eps": 1.5,
    "epsdiluted": 1.5,
    "weightedAverageShsOut": 900000000,
    "weightedAverageShsOutDil": 900000000,
    "link": null,
    "finalLink": null
  },
  {
    "date": "1992-12-31",
    "symbol": "ALL",
    "reportedCurrency": "USD",
    "cik": "0000899051",
    "fillingDate": "1992-12-31",
    "acceptedDate": "1992-12-31 00:00:00",
    "calendarYear": "1992",
    "period": "FY",
    "revenue": 20228000000,
    "costOfRevenue": 3154000000,
    "grossProfit": 17074000000,
    "grossProfitRatio": 0.8440775163,
    "researchAndDevelopmentExpenses": 0,
    "generalAndAdministrativeExpenses": 0,
    "sellingAndMarketingExpenses": 0,
    "sellingGeneralAndAdministrativeExpenses": 0,
    "otherExpenses": 0,
    "operatingExpenses": 0,
    "costAndExpenses": 3154000000,
    "interestIncome": 0,
    "interestExpense": 0,
    "depreciationAndAmortization": 112000000,
    "ebitda": -1314000000,
    "ebitdaratio": -0.0649594621,
    "operatingIncome": -1426000000,
    "operatingIncomeRatio": -0.0704963417,
    "totalOtherIncomeExpensesNet": 0,
    "incomeBeforeTax": -1426000000,
    "incomeBeforeTaxRatio": -0.0704963417,
    "incomeTaxExpense": -926000000,
    "netIncome": -826000000,
    "netIncomeRatio": -0.0408344868,
    "eps": -1.15,
    "epsdiluted": -1.15,
    "weightedAverageShsOut": 721000000,
    "weightedAverageShsOutDil": 721000000,
    "link": null,
    "finalLink": null
  }
]