[
  {
    "date": "2025-06-30",
    "symbol": "ALLE",
    "reportedCurrency": "USD",
    "cik": "0001579241",
    "fillingDate": "2025-07-24",
    "acceptedDate": "2025-07-24 06:04:09",
    "calendarYear": "2025",
    "period": "Q2",
    "revenue": 1022000000,
    "costOfRevenue": 555500000,
    "grossProfit": 466500000,
    "grossProfitRatio": 0.4564579256,
    "researchAndDevelopmentExpenses": 0,
    "generalAndAdministrativeExpenses": 0,
    "sellingAndMarketingExpenses": 0,
    "sellingGeneralAndAdministrativeExpenses": 246800000,
    "otherExpenses": 0,
    "operatingExpenses": 246800000,
    "costAndExpenses": 802300000,
    "interestIncome": 3800000,
    "interestExpense": 24600000,
    "depreciationAndAmortization": 31900000,
    "ebitda": 256900000,
    "ebitdaratio": 0.251369863,
    "operatingIncome": 219700000,
    "operatingIncomeRatio": 0.2149706458,
    "totalOtherIncomeExpensesNet": -19300000,
    "incomeBeforeTax": 200400000,
    "incomeBeforeTaxRatio": 0.1960861057,
    "incomeTaxExpense": 40700000,
    "netIncome": 159700000,
    "netIncomeRatio": 0.1562622309,
    "eps": 1.86,
    "epsdiluted": 1.85,
    "weightedAverageShsOut": 86000000,
    "weightedAverageShsOutDil": 86400000,
    "link": "https://www.sec.gov/Archives/edgar/data/1579241/000157924125000030/0001579241-25-000030-index.htm",
    "finalLink": "https://www.sec.gov/Archives/edgar/data/1579241/000157924125000030/alle-20250630.htm"
  },
  {
    "date": "2025-03-31",
    "symbol": "ALLE",
    "reportedCurrency": "USD",
    "cik": "0001579241",
    "fillingDate": "2025-04-24",
    "acceptedDate": "2025-04-24 06:02:40",
    "calendarYear": "2025",
    "period": "Q1",
    "revenue": 941900000,
    "costOfRevenue": 519400000,
    "grossProfit": 422500000,
    "grossProfitRatio": 0.4485614184,
    "researchAndDevelopmentExpenses": 0,
    "generalAndAdministrativeExpenses": 0,
    "sellingAndMarketingExpenses": 0,
    "sellingGeneralAndAdministrativeExpenses": 226100000,
    "otherExpenses": 0,
    "operatingExpenses": 226100000,
    "costAndExpenses": 745500000,
    "interestIncome": 4000000,
    "interestExpense": 24700000,
    "depreciationAndAmortization": 30000000,
    "ebitda": 229900000,
    "ebitdaratio": 0.2440811126,
    "operatingIncome": 196400000,
    "operatingIncomeRatio": 0.2085147043,
    "totalOtherIncomeExpensesNet": -21200000,
    "incomeBeforeTax": 175200000,
    "incomeBeforeTaxRatio": 0.1860070071,
    "incomeTaxExpense": 27000000,
    "netIncome": 148200000,
    "netIncomeRatio": 0.1573415437,
    "eps": 1.72,
    "epsdiluted": 1.71,
    "weightedAverageShsOut": 86300000,
    "weightedAverageShsOutDil": 86700000,
    "link": "https://www.sec.gov/Archives/edgar/data/1579241/000157924125000021/0001579241-25-000021-index.htm",
    "finalLink": "https://www.sec.gov/Archives/edgar/data/1579241/000157924125000021/alle-20250331.htm"
  },
  {
    "date": "2024-12-31",
    "symbol": "ALLE",
    "reportedCurrency": "USD",
    "cik": "0001579241",
    "fillingDate": "2025-02-18",
    "acceptedDate": "2025-02-18 06:07:36",
    "calendarYear": "2024",
    "period": "Q4",
    "revenue": 945600000,
    "costOfRevenue": 528900000,
    "grossProfit": 416700000,
    "grossProfitRatio": 0.4406725888,
    "researchAndDevelopmentExpenses": 0,
    "generalAndAdministrativeExpenses": 0,
    "sellingAndMarketingExpenses": 0,
    "sellingGeneralAndAdministrativeExpenses": 232100000,
    "otherExpenses": 0,
    "operatingExpenses": 232100000,
    "costAndExpenses": 761000000,
    "interestIncome": 3600000,
    "interestExpense": 25200000,
    "depreciationAndAmortization": 29700000,
    "ebitda": 217200000,
    "ebitdaratio": 0.2296954315,
    "operatingIncome": 184600000,
    "operatingIncomeRatio": 0.1952199662,
    "totalOtherIncomeExpensesNet": -22300000,
    "incomeBeforeTax": 162300000,
    "incomeBeforeTaxRatio": 0.1716370558,
    "incomeTaxExpense": 18200000,
    "netIncome": 144100000,
    "netIncomeRatio": 0.1523900169,
    "eps": 1.66,
    "epsdiluted": 1.65,
    "weightedAverageShsOut": 86700000,
    "weightedAverageShsOutDil": 87200000,
    "link": "https://www.sec.gov/Archives/edgar/data/1579241/000157924125000008/0001579241-25-000008-index.htm",
    "finalLink": "https://www.sec.gov/Archives/edgar/data/1579241/000157924125000008/alle-20241231.htm"
  },
  {
    "date": "2024-09-30",
    "symbol": "ALLE",
    "reportedCurrency": "USD",
    "cik": "0001579241",
    "fillingDate": "2024-10-24",
    "acceptedDate": "2024-10-24 06:01:33",
    "calendarYear": "2024",
    "period": "Q3",
    "revenue": 967100000,
    "costOfRevenue": 535000000,
    "grossProfit": 432100000,
    "grossProfitRatio": 0.4467997105,
    "researchAndDevelopmentExpenses": 0,
    "generalAndAdministrativeExpenses": 0,
    "sellingAndMarketingExpenses": 0,
    "sellingGeneralAndAdministrativeExpenses": 217100000,
    "otherExpenses": 0,
    "operatingExpenses": 217100000,
    "costAndExpenses": 752100000,
    "interestIncome": 8300000,
    "interestExpense": 28800000,
    "depreciationAndAmortization": 29800000,
    "ebitda": 253200000,
    "ebitdaratio": 0.2618136697,
    "operatingIncome": 215000000,
    "operatingIncomeRatio": 0.222314135,
    "totalOtherIncomeExpensesNet": -20400000,
    "incomeBeforeTax": 194600000,
    "incomeBeforeTaxRatio": 0.2012201427,
    "incomeTaxExpense": 20400000,
    "netIncome": 174200000,
    "netIncomeRatio": 0.1801261503,
    "eps": 2,
    "epsdiluted": 1.99,
    "weightedAverageShsOut": 87100000,
    "weightedAverageShsOutDil": 87600000,
    "link": "https://www.sec.gov/Archives/edgar/data/1579241/000157924124000049/0001579241-24-000049-index.htm",
    "finalLink": "https://www.sec.gov/Archives/edgar/data/1579241/000157924124000049/alle-20240930.htm"
  },
  {
    "date": "2024-06-30",
    "symbol": "ALLE",
    "reportedCurrency": "USD",
    "cik": "0001579241",
    "fillingDate": "2024-07-24",
    "acceptedDate": "2024-07-24 06:01:42",
    "calendarYear": "2024",
    "period": "Q2",
    "revenue": 965600000,
    "costOfRevenue": 537300000,
    "grossProfit": 428300000,
    "grossProfitRatio": 0.4435584093,
    "researchAndDevelopmentExpenses": 0,
    "generalAndAdministrativeExpenses": 0,
    "sellingAndMarketingExpenses": 0,
    "sellingGeneralAndAdministrativeExpenses": 219300000,
    "otherExpenses": 0,
    "operatingExpenses": 219300000,
    "costAndExpenses": 756600000,
    "interestIncome": 5000000,
    "interestExpense": 25100000,
    "depreciationAndAmortization": 30700000,
    "ebitda": 244800000,
    "ebitdaratio": 0.2535211268,
    "operatingIncome": 209000000,
    "operatingIncomeRatio": 0.2164457332,
    "totalOtherIncomeExpensesNet": -20000000,
    "incomeBeforeTax": 189000000,
    "incomeBeforeTaxRatio": 0.1957332229,
    "incomeTaxExpense": 33600000,
    "netIncome": 155400000,
    "netIncomeRatio": 0.1609362055,
    "eps": 1.78,
    "epsdiluted": 1.77,
    "weightedAverageShsOut": 87300000,
    "weightedAverageShsOutDil": 87700000,
    "link": "https://www.sec.gov/Archives/edgar/data/1579241/000157924124000045/0001579241-24-000045-index.htm",
    "finalLink": "https://www.sec.gov/Archives/edgar/data/1579241/000157924124000045/alle-20240630.htm"
  },
  {
    "date": "2024-03-31",
    "symbol": "ALLE",
    "reportedCurrency": "USD",
    "cik": "0001579241",
    "fillingDate": "2024-04-25",
    "acceptedDate": "2024-04-25 06:01:36",
    "calendarYear": "2024",
    "period": "Q1",
    "revenue": 893900000,
    "costOfRevenue": 502500000,
    "grossProfit": 391400000,
    "grossProfitRatio": 0.4378565835,
    "researchAndDevelopmentExpenses": 0,
    "generalAndAdministrativeExpenses": 0,
    "sellingAndMarketingExpenses": 0,
    "sellingGeneralAndAdministrativeExpenses": 219300000,
    "otherExpenses": 0,
    "operatingExpenses": 219300000,
    "costAndExpenses": 721800000,
    "interestIncome": 3600000,
    "interestExpense": 22900000,
    "depreciationAndAmortization": 28800000,
    "ebitda": 204600000,
    "ebitdaratio": 0.2288846627,
    "operatingIncome": 172100000,
    "operatingIncomeRatio": 0.1925271283,
    "totalOtherIncomeExpensesNet": -19200000,
    "incomeBeforeTax": 152900000,
    "incomeBeforeTaxRatio": 0.1710482157,
    "incomeTaxExpense": 29100000,
    "netIncome": 123800000,
    "netIncomeRatio": 0.1384942387,
    "eps": 1.41,
    "epsdiluted": 1.41,
    "weightedAverageShsOut": 87600000,
    "weightedAverageShsOutDil": 88100000,
    "link": "https://www.sec.gov/Archives/edgar/data/1579241/000157924124000031/0001579241-24-000031-index.htm",
    "finalLink": "https://www.sec.gov/Archives/edgar/data/1579241/000157924124000031/alle-20240331.htm"
  },
  {
    "date": "2023-12-31",
    "symbol": "ALLE",
    "reportedCurrency": "USD",
    "cik": "0001579241",
    "fillingDate": "2024-02-20",
    "acceptedDate": "2024-02-20 06:04:38",
    "calendarYear": "2023",
    "period": "Q4",
    "revenue": 897400000,
    "costOfRevenue": 512100000,
    "grossProfit": 385300000,
    "grossProfitRatio": 0.4293514598,
    "researchAndDevelopmentExpenses": 0,
    "generalAndAdministrativeExpenses": 0,
    "sellingAndMarketingExpenses": 0,
    "sellingGeneralAndAdministrativeExpenses": 218100000,
    "otherExpenses": 7500000,
    "operatingExpenses": 225600000,
    "costAndExpenses": 737700000,
    "interestIncome": 3400000,
    "interestExpense": 22900000,
    "depreciationAndAmortization": 27900000,
    "ebitda": 187700000,
    "ebitdaratio": 0.209159795,
    "operatingIncome": 159700000,
    "operatingIncomeRatio": 0.1779585469,
    "totalOtherIncomeExpensesNet": -22800000,
    "incomeBeforeTax": 136900000,
    "incomeBeforeTaxRatio": 0.1525518164,
    "incomeTaxExpense": 18300000,
    "netIncome": 118600000,
    "netIncomeRatio": 0.1321595721,
    "eps": 1.35,
    "epsdiluted": 1.34,
    "weightedAverageShsOut": 87800000,
    "weightedAverageShsOutDil": 88200000,
    "link": "https://www.sec.gov/Archives/edgar/data/1579241/000157924124000006/0001579241-24-000006-index.htm",
    "finalLink": "https://www.sec.gov/Archives/edgar/data/1579241/000157924124000006/alle-20231231.htm"
  },
  {
    "date": "2023-09-30",
    "symbol": "ALLE",
    "reportedCurrency": "USD",
    "cik": "0001579241",
    "fillingDate": "2023-10-31",
    "acceptedDate": "2023-10-31 06:03:02",
    "calendarYear": "2023",
    "period": "Q3",
    "revenue": 917900000,
    "costOfRevenue": 514600000,
    "grossProfit": 403300000,
    "grossProfitRatio": 0.4393724807,
    "researchAndDevelopmentExpenses": 0,
    "generalAndAdministrativeExpenses": 0,
    "sellingAndMarketingExpenses": 0,
    "sellingGeneralAndAdministrativeExpenses": 210200000,
    "otherExpenses": 0,
    "operatingExpenses": 210200000,
    "costAndExpenses": 724800000,
    "interestIncome": 1500000,
    "interestExpense": 22900000,
    "depreciationAndAmortization": 28200000,
    "ebitda": 221200000,
    "ebitdaratio": 0.2409848567,
    "operatingIncome": 193100000,
    "operatingIncomeRatio": 0.2103715002,
    "totalOtherIncomeExpensesNet": -23000000,
    "incomeBeforeTax": 170100000,
    "incomeBeforeTaxRatio": 0.1853143044,
    "incomeTaxExpense": 13700000,
    "netIncome": 156300000,
    "netIncomeRatio": 0.1702799869,
    "eps": 1.78,
    "epsdiluted": 1.77,
    "weightedAverageShsOut": 87900000,
    "weightedAverageShsOutDil": 88200000,
    "link": "https://www.sec.gov/Archives/edgar/data/1579241/000157924123000050/0001579241-23-000050-index.htm",
    "finalLink": "https://www.sec.gov/Archives/edgar/data/1579241/000157924123000050/alle-20230930.htm"
  },
  {
    "date": "2023-06-30",
    "symbol": "ALLE",
    "reportedCurrency": "USD",
    "cik": "0001579241",
    "fillingDate": "2023-07-26",
    "acceptedDate": "2023-07-26 06:08:17",
    "calendarYear": "2023",
    "period": "Q2",
    "revenue": 912500000,
    "costOfRevenue": 510600000,
    "grossProfit": 401900000,
    "grossProfitRatio": 0.4404383562,
    "researchAndDevelopmentExpenses": 0,
    "generalAndAdministrativeExpenses": 0,
    "sellingAndMarketingExpenses": 0,
    "sellingGeneralAndAdministrativeExpenses": 217300000,
    "otherExpenses": 0,
    "operatingExpenses": 217300000,
    "costAndExpenses": 727900000,
    "interestIncome": 1200000,
    "interestExpense": 23700000,
    "depreciationAndAmortization": 27200000,
    "ebitda": 213400000,
    "ebitdaratio": 0.2338630137,
    "operatingIncome": 184600000,
    "operatingIncomeRatio": 0.2023013699,
    "totalOtherIncomeExpensesNet": -22100000,
    "incomeBeforeTax": 162500000,
    "incomeBeforeTaxRatio": 0.1780821918,
    "incomeTaxExpense": 20500000,
    "netIncome": 142000000,
    "netIncomeRatio": 0.1556164384,
    "eps": 1.62,
    "epsdiluted": 1.61,
    "weightedAverageShsOut": 87900000,
    "weightedAverageShsOutDil": 88300000,
    "link": "https://www.sec.gov/Archives/edgar/data/1579241/000157924123000039/0001579241-23-000039-index.htm",
    "finalLink": "https://www.sec.gov/Archives/edgar/data/1579241/000157924123000039/alle-20230630.htm"
  },
  {
    "date": "2023-03-31",
    "symbol": "ALLE",
    "reportedCurrency": "USD",
    "cik": "0001579241",
    "fillingDate": "2023-04-26",
    "acceptedDate": "2023-04-26 06:10:06",
    "calendarYear": "2023",
    "period": "Q1",
    "revenue": 923000000,
    "costOfRevenue": 532000000,
    "grossProfit": 391000000,
    "grossProfitRatio": 0.4236186349,
    "researchAndDevelopmentExpenses": 0,
    "generalAndAdministrativeExpenses": 0,
    "sellingAndMarketingExpenses": 0,
    "sellingGeneralAndAdministrativeExpenses": 220000000,
    "otherExpenses": 0,
    "operatingExpenses": 220000000,
    "costAndExpenses": 752000000,
    "interestIncome": 700000,
    "interestExpense": 23600000,
    "depreciationAndAmortization": 28300000,
    "ebitda": 199600000,
    "ebitdaratio": 0.2162513543,
    "operatingIncome": 171000000,
    "operatingIncomeRatio": 0.1852654388,
    "totalOtherIncomeExpensesNet": -23300000,
    "incomeBeforeTax": 147700000,
    "incomeBeforeTaxRatio": 0.1600216685,
    "incomeTaxExpense": 24100000,
    "netIncome": 123500000,
    "netIncomeRatio": 0.1338028169,
    "eps": 1.4,
    "epsdiluted": 1.4,
    "weightedAverageShsOut": 88000000,
    "weightedAverageShsOutDil": 88400000,
    "link": "https://www.sec.gov/Archives/edgar/data/1579241/000157924123000023/0001579241-23-000023-index.htm",
    "finalLink": "https://www.sec.gov/Archives/edgar/data/1579241/000157924123000023/alle-20230331.htm"
  },
  {
    "date": "2022-12-31",
    "symbol": "ALLE",
    "reportedCurrency": "USD",
    "cik": "0001579241",
    "fillingDate": "2023-02-22",
    "acceptedDate": "2023-02-22 06:15:58",
    "calendarYear": "2022",
    "period": "Q4",
    "revenue": 861500000,
    "costOfRevenue": 510800000,
    "grossProfit": 350700000,
    "grossProfitRatio": 0.4070806732,
    "researchAndDevelopmentExpenses": 0,
    "generalAndAdministrativeExpenses": 0,
    "sellingAndMarketingExpenses": 0,
    "sellingGeneralAndAdministrativeExpenses": 191300000,
    "otherExpenses": 0,
    "operatingExpenses": 191300000,
    "costAndExpenses": 702100000,
    "interestIncome": 700000,
    "interestExpense": 23700000,
    "depreciationAndAmortization": 28300000,
    "ebitda": 192200000,
    "ebitdaratio": 0.2230992455,
    "operatingIncome": 159400000,
    "operatingIncomeRatio": 0.1850261172,
    "totalOtherIncomeExpensesNet": -19200000,
    "incomeBeforeTax": 140200000,
    "incomeBeforeTaxRatio": 0.162739408,
    "incomeTaxExpense": 4800000,
    "netIncome": 135300000,
    "netIncomeRatio": 0.1570516541,
    "eps": 1.54,
    "epsdiluted": 1.53,
    "weightedAverageShsOut": 87900000,
    "weightedAverageShsOutDil": 88300000,
    "link": "https://www.sec.gov/Archives/edgar/data/1579241/000157924123000006/0001579241-23-000006-index.htm",
    "finalLink": "https://www.sec.gov/Archives/edgar/data/1579241/000157924123000006/alle-20221231.htm"
  },
  {
    "date": "2022-09-30",
    "symbol": "ALLE",
    "reportedCurrency": "USD",
    "cik": "0001579241",
    "fillingDate": "2022-10-27",
    "acceptedDate": "2022-10-27 06:10:31",
    "calendarYear": "2022",
    "period": "Q3",
    "revenue": 913700000,
    "costOfRevenue": 545700000,
    "grossProfit": 368000000,
    "grossProfitRatio": 0.4027580169,
    "researchAndDevelopmentExpenses": 0,
    "generalAndAdministrativeExpenses": 0,
    "sellingAndMarketingExpenses": 0,
    "sellingGeneralAndAdministrativeExpenses": 205100000,
    "otherExpenses": 0,
    "operatingExpenses": 205100000,
    "costAndExpenses": 750800000,
    "interestIncome": 400000,
    "interestExpense": 23100000,
    "depreciationAndAmortization": 29500000,
    "ebitda": 186300000,
    "ebitdaratio": 0.203896246,
    "operatingIncome": 162900000,
    "operatingIncomeRatio": 0.1782860895,
    "totalOtherIncomeExpensesNet": -29200000,
    "incomeBeforeTax": 133700000,
    "incomeBeforeTaxRatio": 0.1463281164,
    "incomeTaxExpense": 19100000,
    "netIncome": 114600000,
    "netIncomeRatio": 0.1254240998,
    "eps": 1.3,
    "epsdiluted": 1.3,
    "weightedAverageShsOut": 87900000,
    "weightedAverageShsOutDil": 88200000,
    "link": "https://www.sec.gov/Archives/edgar/data/1579241/000157924122000063/0001579241-22-000063-index.htm",
    "finalLink": "https://www.sec.gov/Archives/edgar/data/1579241/000157924122000063/alle-20220930.htm"
  },
  {
    "date": "2022-06-30",
    "symbol": "ALLE",
    "reportedCurrency": "USD",
    "cik": "0001579241",
    "fillingDate": "2022-07-28",
    "acceptedDate": "2022-07-28 06:09:25",
    "calendarYear": "2022",
    "period": "Q2",
    "revenue": 773100000,
    "costOfRevenue": 458100000,
    "grossProfit": 315000000,
    "grossProfitRatio": 0.4074505239,
    "researchAndDevelopmentExpenses": 0,
    "generalAndAdministrativeExpenses": 0,
    "sellingAndMarketingExpenses": 0,
    "sellingGeneralAndAdministrativeExpenses": 167900000,
    "otherExpenses": 0,
    "operatingExpenses": 167900000,
    "costAndExpenses": 626000000,
    "interestIncome": 100000,
    "interestExpense": 17200000,
    "depreciationAndAmortization": 19700000,
    "ebitda": 170200000,
    "ebitdaratio": 0.2201526323,
    "operatingIncome": 147100000,
    "operatingIncomeRatio": 0.1902729272,
    "totalOtherIncomeExpensesNet": -13800000,
    "incomeBeforeTax": 133300000,
    "incomeBeforeTaxRatio": 0.1724227137,
    "incomeTaxExpense": 18100000,
    "netIncome": 115100000,
    "netIncomeRatio": 0.1488811279,
    "eps": 1.31,
    "epsdiluted": 1.3,
    "weightedAverageShsOut": 87900000,
    "weightedAverageShsOutDil": 88200000,
    "link": "https://www.sec.gov/Archives/edgar/data/1579241/000157924122000055/0001579241-22-000055-index.htm",
    "finalLink": "https://www.sec.gov/Archives/edgar/data/1579241/000157924122000055/alle-20220630.htm"
  },
  {
    "date": "2022-03-31",
    "symbol": "ALLE",
    "reportedCurrency": "USD",
    "cik": "0001579241",
    "fillingDate": "2022-04-26",
    "acceptedDate": "2022-04-26 06:37:51",
    "calendarYear": "2022",
    "period": "Q1",
    "revenue": 723600000,
    "costOfRevenue": 434900000,
    "grossProfit": 288700000,
    "grossProfitRatio": 0.3989773355,
    "researchAndDevelopmentExpenses": 0,
    "generalAndAdministrativeExpenses": 0,
    "sellingAndMarketingExpenses": 0,
    "sellingGeneralAndAdministrativeExpenses": 171700000,
    "otherExpenses": 0,
    "operatingExpenses": 171700000,
    "costAndExpenses": 606600000,
    "interestIncome": 100000,
    "interestExpense": 11900000,
    "depreciationAndAmortization": 20400000,
    "ebitda": 139600000,
    "ebitdaratio": 0.1929242676,
    "operatingIncome": 117000000,
    "operatingIncomeRatio": 0.1616915423,
    "totalOtherIncomeExpensesNet": -9700000,
    "incomeBeforeTax": 107300000,
    "incomeBeforeTaxRatio": 0.148286346,
    "incomeTaxExpense": 14200000,
    "netIncome": 93000000,
    "netIncomeRatio": 0.1285240464,
    "eps": 1.05,
    "epsdiluted": 1.05,
    "weightedAverageShsOut": 88200000,
    "weightedAverageShsOutDil": 88600000,
    "link": "https://www.sec.gov/Archives/edgar/data/1579241/000157924122000041/0001579241-22-000041-index.htm",
    "finalLink": "https://www.sec.gov/Archives/edgar/data/1579241/000157924122000041/alle-20220331.htm"
  },
  {
    "date": "2021-12-31",
    "symbol": "ALLE",
    "reportedCurrency": "USD",
    "cik": "0001579241",
    "fillingDate": "2022-02-15",
    "acceptedDate": "2022-02-15 06:53:37",
    "calendarYear": "2021",
    "period": "Q4",
    "revenue": 709200000,
    "costOfRevenue": 422700000,
    "grossProfit": 286500000,
    "grossProfitRatio": 0.4039763113,
    "researchAndDevelopmentExpenses": 0,
    "generalAndAdministrativeExpenses": 0,
    "sellingAndMarketingExpenses": 0,
    "sellingGeneralAndAdministrativeExpenses": 171400000,
    "otherExpenses": 0,
    "operatingExpenses": 171400000,
    "costAndExpenses": 594100000,
    "interestIncome": 0,
    "interestExpense": 13200000,
    "depreciationAndAmortization": 21100000,
    "ebitda": 158800000,
    "ebitdaratio": 0.2239142696,
    "operatingIncome": 115100000,
    "operatingIncomeRatio": 0.1622955443,
    "totalOtherIncomeExpensesNet": 9400000,
    "incomeBeforeTax": 124500000,
    "incomeBeforeTaxRatio": 0.1755499154,
    "incomeTaxExpense": 11800000,
    "netIncome": 112800000,
    "netIncomeRatio": 0.1590524535,
    "eps": 1.26,
    "epsdiluted": 1.26,
    "weightedAverageShsOut": 89200000,
    "weightedAverageShsOutDil": 89700000,
    "link": "https://www.sec.gov/Archives/edgar/data/1579241/000157924122000019/0001579241-22-000019-index.htm",
    "finalLink": "https://www.sec.gov/Archives/edgar/data/1579241/000157924122000019/alle-20211231.htm"
  },
  {
    "date": "2021-09-30",
    "symbol": "ALLE",
    "reportedCurrency": "USD",
    "cik": "0001579241",
    "fillingDate": "2021-10-21",
    "acceptedDate": "2021-10-21 06:10:46",
    "calendarYear": "2021",
    "period": "Q3",
    "revenue": 717000000,
    "costOfRevenue": 416500000,
    "grossProfit": 300500000,
    "grossProfitRatio": 0.4191073919,
    "researchAndDevelopmentExpenses": 0,
    "generalAndAdministrativeExpenses": 0,
    "sellingAndMarketingExpenses": 0,
    "sellingGeneralAndAdministrativeExpenses": 162100000,
    "otherExpenses": 0,
    "operatingExpenses": 162100000,
    "costAndExpenses": 578600000,
    "interestIncome": 300000,
    "interestExpense": 12300000,
    "depreciationAndAmortization": 20100000,
    "ebitda": 173200000,
    "ebitdaratio": 0.2415620642,
    "operatingIncome": 138400000,
    "operatingIncomeRatio": 0.1930264993,
    "totalOtherIncomeExpensesNet": 2400000,
    "incomeBeforeTax": 140800000,
    "incomeBeforeTaxRatio": 0.1963737796,
    "incomeTaxExpense": -2800000,
    "netIncome": 143500000,
    "netIncomeRatio": 0.20013947,
    "eps": 1.6,
    "epsdiluted": 1.59,
    "weightedAverageShsOut": 89700000,
    "weightedAverageShsOutDil": 90300000,
    "link": "https://www.sec.gov/Archives/edgar/data/1579241/000157924121000074/0001579241-21-000074-index.htm",
    "finalLink": "https://www.sec.gov/Archives/edgar/data/1579241/000157924121000074/alle-20210930.htm"
  },
  {
    "date": "2021-06-30",
    "symbol": "ALLE",
    "reportedCurrency": "USD",
    "cik": "0001579241",
    "fillingDate": "2021-07-22",
    "acceptedDate": "2021-07-22 06:13:28",
    "calendarYear": "2021",
    "period": "Q2",
    "revenue": 746900000,
    "costOfRevenue": 426400000,
    "grossProfit": 320500000,
    "grossProfitRatio": 0.4291069755,
    "researchAndDevelopmentExpenses": 0,
    "generalAndAdministrativeExpenses": 0,
    "sellingAndMarketingExpenses": 0,
    "sellingGeneralAndAdministrativeExpenses": 175100000,
    "otherExpenses": 0,
    "operatingExpenses": 175100000,
    "costAndExpenses": 601500000,
    "interestIncome": 100000,
    "interestExpense": 12400000,
    "depreciationAndAmortization": 20500000,
    "ebitda": 169100000,
    "ebitdaratio": 0.2264024635,
    "operatingIncome": 145400000,
    "operatingIncomeRatio": 0.1946713081,
    "totalOtherIncomeExpensesNet": -9200000,
    "incomeBeforeTax": 136200000,
    "incomeBeforeTaxRatio": 0.1823537287,
    "incomeTaxExpense": 17400000,
    "netIncome": 118700000,
    "netIncomeRatio": 0.1589235507,
    "eps": 1.32,
    "epsdiluted": 1.31,
    "weightedAverageShsOut": 90000000,
    "weightedAverageShsOutDil": 90600000,
    "link": "https://www.sec.gov/Archives/edgar/data/1579241/000157924121000062/0001579241-21-000062-index.htm",
    "finalLink": "https://www.sec.gov/Archives/edgar/data/1579241/000157924121000062/alle-20210630.htm"
  },
  {
    "date": "2021-03-31",
    "symbol": "ALLE",
    "reportedCurrency": "USD",
    "cik": "0001579241",
    "fillingDate": "2021-04-22",
    "acceptedDate": "2021-04-22 06:09:34",
    "calendarYear": "2021",
    "period": "Q1",
    "revenue": 694300000,
    "costOfRevenue": 396900000,
    "grossProfit": 297400000,
    "grossProfitRatio": 0.4283450958,
    "researchAndDevelopmentExpenses": 0,
    "generalAndAdministrativeExpenses": 0,
    "sellingAndMarketingExpenses": 0,
    "sellingGeneralAndAdministrativeExpenses": 166100000,
    "otherExpenses": 0,
    "operatingExpenses": 166100000,
    "costAndExpenses": 563000000,
    "interestIncome": 0,
    "interestExpense": 12300000,
    "depreciationAndAmortization": 21400000,
    "ebitda": 156200000,
    "ebitdaratio": 0.2249747948,
    "operatingIncome": 131300000,
    "operatingIncomeRatio": 0.1891113352,
    "totalOtherIncomeExpensesNet": -8800000,
    "incomeBeforeTax": 122500000,
    "incomeBeforeTaxRatio": 0.1764366988,
    "incomeTaxExpense": 14300000,
    "netIncome": 108000000,
    "netIncomeRatio": 0.1555523549,
    "eps": 1.19,
    "epsdiluted": 1.18,
    "weightedAverageShsOut": 90700000,
    "weightedAverageShsOutDil": 91200000,
    "link": "https://www.sec.gov/Archives/edgar/data/1579241/000157924121000043/0001579241-21-000043-index.htm",
    "finalLink": "https://www.sec.gov/Archives/edgar/data/1579241/000157924121000043/alle-20210331.htm"
  },
  {
    "date": "2020-12-31",
    "symbol": "ALLE",
    "reportedCurrency": "USD",
    "cik": "0001579241",
    "fillingDate": "2021-02-16",
    "acceptedDate": "2021-02-16 06:17:28",
    "calendarYear": "2020",
    "period": "Q4",
    "revenue": 727300000,
    "costOfRevenue": 407400000,
    "grossProfit": 319900000,
    "grossProfitRatio": 0.4398460058,
    "researchAndDevelopmentExpenses": 0,
    "generalAndAdministrativeExpenses": 0,
    "sellingAndMarketingExpenses": 0,
    "sellingGeneralAndAdministrativeExpenses": 161500000,
    "otherExpenses": 40700000,
    "operatingExpenses": 202200000,
    "costAndExpenses": 609600000,
    "interestIncome": 100000,
    "interestExpense": 12300000,
    "depreciationAndAmortization": 20700000,
    "ebitda": 138800000,
    "ebitdaratio": 0.1908428434,
    "operatingIncome": 117700000,
    "operatingIncomeRatio": 0.1618314313,
    "totalOtherIncomeExpensesNet": -11900000,
    "incomeBeforeTax": 105800000,
    "incomeBeforeTaxRatio": 0.1454695449,
    "incomeTaxExpense": 12400000,
    "netIncome": 93300000,
    "netIncomeRatio": 0.1282826894,
    "eps": 1.03,
    "epsdiluted": 1.02,
    "weightedAverageShsOut": 90700000,
    "weightedAverageShsOutDil": 91200000,
    "link": "https://www.sec.gov/Archives/edgar/data/1579241/000157924121000020/0001579241-21-000020-index.htm",
    "finalLink": "https://www.sec.gov/Archives/edgar/data/1579241/000157924121000020/alle-20201231.htm"
  },
  {
    "date": "2020-09-30",
    "symbol": "ALLE",
    "reportedCurrency": "USD",
    "cik": "0001579241",
    "fillingDate": "2020-10-22",
    "acceptedDate": "2020-10-22 06:31:56",
    "calendarYear": "2020",
    "period": "Q3",
    "revenue": 728400000,
    "costOfRevenue": 409200000,
    "grossProfit": 319200000,
    "grossProfitRatio": 0.4382207578,
    "researchAndDevelopmentExpenses": 0,
    "generalAndAdministrativeExpenses": 0,
    "sellingAndMarketingExpenses": 0,
    "sellingGeneralAndAdministrativeExpenses": 156200000,
    "otherExpenses": 2600000,
    "operatingExpenses": 158800000,
    "costAndExpenses": 568000000,
    "interestIncome": 200000,
    "interestExpense": 12900000,
    "depreciationAndAmortization": 20600000,
    "ebitda": 193200000,
    "ebitdaratio": 0.2652388797,
    "operatingIncome": 160400000,
    "operatingIncomeRatio": 0.2202086766,
    "totalOtherIncomeExpensesNet": -700000,
    "incomeBeforeTax": 159700000,
    "incomeBeforeTaxRatio": 0.2192476661,
    "incomeTaxExpense": 12800000,
    "netIncome": 146900000,
    "netIncomeRatio": 0.2016749039,
    "eps": 1.59,
    "epsdiluted": 1.58,
    "weightedAverageShsOut": 92300000,
    "weightedAverageShsOutDil": 92700000,
    "link": "https://www.sec.gov/Archives/edgar/data/1579241/000157924120000075/0001579241-20-000075-index.htm",
    "finalLink": "https://www.sec.gov/Archives/edgar/data/1579241/000157924120000075/alle-20200930.htm"
  },
  {
    "date": "2020-06-30",
    "symbol": "ALLE",
    "reportedCurrency": "USD",
    "cik": "0001579241",
    "fillingDate": "2020-07-23",
    "acceptedDate": "2020-07-23 06:13:11",
    "calendarYear": "2020",
    "period": "Q2",
    "revenue": 589500000,
    "costOfRevenue": 342900000,
    "grossProfit": 246600000,
    "grossProfitRatio": 0.4183206107,
    "researchAndDevelopmentExpenses": 0,
    "generalAndAdministrativeExpenses": 0,
    "sellingAndMarketingExpenses": 150100000,
    "sellingGeneralAndAdministrativeExpenses": 150100000,
    "otherExpenses": 0,
    "operatingExpenses": 150100000,
    "costAndExpenses": 493000000,
    "interestIncome": 100000,
    "interestExpense": 13000000,
    "depreciationAndAmortization": 19900000,
    "ebitda": 120800000,
    "ebitdaratio": 0.2049194232,
    "operatingIncome": 96500000,
    "operatingIncomeRatio": 0.1636980492,
    "totalOtherIncomeExpensesNet": -8600000,
    "incomeBeforeTax": 87900000,
    "incomeBeforeTaxRatio": 0.1491094148,
    "incomeTaxExpense": 14200000,
    "netIncome": 73700000,
    "netIncomeRatio": 0.1250212044,
    "eps": 0.8,
    "epsdiluted": 0.8,
    "weightedAverageShsOut": 92300000,
    "weightedAverageShsOutDil": 92700000,
    "link": "https://www.sec.gov/Archives/edgar/data/1579241/000157924120000061/0001579241-20-000061-index.htm",
    "finalLink": "https://www.sec.gov/Archives/edgar/data/1579241/000157924120000061/alle-20200630.htm"
  },
  {
    "date": "2020-03-31",
    "symbol": "ALLE",
    "reportedCurrency": "USD",
    "cik": "0001579241",
    "fillingDate": "2020-04-23",
    "acceptedDate": "2020-04-23 06:17:23",
    "calendarYear": "2020",
    "period": "Q1",
    "revenue": 674700000,
    "costOfRevenue": 381600000,
    "grossProfit": 293100000,
    "grossProfitRatio": 0.4344152957,
    "researchAndDevelopmentExpenses": 0,
    "generalAndAdministrativeExpenses": 0,
    "sellingAndMarketingExpenses": 167900000,
    "sellingGeneralAndAdministrativeExpenses": 167900000,
    "otherExpenses": 96300000,
    "operatingExpenses": 264200000,
    "costAndExpenses": 645800000,
    "interestIncome": 500000,
    "interestExpense": 12900000,
    "depreciationAndAmortization": 19800000,
    "ebitda": 44700000,
    "ebitdaratio": 0.0662516674,
    "operatingIncome": 28900000,
    "operatingIncomeRatio": 0.0428338521,
    "totalOtherIncomeExpensesNet": -16900000,
    "incomeBeforeTax": 12000000,
    "incomeBeforeTaxRatio": 0.0177856825,
    "incomeTaxExpense": 11500000,
    "netIncome": 400000,
    "netIncomeRatio": 0.0005928561,
    "eps": 0.0043,
    "epsdiluted": 0.0043,
    "weightedAverageShsOut": 92700000,
    "weightedAverageShsOutDil": 93300000,
    "link": "https://www.sec.gov/Archives/edgar/data/1579241/000157924120000041/0001579241-20-000041-index.htm",
    "finalLink": "https://www.sec.gov/Archives/edgar/data/1579241/000157924120000041/alle-20200331.htm"
  },
  {
    "date": "2019-12-31",
    "symbol": "ALLE",
    "reportedCurrency": "USD",
    "cik": "0001579241",
    "fillingDate": "2020-02-18",
    "acceptedDate": "2020-02-18 06:28:52",
    "calendarYear": "2019",
    "period": "Q4",
    "revenue": 719500000,
    "costOfRevenue": 400300000,
    "grossProfit": 319200000,
    "grossProfitRatio": 0.4436414177,
    "researchAndDevelopmentExpenses": 0,
    "generalAndAdministrativeExpenses": 0,
    "sellingAndMarketingExpenses": 175900000,
    "sellingGeneralAndAdministrativeExpenses": 175900000,
    "otherExpenses": 0,
    "operatingExpenses": 175900000,
    "costAndExpenses": 576200000,
    "interestIncome": 700000,
    "interestExpense": 13300000,
    "depreciationAndAmortization": 20400000,
    "ebitda": 131400000,
    "ebitdaratio": 0.1826268242,
    "operatingIncome": 143300000,
    "operatingIncomeRatio": 0.1991660876,
    "totalOtherIncomeExpensesNet": -45600000,
    "incomeBeforeTax": 97700000,
    "incomeBeforeTaxRatio": 0.1357887422,
    "incomeTaxExpense": 17000000,
    "netIncome": 80700000,
    "netIncomeRatio": 0.1121612231,
    "eps": 0.87,
    "epsdiluted": 0.86,
    "weightedAverageShsOut": 92900000,
    "weightedAverageShsOutDil": 93700000,
    "link": "https://www.sec.gov/Archives/edgar/data/1579241/000157924120000013/0001579241-20-000013-index.htm",
    "finalLink": "https://www.sec.gov/Archives/edgar/data/1579241/000157924120000013/alle10k12312019doc.htm"
  },
  {
    "date": "2019-09-30",
    "symbol": "ALLE",
    "reportedCurrency": "USD",
    "cik": "0001579241",
    "fillingDate": "2019-10-24",
    "acceptedDate": "2019-10-24 06:28:27",
    "calendarYear": "2019",
    "period": "Q3",
    "revenue": 748300000,
    "costOfRevenue": 412800000,
    "grossProfit": 335500000,
    "grossProfitRatio": 0.4483495924,
    "researchAndDevelopmentExpenses": 0,
    "generalAndAdministrativeExpenses": 0,
    "sellingAndMarketingExpenses": 167400000,
    "sellingGeneralAndAdministrativeExpenses": 167400000,
    "otherExpenses": 0,
    "operatingExpenses": 167400000,
    "costAndExpenses": 580200000,
    "interestIncome": 400000,
    "interestExpense": 15600000,
    "depreciationAndAmortization": 21200000,
    "ebitda": 187300000,
    "ebitdaratio": 0.2503006815,
    "operatingIncome": 168100000,
    "operatingIncomeRatio": 0.2246425231,
    "totalOtherIncomeExpensesNet": -17600000,
    "incomeBeforeTax": 150500000,
    "incomeBeforeTaxRatio": 0.2011225444,
    "incomeTaxExpense": 18800000,
    "netIncome": 131600000,
    "netIncomeRatio": 0.1758652947,
    "eps": 1.41,
    "epsdiluted": 1.4,
    "weightedAverageShsOut": 93300000,
    "weightedAverageShsOutDil": 94000000,
    "link": "https://www.sec.gov/Archives/edgar/data/1579241/000157924119000064/0001579241-19-000064-index.htm",
    "finalLink": "https://www.sec.gov/Archives/edgar/data/1579241/000157924119000064/alle-10qx09302019xdoc.htm"
  },
  {
    "date": "2019-06-30",
    "symbol": "ALLE",
    "reportedCurrency": "USD",
    "cik": "0001579241",
    "fillingDate": "2019-07-25",
    "acceptedDate": "2019-07-25 06:30:13",
    "calendarYear": "2019",
    "period": "Q2",
    "revenue": 731200000,
    "costOfRevenue": 410500000,
    "grossProfit": 320700000,
    "grossProfitRatio": 0.4385940919,
    "researchAndDevelopmentExpenses": 0,
    "generalAndAdministrativeExpenses": 0,
    "sellingAndMarketingExpenses": 175000000,
    "sellingGeneralAndAdministrativeExpenses": 175000000,
    "otherExpenses": 0,
    "operatingExpenses": 175000000,
    "costAndExpenses": 585500000,
    "interestIncome": 400000,
    "interestExpense": 13400000,
    "depreciationAndAmortization": 20700000,
    "ebitda": 165700000,
    "ebitdaratio": 0.2266137856,
    "operatingIncome": 145700000,
    "operatingIncomeRatio": 0.199261488,
    "totalOtherIncomeExpensesNet": -14100000,
    "incomeBeforeTax": 131600000,
    "incomeBeforeTaxRatio": 0.1799781182,
    "incomeTaxExpense": 22200000,
    "netIncome": 109300000,
    "netIncomeRatio": 0.1494803063,
    "eps": 1.17,
    "epsdiluted": 1.16,
    "weightedAverageShsOut": 93800000,
    "weightedAverageShsOutDil": 94500000,
    "link": "https://www.sec.gov/Archives/edgar/data/1579241/000157924119000051/0001579241-19-000051-index.htm",
    "finalLink": "https://www.sec.gov/Archives/edgar/data/1579241/000157924119000051/alle-10qx06302019xdoc.htm"
  },
  {
    "date": "2019-03-31",
    "symbol": "ALLE",
    "reportedCurrency": "USD",
    "cik": "0001579241",
    "fillingDate": "2019-04-25",
    "acceptedDate": "2019-04-25 06:15:02",
    "calendarYear": "2019",
    "period": "Q1",
    "revenue": 655000000,
    "costOfRevenue": 378100000,
    "grossProfit": 276900000,
    "grossProfitRatio": 0.4227480916,
    "researchAndDevelopmentExpenses": 0,
    "generalAndAdministrativeExpenses": 0,
    "sellingAndMarketingExpenses": 168900000,
    "sellingGeneralAndAdministrativeExpenses": 168900000,
    "otherExpenses": 0,
    "operatingExpenses": 168900000,
    "costAndExpenses": 547000000,
    "interestIncome": 300000,
    "interestExpense": 13700000,
    "depreciationAndAmortization": 20700000,
    "ebitda": 129800000,
    "ebitdaratio": 0.1981679389,
    "operatingIncome": 108000000,
    "operatingIncomeRatio": 0.1648854962,
    "totalOtherIncomeExpensesNet": -12600000,
    "incomeBeforeTax": 95400000,
    "incomeBeforeTaxRatio": 0.145648855,
    "incomeTaxExpense": 15100000,
    "netIncome": 80200000,
    "netIncomeRatio": 0.1224427481,
    "eps": 0.85,
    "epsdiluted": 0.84,
    "weightedAverageShsOut": 94500000,
    "weightedAverageShsOutDil": 95100000,
    "link": "https://www.sec.gov/Archives/edgar/data/1579241/000157924119000028/0001579241-19-000028-index.htm",
    "finalLink": "https://www.sec.gov/Archives/edgar/data/1579241/000157924119000028/alle-10qx03312019xdoc.htm"
  },
  {
    "date": "2018-12-31",
    "symbol": "ALLE",
    "reportedCurrency": "USD",
    "cik": "0001579241",
    "fillingDate": "2019-02-19",
    "acceptedDate": "2019-02-19 07:31:17",
    "calendarYear": "2018",
    "period": "Q4",
    "revenue": 702400000,
    "costOfRevenue": 401900000,
    "grossProfit": 300500000,
    "grossProfitRatio": 0.4278189066,
    "researchAndDevelopmentExpenses": 0,
    "generalAndAdministrativeExpenses": 0,
    "sellingAndMarketingExpenses": 159100000,
    "sellingGeneralAndAdministrativeExpenses": 159100000,
    "otherExpenses": 0,
    "operatingExpenses": 159100000,
    "costAndExpenses": 561000000,
    "interestIncome": 100000,
    "interestExpense": 13700000,
    "depreciationAndAmortization": 20400000,
    "ebitda": 161300000,
    "ebitdaratio": 0.2296412301,
    "operatingIncome": 141400000,
    "operatingIncomeRatio": 0.201309795,
    "totalOtherIncomeExpensesNet": -14200000,
    "incomeBeforeTax": 127200000,
    "incomeBeforeTaxRatio": 0.1810933941,
    "incomeTaxExpense": -5700000,
    "netIncome": 132800000,
    "netIncomeRatio": 0.1890660592,
    "eps": 1.4,
    "epsdiluted": 1.39,
    "weightedAverageShsOut": 94900000,
    "weightedAverageShsOutDil": 95600000,
    "link": "https://www.sec.gov/Archives/edgar/data/1579241/000157924119000006/0001579241-19-000006-index.htm",
    "finalLink": "https://www.sec.gov/Archives/edgar/data/1579241/000157924119000006/alle10k12312018doc.htm"
  },
  {
    "date": "2018-09-30",
    "symbol": "ALLE",
    "reportedCurrency": "USD",
    "cik": "0001579241",
    "fillingDate": "2018-10-25",
    "acceptedDate": "2018-10-25 06:19:06",
    "calendarYear": "2018",
    "period": "Q3",
    "revenue": 711500000,
    "costOfRevenue": 402100000,
    "grossProfit": 309400000,
    "grossProfitRatio": 0.4348559382,
    "researchAndDevelopmentExpenses": 0,
    "generalAndAdministrativeExpenses": 0,
    "sellingAndMarketingExpenses": 167100000,
    "sellingGeneralAndAdministrativeExpenses": 167100000,
    "otherExpenses": 0,
    "operatingExpenses": 167100000,
    "costAndExpenses": 569200000,
    "interestIncome": 400000,
    "interestExpense": 14000000,
    "depreciationAndAmortization": 20300000,
    "ebitda": 164500000,
    "ebitdaratio": 0.2312016866,
    "operatingIncome": 142300000,
    "operatingIncomeRatio": 0.2,
    "totalOtherIncomeExpensesNet": -12100000,
    "incomeBeforeTax": 130200000,
    "incomeBeforeTaxRatio": 0.1829936753,
    "incomeTaxExpense": 14100000,
    "netIncome": 116000000,
    "netIncomeRatio": 0.1630358398,
    "eps": 1.22,
    "epsdiluted": 1.21,
    "weightedAverageShsOut": 95100000,
    "weightedAverageShsOutDil": 95800000,
    "link": "https://www.sec.gov/Archives/edgar/data/1579241/000157924118000037/0001579241-18-000037-index.htm",
    "finalLink": "https://www.sec.gov/Archives/edgar/data/1579241/000157924118000037/alle-10qx09302018xdoc.htm"
  },
  {
    "date": "2018-06-30",
    "symbol": "ALLE",
    "reportedCurrency": "USD",
    "cik": "0001579241",
    "fillingDate": "2018-07-26",
    "acceptedDate": "2018-07-26 06:07:56",
    "calendarYear": "2018",
    "period": "Q2",
    "revenue": 704700000,
    "costOfRevenue": 399100000,
    "grossProfit": 305600000,
    "grossProfitRatio": 0.4336597134,
    "researchAndDevelopmentExpenses": 0,
    "generalAndAdministrativeExpenses": 0,
    "sellingAndMarketingExpenses": 162200000,
    "sellingGeneralAndAdministrativeExpenses": 162200000,
    "otherExpenses": 0,
    "operatingExpenses": 162200000,
    "costAndExpenses": 561300000,
    "interestIncome": 100000,
    "interestExpense": 13400000,
    "depreciationAndAmortization": 23000000,
    "ebitda": 168000000,
    "ebitdaratio": 0.2383993189,
    "operatingIncome": 143400000,
    "operatingIncomeRatio": 0.2034908472,
    "totalOtherIncomeExpensesNet": -11800000,
    "incomeBeforeTax": 131600000,
    "incomeBeforeTaxRatio": 0.1867461331,
    "incomeTaxExpense": 17600000,
    "netIncome": 113900000,
    "netIncomeRatio": 0.161629062,
    "eps": 1.2,
    "epsdiluted": 1.19,
    "weightedAverageShsOut": 95000000,
    "weightedAverageShsOutDil": 95600000,
    "link": "https://www.sec.gov/Archives/edgar/data/1579241/000157924118000030/0001579241-18-000030-index.htm",
    "finalLink": "https://www.sec.gov/Archives/edgar/data/1579241/000157924118000030/alle-10qx06302018xdoc.htm"
  },
  {
    "date": "2018-03-31",
    "symbol": "ALLE",
    "reportedCurrency": "USD",
    "cik": "0001579241",
    "fillingDate": "2018-04-26",
    "acceptedDate": "2018-04-26 06:20:25",
    "calendarYear": "2018",
    "period": "Q1",
    "revenue": 613100000,
    "costOfRevenue": 355300000,
    "grossProfit": 257800000,
    "grossProfitRatio": 0.4204860545,
    "researchAndDevelopmentExpenses": 0,
    "generalAndAdministrativeExpenses": 0,
    "sellingAndMarketingExpenses": 159100000,
    "sellingGeneralAndAdministrativeExpenses": 159100000,
    "otherExpenses": 0,
    "operatingExpenses": 159100000,
    "costAndExpenses": 514400000,
    "interestIncome": 200000,
    "interestExpense": 12900000,
    "depreciationAndAmortization": 22500000,
    "ebitda": 121600000,
    "ebitdaratio": 0.1983363236,
    "operatingIncome": 98700000,
    "operatingIncomeRatio": 0.1609851574,
    "totalOtherIncomeExpensesNet": -12500000,
    "incomeBeforeTax": 86200000,
    "incomeBeforeTaxRatio": 0.1405969662,
    "incomeTaxExpense": 13800000,
    "netIncome": 72200000,
    "netIncomeRatio": 0.1177621921,
    "eps": 0.76,
    "epsdiluted": 0.75,
    "weightedAverageShsOut": 95100000,
    "weightedAverageShsOutDil": 95800000,
    "link": "https://www.sec.gov/Archives/edgar/data/1579241/000157924118000020/0001579241-18-000020-index.htm",
    "finalLink": "https://www.sec.gov/Archives/edgar/data/1579241/000157924118000020/alle-10qx03312018xdoc.htm"
  },
  {
    "date": "2017-12-31",
    "symbol": "ALLE",
    "reportedCurrency": "USD",
    "cik": "0001579241",
    "fillingDate": "2018-02-20",
    "acceptedDate": "2018-02-20 16:02:17",
    "calendarYear": "2017",
    "period": "Q4",
    "revenue": 623100000,
    "costOfRevenue": 348200000,
    "grossProfit": 274900000,
    "grossProfitRatio": 0.4411811908,
    "researchAndDevelopmentExpenses": 0,
    "generalAndAdministrativeExpenses": 0,
    "sellingAndMarketingExpenses": 145700000,
    "sellingGeneralAndAdministrativeExpenses": 145700000,
    "otherExpenses": 0,
    "operatingExpenses": 145700000,
    "costAndExpenses": 493900000,
    "interestIncome": 600000,
    "interestExpense": 56000000,
    "depreciationAndAmortization": 17000000,
    "ebitda": 151200000,
    "ebitdaratio": 0.2426576793,
    "operatingIncome": 129200000,
    "operatingIncomeRatio": 0.207350345,
    "totalOtherIncomeExpensesNet": -51000000,
    "incomeBeforeTax": 78200000,
    "incomeBeforeTaxRatio": 0.1255015246,
    "incomeTaxExpense": 66100000,
    "netIncome": 9600000,
    "netIncomeRatio": 0.0154068368,
    "eps": 0.1,
    "epsdiluted": 0.1,
    "weightedAverageShsOut": 95100000,
    "weightedAverageShsOutDil": 95900000,
    "link": "https://www.sec.gov/Archives/edgar/data/1579241/000157924118000007/0001579241-18-000007-index.htm",
    "finalLink": "https://www.sec.gov/Archives/edgar/data/1579241/000157924118000007/alle10k12312017doc.htm"
  },
  {
    "date": "2017-09-30",
    "symbol": "ALLE",
    "reportedCurrency": "USD",
    "cik": "0001579241",
    "fillingDate": "2017-10-26",
    "acceptedDate": "2017-10-26 06:17:04",
    "calendarYear": "2017",
    "period": "Q3",
    "revenue": 609400000,
    "costOfRevenue": 335000000,
    "grossProfit": 274400000,
    "grossProfitRatio": 0.4502789629,
    "researchAndDevelopmentExpenses": 0,
    "generalAndAdministrativeExpenses": 0,
    "sellingAndMarketingExpenses": 147300000,
    "sellingGeneralAndAdministrativeExpenses": 147300000,
    "otherExpenses": 0,
    "operatingExpenses": 147300000,
    "costAndExpenses": 482300000,
    "interestIncome": 300000,
    "interestExpense": 17800000,
    "depreciationAndAmortization": 17200000,
    "ebitda": 147000000,
    "ebitdaratio": 0.241220873,
    "operatingIncome": 127100000,
    "operatingIncomeRatio": 0.2085658024,
    "totalOtherIncomeExpensesNet": -15100000,
    "incomeBeforeTax": 112000000,
    "incomeBeforeTaxRatio": 0.1837873318,
    "incomeTaxExpense": 21900000,
    "netIncome": 89800000,
    "netIncomeRatio": 0.1473580571,
    "eps": 0.95,
    "epsdiluted": 0.94,
    "weightedAverageShsOut": 95000000,
    "weightedAverageShsOutDil": 95800000,
    "link": "https://www.sec.gov/Archives/edgar/data/1579241/000157924117000052/0001579241-17-000052-index.htm",
    "finalLink": "https://www.sec.gov/Archives/edgar/data/1579241/000157924117000052/alle-10qx09302017xdoc.htm"
  },
  {
    "date": "2017-06-30",
    "symbol": "ALLE",
    "reportedCurrency": "USD",
    "cik": "0001579241",
    "fillingDate": "2017-07-27",
    "acceptedDate": "2017-07-27 06:23:01",
    "calendarYear": "2017",
    "period": "Q2",
    "revenue": 627000000,
    "costOfRevenue": 345700000,
    "grossProfit": 281300000,
    "grossProfitRatio": 0.4486443381,
    "researchAndDevelopmentExpenses": 0,
    "generalAndAdministrativeExpenses": 0,
    "sellingAndMarketingExpenses": 146300000,
    "sellingGeneralAndAdministrativeExpenses": 146300000,
    "otherExpenses": 0,
    "operatingExpenses": 146300000,
    "costAndExpenses": 492000000,
    "interestIncome": 200000,
    "interestExpense": 16100000,
    "depreciationAndAmortization": 16200000,
    "ebitda": 155500000,
    "ebitdaratio": 0.2480063796,
    "operatingIncome": 135000000,
    "operatingIncomeRatio": 0.2153110048,
    "totalOtherIncomeExpensesNet": -11800000,
    "incomeBeforeTax": 123200000,
    "incomeBeforeTaxRatio": 0.1964912281,
    "incomeTaxExpense": 17400000,
    "netIncome": 105500000,
    "netIncomeRatio": 0.168261563,
    "eps": 1.11,
    "epsdiluted": 1.1,
    "weightedAverageShsOut": 95200000,
    "weightedAverageShsOutDil": 95900000,
    "link": "https://www.sec.gov/Archives/edgar/data/1579241/000157924117000039/0001579241-17-000039-index.htm",
    "finalLink": "https://www.sec.gov/Archives/edgar/data/1579241/000157924117000039/alle-10qx06302017xdoc.htm"
  },
  {
    "date": "2017-03-31",
    "symbol": "ALLE",
    "reportedCurrency": "USD",
    "cik": "0001579241",
    "fillingDate": "2017-04-27",
    "acceptedDate": "2017-04-27 06:16:24",
    "calendarYear": "2017",
    "period": "Q1",
    "revenue": 548800000,
    "costOfRevenue": 307600000,
    "grossProfit": 241200000,
    "grossProfitRatio": 0.4395043732,
    "researchAndDevelopmentExpenses": 0,
    "generalAndAdministrativeExpenses": 0,
    "sellingAndMarketingExpenses": 141700000,
    "sellingGeneralAndAdministrativeExpenses": 141700000,
    "otherExpenses": 0,
    "operatingExpenses": 141700000,
    "costAndExpenses": 449300000,
    "interestIncome": 100000,
    "interestExpense": 15900000,
    "depreciationAndAmortization": 16500000,
    "ebitda": 114700000,
    "ebitdaratio": 0.2090014577,
    "operatingIncome": 99500000,
    "operatingIncomeRatio": 0.1813046647,
    "totalOtherIncomeExpensesNet": -17200000,
    "incomeBeforeTax": 82300000,
    "incomeBeforeTaxRatio": 0.1499635569,
    "incomeTaxExpense": 13600000,
    "netIncome": 68400000,
    "netIncomeRatio": 0.1246355685,
    "eps": 0.72,
    "epsdiluted": 0.71,
    "weightedAverageShsOut": 95300000,
    "weightedAverageShsOutDil": 96100000,
    "link": "https://www.sec.gov/Archives/edgar/data/1579241/000157924117000021/0001579241-17-000021-index.htm",
    "finalLink": "https://www.sec.gov/Archives/edgar/data/1579241/000157924117000021/alle-10qx03312017xdoc.htm"
  },
  {
    "date": "2016-12-31",
    "symbol": "ALLE",
    "reportedCurrency": "USD",
    "cik": "0001579241",
    "fillingDate": "2017-02-17",
    "acceptedDate": "2017-02-17 07:58:26",
    "calendarYear": "2016",
    "period": "Q4",
    "revenue": 569700000,
    "costOfRevenue": 331600000,
    "grossProfit": 238100000,
    "grossProfitRatio": 0.4179392663,
    "researchAndDevelopmentExpenses": 0,
    "generalAndAdministrativeExpenses": 0,
    "sellingAndMarketingExpenses": 140900000,
    "sellingGeneralAndAdministrativeExpenses": 140900000,
    "otherExpenses": 0,
    "operatingExpenses": 140900000,
    "costAndExpenses": 472500000,
    "interestIncome": 0,
    "interestExpense": 15900000,
    "depreciationAndAmortization": 16200000,
    "ebitda": 114600000,
    "ebitdaratio": 0.2011585045,
    "operatingIncome": 97200000,
    "operatingIncomeRatio": 0.1706161137,
    "totalOtherIncomeExpensesNet": -14700000,
    "incomeBeforeTax": 82500000,
    "incomeBeforeTaxRatio": 0.1448130595,
    "incomeTaxExpense": 7500000,
    "netIncome": 74800000,
    "netIncomeRatio": 0.131297174,
    "eps": 0.78,
    "epsdiluted": 0.77,
    "weightedAverageShsOut": 95600000,
    "weightedAverageShsOutDil": 96600000,
    "link": "https://www.sec.gov/Archives/edgar/data/1579241/000157924117000009/0001579241-17-000009-index.htm",
    "finalLink": "https://www.sec.gov/Archives/edgar/data/1579241/000157924117000009/alle10k12312016doc.htm"
  },
  {
    "date": "2016-09-30",
    "symbol": "ALLE",
    "reportedCurrency": "USD",
    "cik": "0001579241",
    "fillingDate": "2016-10-27",
    "acceptedDate": "2016-10-27 06:49:43",
    "calendarYear": "2016",
    "period": "Q3",
    "revenue": 581100000,
    "costOfRevenue": 317600000,
    "grossProfit": 263500000,
    "grossProfitRatio": 0.4534503528,
    "researchAndDevelopmentExpenses": 0,
    "generalAndAdministrativeExpenses": 0,
    "sellingAndMarketingExpenses": 142000000,
    "sellingGeneralAndAdministrativeExpenses": 142000000,
    "otherExpenses": 0,
    "operatingExpenses": 142000000,
    "costAndExpenses": 459600000,
    "interestIncome": 500000,
    "interestExpense": 15600000,
    "depreciationAndAmortization": 17200000,
    "ebitda": 53900000,
    "ebitdaratio": 0.0927551196,
    "operatingIncome": 121500000,
    "operatingIncomeRatio": 0.2090862158,
    "totalOtherIncomeExpensesNet": -100400000,
    "incomeBeforeTax": 21100000,
    "incomeBeforeTaxRatio": 0.0363104457,
    "incomeTaxExpense": 19100000,
    "netIncome": 1600000,
    "netIncomeRatio": 0.0027533987,
    "eps": 0.02,
    "epsdiluted": 0.02,
    "weightedAverageShsOut": 96000000,
    "weightedAverageShsOutDil": 96900000,
    "link": "https://www.sec.gov/Archives/edgar/data/1579241/000157924116000087/0001579241-16-000087-index.htm",
    "finalLink": "https://www.sec.gov/Archives/edgar/data/1579241/000157924116000087/alle-10qx09302016xdoc.htm"
  },
  {
    "date": "2016-06-30",
    "symbol": "ALLE",
    "reportedCurrency": "USD",
    "cik": "0001579241",
    "fillingDate": "2016-07-28",
    "acceptedDate": "2016-07-28 06:27:22",
    "calendarYear": "2016",
    "period": "Q2",
    "revenue": 584900000,
    "costOfRevenue": 317500000,
    "grossProfit": 267400000,
    "grossProfitRatio": 0.4571721662,
    "researchAndDevelopmentExpenses": 0,
    "generalAndAdministrativeExpenses": 0,
    "sellingAndMarketingExpenses": 143100000,
    "sellingGeneralAndAdministrativeExpenses": 143100000,
    "otherExpenses": 0,
    "operatingExpenses": 143100000,
    "costAndExpenses": 460600000,
    "interestIncome": 900000,
    "interestExpense": 16500000,
    "depreciationAndAmortization": 17100000,
    "ebitda": 150000000,
    "ebitdaratio": 0.2564540947,
    "operatingIncome": 124300000,
    "operatingIncomeRatio": 0.2125149598,
    "totalOtherIncomeExpensesNet": -7900000,
    "incomeBeforeTax": 116400000,
    "incomeBeforeTaxRatio": 0.1990083775,
    "incomeTaxExpense": 21000000,
    "netIncome": 95000000,
    "netIncomeRatio": 0.1624209267,
    "eps": 0.99,
    "epsdiluted": 0.98,
    "weightedAverageShsOut": 95800000,
    "weightedAverageShsOutDil": 96800000,
    "link": "https://www.sec.gov/Archives/edgar/data/1579241/000157924116000079/0001579241-16-000079-index.htm",
    "finalLink": "https://www.sec.gov/Archives/edgar/data/1579241/000157924116000079/alle-10qx06302016xdoc.htm"
  },
  {
    "date": "2016-03-31",
    "symbol": "ALLE",
    "reportedCurrency": "USD",
    "cik": "0001579241",
    "fillingDate": "2016-04-28",
    "acceptedDate": "2016-04-28 06:20:40",
    "calendarYear": "2016",
    "period": "Q1",
    "revenue": 502300000,
    "costOfRevenue": 286000000,
    "grossProfit": 216300000,
    "grossProfitRatio": 0.4306191519,
    "researchAndDevelopmentExpenses": 0,
    "generalAndAdministrativeExpenses": 0,
    "sellingAndMarketingExpenses": 133800000,
    "sellingGeneralAndAdministrativeExpenses": 133800000,
    "otherExpenses": 0,
    "operatingExpenses": 133800000,
    "costAndExpenses": 419800000,
    "interestIncome": 500000,
    "interestExpense": 16300000,
    "depreciationAndAmortization": 16400000,
    "ebitda": 107700000,
    "ebitdaratio": 0.214413697,
    "operatingIncome": 82500000,
    "operatingIncomeRatio": 0.1642444754,
    "totalOtherIncomeExpensesNet": -7500000,
    "incomeBeforeTax": 75000000,
    "incomeBeforeTaxRatio": 0.1493131595,
    "incomeTaxExpense": 16200000,
    "netIncome": 57700000,
    "netIncomeRatio": 0.1148715907,
    "eps": 0.6,
    "epsdiluted": 0.6,
    "weightedAverageShsOut": 95900000,
    "weightedAverageShsOutDil": 96900000,
    "link": "https://www.sec.gov/Archives/edgar/data/1579241/000157924116000068/0001579241-16-000068-index.htm",
    "finalLink": "https://www.sec.gov/Archives/edgar/data/1579241/000157924116000068/alle-10qx03312016xdoc.htm"
  },
  {
    "date": "2015-12-31",
    "symbol": "ALLE",
    "reportedCurrency": "USD",
    "cik": "0001579241",
    "fillingDate": "2016-02-26",
    "acceptedDate": "2016-02-26 16:10:27",
    "calendarYear": "2015",
    "period": "Q4",
    "revenue": 545400000,
    "costOfRevenue": 325200000,
    "grossProfit": 220200000,
    "grossProfitRatio": 0.403740374,
    "researchAndDevelopmentExpenses": 0,
    "generalAndAdministrativeExpenses": 0,
    "sellingAndMarketingExpenses": 138700000,
    "sellingGeneralAndAdministrativeExpenses": 138700000,
    "otherExpenses": 0,
    "operatingExpenses": 138700000,
    "costAndExpenses": 463900000,
    "interestIncome": 400000,
    "interestExpense": 16300000,
    "depreciationAndAmortization": 15700000,
    "ebitda": 107800000,
    "ebitdaratio": 0.1976530986,
    "operatingIncome": 81500000,
    "operatingIncomeRatio": 0.1494316098,
    "totalOtherIncomeExpensesNet": -5700000,
    "incomeBeforeTax": 75800000,
    "incomeBeforeTaxRatio": 0.1389805647,
    "incomeTaxExpense": 3800000,
    "netIncome": 71900000,
    "netIncomeRatio": 0.1318298497,
    "eps": 0.75,
    "epsdiluted": 0.74,
    "weightedAverageShsOut": 96000000,
    "weightedAverageShsOutDil": 97000000,
    "link": "https://www.sec.gov/Archives/edgar/data/1579241/000157924116000056/0001579241-16-000056-index.htm",
    "finalLink": "https://www.sec.gov/Archives/edgar/data/1579241/000157924116000056/alle-10kx12312015doc.htm"
  },
  {
    "date": "2015-09-30",
    "symbol": "ALLE",
    "reportedCurrency": "USD",
    "cik": "0001579241",
    "fillingDate": "2015-10-29",
    "acceptedDate": "2015-10-29 06:19:09",
    "calendarYear": "2015",
    "period": "Q3",
    "revenue": 544500000,
    "costOfRevenue": 304500000,
    "grossProfit": 240000000,
    "grossProfitRatio": 0.4407713499,
    "researchAndDevelopmentExpenses": 0,
    "generalAndAdministrativeExpenses": 0,
    "sellingAndMarketingExpenses": 129600000,
    "sellingGeneralAndAdministrativeExpenses": 129600000,
    "otherExpenses": 0,
    "operatingExpenses": 129600000,
    "costAndExpenses": 434100000,
    "interestIncome": 300000,
    "interestExpense": 13700000,
    "depreciationAndAmortization": 12700000,
    "ebitda": 19600000,
    "ebitdaratio": 0.0359963269,
    "operatingIncome": 110400000,
    "operatingIncomeRatio": 0.2027548209,
    "totalOtherIncomeExpensesNet": -117200000,
    "incomeBeforeTax": -6800000,
    "incomeBeforeTaxRatio": -0.0124885216,
    "incomeTaxExpense": 19400000,
    "netIncome": -27300000,
    "netIncomeRatio": -0.050137741,
    "eps": -0.28,
    "epsdiluted": -0.28,
    "weightedAverageShsOut": 95900000,
    "weightedAverageShsOutDil": 95900000,
    "link": "https://www.sec.gov/Archives/edgar/data/1579241/000157924115000046/0001579241-15-000046-index.htm",
    "finalLink": "https://www.sec.gov/Archives/edgar/data/1579241/000157924115000046/alle-10qx09302015xdoc.htm"
  },
  {
    "date": "2015-06-30",
    "symbol": "ALLE",
    "reportedCurrency": "USD",
    "cik": "0001579241",
    "fillingDate": "2015-07-30",
    "acceptedDate": "2015-07-30 06:18:09",
    "calendarYear": "2015",
    "period": "Q2",
    "revenue": 519500000,
    "costOfRevenue": 297700000,
    "grossProfit": 221800000,
    "grossProfitRatio": 0.4269489894,
    "researchAndDevelopmentExpenses": 0,
    "generalAndAdministrativeExpenses": 0,
    "sellingAndMarketingExpenses": 126100000,
    "sellingGeneralAndAdministrativeExpenses": 126100000,
    "otherExpenses": 0,
    "operatingExpenses": 126100000,
    "costAndExpenses": 423800000,
    "interestIncome": 500000,
    "interestExpense": 11300000,
    "depreciationAndAmortization": 12700000,
    "ebitda": 108000000,
    "ebitdaratio": 0.207892204,
    "operatingIncome": 95700000,
    "operatingIncomeRatio": 0.1842155919,
    "totalOtherIncomeExpensesNet": -11700000,
    "incomeBeforeTax": 84000000,
    "incomeBeforeTaxRatio": 0.1616939365,
    "incomeTaxExpense": 19000000,
    "netIncome": 63900000,
    "netIncomeRatio": 0.1230028874,
    "eps": 0.67,
    "epsdiluted": 0.66,
    "weightedAverageShsOut": 95800000,
    "weightedAverageShsOutDil": 96700000,
    "link": "https://www.sec.gov/Archives/edgar/data/1579241/000157924115000033/0001579241-15-000033-index.htm",
    "finalLink": "https://www.sec.gov/Archives/edgar/data/1579241/000157924115000033/alle-10qx06302015xdoc.htm"
  },
  {
    "date": "2015-03-31",
    "symbol": "ALLE",
    "reportedCurrency": "USD",
    "cik": "0001579241",
    "fillingDate": "2015-04-30",
    "acceptedDate": "2015-04-30 06:19:16",
    "calendarYear": "2015",
    "period": "Q1",
    "revenue": 458700000,
    "costOfRevenue": 271600000,
    "grossProfit": 187100000,
    "grossProfitRatio": 0.4078918683,
    "researchAndDevelopmentExpenses": 0,
    "generalAndAdministrativeExpenses": 0,
    "sellingAndMarketingExpenses": 116100000,
    "sellingGeneralAndAdministrativeExpenses": 116100000,
    "otherExpenses": 0,
    "operatingExpenses": 116100000,
    "costAndExpenses": 387700000,
    "interestIncome": 300000,
    "interestExpense": 11600000,
    "depreciationAndAmortization": 12100000,
    "ebitda": 80000000,
    "ebitdaratio": 0.1744059298,
    "operatingIncome": 71000000,
    "operatingIncomeRatio": 0.1547852627,
    "totalOtherIncomeExpensesNet": -14700000,
    "incomeBeforeTax": 56300000,
    "incomeBeforeTaxRatio": 0.1227381731,
    "incomeTaxExpense": 12400000,
    "netIncome": 45400000,
    "netIncomeRatio": 0.0989753652,
    "eps": 0.47,
    "epsdiluted": 0.47,
    "weightedAverageShsOut": 95900000,
    "weightedAverageShsOutDil": 96900000,
    "link": "https://www.sec.gov/Archives/edgar/data/1579241/000157924115000013/0001579241-15-000013-index.htm",
    "finalLink": "https://www.sec.gov/Archives/edgar/data/1579241/000157924115000013/alle-10qx03312015xdoc.htm"
  },
  {
    "date": "2014-12-31",
    "symbol": "ALLE",
    "reportedCurrency": "USD",
    "cik": "0001579241",
    "fillingDate": "2015-02-27",
    "acceptedDate": "2015-02-27 16:04:24",
    "calendarYear": "2014",
    "period": "Q4",
    "revenue": 573500000,
    "costOfRevenue": 374000000,
    "grossProfit": 199500000,
    "grossProfitRatio": 0.347863993,
    "researchAndDevelopmentExpenses": 0,
    "generalAndAdministrativeExpenses": 0,
    "sellingAndMarketingExpenses": 135900000,
    "sellingGeneralAndAdministrativeExpenses": 135900000,
    "otherExpenses": 0,
    "operatingExpenses": 135900000,
    "costAndExpenses": 509900000,
    "interestIncome": 700000,
    "interestExpense": 15500000,
    "depreciationAndAmortization": 12300000,
    "ebitda": 68200000,
    "ebitdaratio": 0.1189189189,
    "operatingIncome": 63600000,
    "operatingIncomeRatio": 0.1108979948,
    "totalOtherIncomeExpensesNet": -23200000,
    "incomeBeforeTax": 40400000,
    "incomeBeforeTaxRatio": 0.0704446382,
    "incomeTaxExpense": 17600000,
    "netIncome": 35800000,
    "netIncomeRatio": 0.062423714,
    "eps": 0.37,
    "epsdiluted": 0.37,
    "weightedAverageShsOut": 95800000,
    "weightedAverageShsOutDil": 96800000,
    "link": "https://www.sec.gov/Archives/edgar/data/1579241/000157924115000005/0001579241-15-000005-index.htm",
    "finalLink": "https://www.sec.gov/Archives/edgar/data/1579241/000157924115000005/alle-10kx12312014doc.htm"
  },
  {
    "date": "2014-09-30",
    "symbol": "ALLE",
    "reportedCurrency": "USD",
    "cik": "0001579241",
    "fillingDate": "2014-10-30",
    "acceptedDate": "2014-10-30 06:08:10",
    "calendarYear": "2014",
    "period": "Q3",
    "revenue": 546700000,
    "costOfRevenue": 310100000,
    "grossProfit": 236600000,
    "grossProfitRatio": 0.4327784891,
    "researchAndDevelopmentExpenses": 0,
    "generalAndAdministrativeExpenses": 0,
    "sellingAndMarketingExpenses": 130500000,
    "sellingGeneralAndAdministrativeExpenses": 130500000,
    "otherExpenses": 0,
    "operatingExpenses": 130500000,
    "costAndExpenses": 440600000,
    "interestIncome": 100000,
    "interestExpense": 12700000,
    "depreciationAndAmortization": 12100000,
    "ebitda": 120200000,
    "ebitdaratio": 0.2198646424,
    "operatingIncome": 106100000,
    "operatingIncomeRatio": 0.1940735321,
    "totalOtherIncomeExpensesNet": -10700000,
    "incomeBeforeTax": 95400000,
    "incomeBeforeTaxRatio": 0.1745015548,
    "incomeTaxExpense": 27300000,
    "netIncome": 60800000,
    "netIncomeRatio": 0.1112127309,
    "eps": 0.63,
    "epsdiluted": 0.63,
    "weightedAverageShsOut": 95900000,
    "weightedAverageShsOutDil": 96900000,
    "link": "https://www.sec.gov/Archives/edgar/data/1579241/000157924114000041/0001579241-14-000041-index.htm",
    "finalLink": "https://www.sec.gov/Archives/edgar/data/1579241/000157924114000041/alle-10qx09302014xq3.htm"
  },
  {
    "date": "2014-06-30",
    "symbol": "ALLE",
    "reportedCurrency": "USD",
    "cik": "0001579241",
    "fillingDate": "2014-07-30",
    "acceptedDate": "2014-07-30 17:04:19",
    "calendarYear": "2014",
    "period": "Q2",
    "revenue": 531500000,
    "costOfRevenue": 305500000,
    "grossProfit": 226000000,
    "grossProfitRatio": 0.4252116651,
    "researchAndDevelopmentExpenses": 0,
    "generalAndAdministrativeExpenses": 0,
    "sellingAndMarketingExpenses": 136700000,
    "sellingGeneralAndAdministrativeExpenses": 136700000,
    "otherExpenses": 0,
    "operatingExpenses": 136700000,
    "costAndExpenses": 442200000,
    "interestIncome": 100000,
    "interestExpense": 12500000,
    "depreciationAndAmortization": 12200000,
    "ebitda": 102500000,
    "ebitdaratio": 0.1928504233,
    "operatingIncome": 89300000,
    "operatingIncomeRatio": 0.1680150517,
    "totalOtherIncomeExpensesNet": -11500000,
    "incomeBeforeTax": 77800000,
    "incomeBeforeTaxRatio": 0.146378175,
    "incomeTaxExpense": 23100000,
    "netIncome": 43200000,
    "netIncomeRatio": 0.0812793979,
    "eps": 0.45,
    "epsdiluted": 0.44,
    "weightedAverageShsOut": 96300000,
    "weightedAverageShsOutDil": 97300000,
    "link": "https://www.sec.gov/Archives/edgar/data/1579241/000157924114000033/0001579241-14-000033-index.htm",
    "finalLink": "https://www.sec.gov/Archives/edgar/data/1579241/000157924114000033/alle-10qx06302014xq2.htm"
  },
  {
    "date": "2014-03-31",
    "symbol": "ALLE",
    "reportedCurrency": "USD",
    "cik": "0001579241",
    "fillingDate": "2014-04-30",
    "acceptedDate": "2014-04-30 17:04:09",
    "calendarYear": "2014",
    "period": "Q1",
    "revenue": 466600000,
    "costOfRevenue": 274400000,
    "grossProfit": 192200000,
    "grossProfitRatio": 0.411915988,
    "researchAndDevelopmentExpenses": 0,
    "generalAndAdministrativeExpenses": 0,
    "sellingAndMarketingExpenses": 124400000,
    "sellingGeneralAndAdministrativeExpenses": 124400000,
    "otherExpenses": 0,
    "operatingExpenses": 124400000,
    "costAndExpenses": 398800000,
    "interestIncome": 200000,
    "interestExpense": 13100000,
    "depreciationAndAmortization": 12200000,
    "ebitda": 80100000,
    "ebitdaratio": 0.1716673811,
    "operatingIncome": 67800000,
    "operatingIncomeRatio": 0.1453064724,
    "totalOtherIncomeExpensesNet": -13000000,
    "incomeBeforeTax": 54800000,
    "incomeBeforeTaxRatio": 0.1174453493,
    "incomeTaxExpense": 16400000,
    "netIncome": 35800000,
    "netIncomeRatio": 0.0767252465,
    "eps": 0.37,
    "epsdiluted": 0.37,
    "weightedAverageShsOut": 96300000,
    "weightedAverageShsOutDil": 97400000,
    "link": "https://www.sec.gov/Archives/edgar/data/1579241/000157924114000017/0001579241-14-000017-index.htm",
    "finalLink": "https://www.sec.gov/Archives/edgar/data/1579241/000157924114000017/alle-10qx03312014xq1.htm"
  },
  {
    "date": "2013-12-31",
    "symbol": "ALLE",
    "reportedCurrency": "USD",
    "cik": "0001579241",
    "fillingDate": "2014-03-10",
    "acceptedDate": "2014-03-10 16:57:00",
    "calendarYear": "2013",
    "period": "Q4",
    "revenue": 550600000,
    "costOfRevenue": 334100000,
    "grossProfit": 216500000,
    "grossProfitRatio": 0.3932074101,
    "researchAndDevelopmentExpenses": 0,
    "generalAndAdministrativeExpenses": 0,
    "sellingAndMarketingExpenses": 126700000,
    "sellingGeneralAndAdministrativeExpenses": 126700000,
    "otherExpenses": 0,
    "operatingExpenses": 126700000,
    "costAndExpenses": 460800000,
    "interestIncome": 700000,
    "interestExpense": 8800000,
    "depreciationAndAmortization": 11900000,
    "ebitda": 101500000,
    "ebitdaratio": 0.1843443516,
    "operatingIncome": 89800000,
    "operatingIncomeRatio": 0.1630948057,
    "totalOtherIncomeExpensesNet": -9000000,
    "incomeBeforeTax": 80800000,
    "incomeBeforeTaxRatio": 0.1467490011,
    "incomeTaxExpense": 72300000,
    "netIncome": 9400000,
    "netIncomeRatio": 0.0170722848,
    "eps": 0.1,
    "epsdiluted": 0.1,
    "weightedAverageShsOut": 96000000,
    "weightedAverageShsOutDil": 96400000,
    "link": "https://www.sec.gov/Archives/edgar/data/1579241/000157924114000007/0001579241-14-000007-index.htm",
    "finalLink": "https://www.sec.gov/Archives/edgar/data/1579241/000157924114000007/alle-10kx12312013.htm"
  },
  {
    "date": "2013-09-30",
    "symbol": "ALLE",
    "reportedCurrency": "USD",
    "cik": "0001579241",
    "fillingDate": "2013-09-30",
    "acceptedDate": "2013-09-29 20:00:00",
    "calendarYear": "2013",
    "period": "Q3",
    "revenue": 529000000,
    "costOfRevenue": 290600000,
    "grossProfit": 238400000,
    "grossProfitRatio": 0.4506616257,
    "researchAndDevelopmentExpenses": 0,
    "generalAndAdministrativeExpenses": 0,
    "sellingAndMarketingExpenses": 122200000,
    "sellingGeneralAndAdministrativeExpenses": 122200000,
    "otherExpenses": 137600000,
    "operatingExpenses": 259800000,
    "costAndExpenses": 550400000,
    "interestIncome": 0,
    "interestExpense": 500000,
    "depreciationAndAmortization": 11300000,
    "ebitda": -10300000,
    "ebitdaratio": -0.0194706994,
    "operatingIncome": -21400000,
    "operatingIncomeRatio": -0.0404536862,
    "totalOtherIncomeExpensesNet": -700000,
    "incomeBeforeTax": -22100000,
    "incomeBeforeTaxRatio": -0.0417769376,
    "incomeTaxExpense": 45500000,
    "netIncome": -78100000,
    "netIncomeRatio": -0.147637051,
    "eps": -0.81,
    "epsdiluted": -0.81,
    "weightedAverageShsOut": 96028568,
    "weightedAverageShsOutDil": 96028568,
    "link": "",
    "finalLink": ""
  },
  {
    "date": "2013-06-30",
    "symbol": "ALLE",
    "reportedCurrency": "USD",
    "cik": "0001579241",
    "fillingDate": "2013-06-30",
    "acceptedDate": "2013-06-29 20:00:00",
    "calendarYear": "2013",
    "period": "Q2",
    "revenue": 528700000,
    "costOfRevenue": 310200000,
    "grossProfit": 218500000,
    "grossProfitRatio": 0.4132778513,
    "researchAndDevelopmentExpenses": 0,
    "generalAndAdministrativeExpenses": 0,
    "sellingAndMarketingExpenses": 118500000,
    "sellingGeneralAndAdministrativeExpenses": 118500000,
    "otherExpenses": 0,
    "operatingExpenses": 118500000,
    "costAndExpenses": 428700000,
    "interestIncome": 0,
    "interestExpense": 500000,
    "depreciationAndAmortization": 11200000,
    "ebitda": 112000000,
    "ebitdaratio": 0.2118403632,
    "operatingIncome": 100000000,
    "operatingIncomeRatio": 0.1891431814,
    "totalOtherIncomeExpensesNet": 300000,
    "incomeBeforeTax": 100300000,
    "incomeBeforeTaxRatio": 0.1897106109,
    "incomeTaxExpense": 37000000,
    "netIncome": 60300000,
    "netIncomeRatio": 0.1140533384,
    "eps": 0.63,
    "epsdiluted": 0.63,
    "weightedAverageShsOut": 96028568,
    "weightedAverageShsOutDil": 96028568,
    "link": "",
    "finalLink": ""
  },
  {
    "date": "2013-03-31",
    "symbol": "ALLE",
    "reportedCurrency": "USD",
    "cik": "0001579241",
    "fillingDate": "2013-03-31",
    "acceptedDate": "2013-03-31 00:00:00",
    "calendarYear": "2013",
    "period": "Q1",
    "revenue": 473300000,
    "costOfRevenue": 287200000,
    "grossProfit": 186100000,
    "grossProfitRatio": 0.393196704,
    "researchAndDevelopmentExpenses": 0,
    "generalAndAdministrativeExpenses": 0,
    "sellingAndMarketingExpenses": 117300000,
    "sellingGeneralAndAdministrativeExpenses": 117300000,
    "otherExpenses": 0,
    "operatingExpenses": 117300000,
    "costAndExpenses": 404500000,
    "interestIncome": 100000,
    "interestExpense": 400000,
    "depreciationAndAmortization": 11700000,
    "ebitda": 73000000,
    "ebitdaratio": 0.1542362138,
    "operatingIncome": 68800000,
    "operatingIncomeRatio": 0.1453623495,
    "totalOtherIncomeExpensesNet": -7900000,
    "incomeBeforeTax": 60900000,
    "incomeBeforeTaxRatio": 0.1286710332,
    "incomeTaxExpense": 19700000,
    "netIncome": 39400000,
    "netIncomeRatio": 0.083245299,
    "eps": 0.41,
    "epsdiluted": 0.41,
    "weightedAverageShsOut": 96028568,
    "weightedAverageShsOutDil": 96028568,
    "link": "",
    "finalLink": ""
  },
  {
    "date": "2012-12-31",
    "symbol": "ALLE",
    "reportedCurrency": "USD",
    "cik": "0001579241",
    "fillingDate": "2012-12-31",
    "acceptedDate": "2012-12-30 19:00:00",
    "calendarYear": "2012",
    "period": "Q4",
    "revenue": 522900000,
    "costOfRevenue": 303500000,
    "grossProfit": 219400000,
    "grossProfitRatio": 0.4195830943,
    "researchAndDevelopmentExpenses": 0,
    "generalAndAdministrativeExpenses": 0,
    "sellingAndMarketingExpenses": 117300000,
    "sellingGeneralAndAdministrativeExpenses": 117300000,
    "otherExpenses": 0,
    "operatingExpenses": 117300000,
    "costAndExpenses": 420800000,
    "interestIncome": 200000,
    "interestExpense": 300000,
    "depreciationAndAmortization": 11200000,
    "ebitda": 112700000,
    "ebitdaratio": 0.2155287818,
    "operatingIncome": 102100000,
    "operatingIncomeRatio": 0.1952572194,
    "totalOtherIncomeExpensesNet": -900000,
    "incomeBeforeTax": 101200000,
    "incomeBeforeTaxRatio": 0.193536049,
    "incomeTaxExpense": 37500000,
    "netIncome": 59200000,
    "netIncomeRatio": 0.1132147638,
    "eps": 0.62,
    "epsdiluted": 0.62,
    "weightedAverageShsOut": 96000051,
    "weightedAverageShsOutDil": 96028568,
    "link": "",
    "finalLink": ""
  }
]