[
  {
    "date": "2025-07-27",
    "symbol": "AMAT",
    "reportedCurrency": "USD",
    "cik": "0000006951",
    "fillingDate": "2025-08-21",
    "acceptedDate": "2025-08-21 16:02:16",
    "calendarYear": "2025",
    "period": "Q3",
    "revenue": 7302000000,
    "costOfRevenue": 3740000000,
    "grossProfit": 3562000000,
    "grossProfitRatio": 0.4878115585,
    "researchAndDevelopmentExpenses": 901000000,
    "generalAndAdministrativeExpenses": 204000000,
    "sellingAndMarketingExpenses": 224000000,
    "sellingGeneralAndAdministrativeExpenses": 428000000,
    "otherExpenses": 0,
    "operatingExpenses": 1329000000,
    "costAndExpenses": 5069000000,
    "interestIncome": 8000000,
    "interestExpense": 66000000,
    "depreciationAndAmortization": -208000000,
    "ebitda": 2421000000,
    "ebitdaratio": 0.3315529992,
    "operatingIncome": 2233000000,
    "operatingIncomeRatio": 0.3058066283,
    "totalOtherIncomeExpensesNet": 330000000,
    "incomeBeforeTax": 2563000000,
    "incomeBeforeTaxRatio": 0.3509997261,
    "incomeTaxExpense": 784000000,
    "netIncome": 1779000000,
    "netIncomeRatio": 0.2436318817,
    "eps": 2.22,
    "epsdiluted": 2.21,
    "weightedAverageShsOut": 807000000,
    "weightedAverageShsOutDil": 811000000,
    "link": "https://www.sec.gov/Archives/edgar/data/6951/000000695125000037/0000006951-25-000037-index.htm",
    "finalLink": "https://www.sec.gov/Archives/edgar/data/6951/000000695125000037/amat-20250727.htm"
  },
  {
    "date": "2025-04-27",
    "symbol": "AMAT",
    "reportedCurrency": "USD",
    "cik": "0000006951",
    "fillingDate": "2025-05-22",
    "acceptedDate": "2025-05-22 16:02:01",
    "calendarYear": "2025",
    "period": "Q2",
    "revenue": 7100000000,
    "costOfRevenue": 3615000000,
    "grossProfit": 3485000000,
    "grossProfitRatio": 0.4908450704,
    "researchAndDevelopmentExpenses": 893000000,
    "generalAndAdministrativeExpenses": 207000000,
    "sellingAndMarketingExpenses": 216000000,
    "sellingGeneralAndAdministrativeExpenses": 423000000,
    "otherExpenses": 0,
    "operatingExpenses": 1316000000,
    "costAndExpenses": 4931000000,
    "interestIncome": 221000000,
    "interestExpense": 68000000,
    "depreciationAndAmortization": 103000000,
    "ebitda": 2493000000,
    "ebitdaratio": 0.3511267606,
    "operatingIncome": 2169000000,
    "operatingIncomeRatio": 0.3054929577,
    "totalOtherIncomeExpensesNet": 153000000,
    "incomeBeforeTax": 2322000000,
    "incomeBeforeTaxRatio": 0.3270422535,
    "incomeTaxExpense": 185000000,
    "netIncome": 2137000000,
    "netIncomeRatio": 0.3009859155,
    "eps": 2.64,
    "epsdiluted": 2.63,
    "weightedAverageShsOut": 811000000,
    "weightedAverageShsOutDil": 815000000,
    "link": "https://www.sec.gov/Archives/edgar/data/6951/000000695125000024/0000006951-25-000024-index.htm",
    "finalLink": "https://www.sec.gov/Archives/edgar/data/6951/000000695125000024/amat-20250427.htm"
  },
  {
    "date": "2025-01-26",
    "symbol": "AMAT",
    "reportedCurrency": "USD",
    "cik": "0000006951",
    "fillingDate": "2025-02-20",
    "acceptedDate": "2025-02-20 16:02:43",
    "calendarYear": "2025",
    "period": "Q1",
    "revenue": 7166000000,
    "costOfRevenue": 3670000000,
    "grossProfit": 3496000000,
    "grossProfitRatio": 0.4878593358,
    "researchAndDevelopmentExpenses": 859000000,
    "generalAndAdministrativeExpenses": 256000000,
    "sellingAndMarketingExpenses": 206000000,
    "sellingGeneralAndAdministrativeExpenses": 462000000,
    "otherExpenses": 0,
    "operatingExpenses": 1321000000,
    "costAndExpenses": 4991000000,
    "interestIncome": 8000000,
    "interestExpense": 64000000,
    "depreciationAndAmortization": 105000000,
    "ebitda": 2288000000,
    "ebitdaratio": 0.3192855149,
    "operatingIncome": 2175000000,
    "operatingIncomeRatio": 0.3035166062,
    "totalOtherIncomeExpensesNet": -56000000,
    "incomeBeforeTax": 2119000000,
    "incomeBeforeTaxRatio": 0.2957019258,
    "incomeTaxExpense": 934000000,
    "netIncome": 1185000000,
    "netIncomeRatio": 0.1653642199,
    "eps": 1.46,
    "epsdiluted": 1.45,
    "weightedAverageShsOut": 814000000,
    "weightedAverageShsOutDil": 819000000,
    "link": "https://www.sec.gov/Archives/edgar/data/6951/000000695125000011/0000006951-25-000011-index.htm",
    "finalLink": "https://www.sec.gov/Archives/edgar/data/6951/000000695125000011/amat-20250126.htm"
  },
  {
    "date": "2024-10-27",
    "symbol": "AMAT",
    "reportedCurrency": "USD",
    "cik": "0000006951",
    "fillingDate": "2024-12-13",
    "acceptedDate": "2024-12-13 16:01:17",
    "calendarYear": "2024",
    "period": "Q4",
    "revenue": 7045000000,
    "costOfRevenue": 3710000000,
    "grossProfit": 3335000000,
    "grossProfitRatio": 0.4733853797,
    "researchAndDevelopmentExpenses": 858000000,
    "generalAndAdministrativeExpenses": 216000000,
    "sellingAndMarketingExpenses": 215000000,
    "sellingGeneralAndAdministrativeExpenses": 431000000,
    "otherExpenses": 0,
    "operatingExpenses": 1289000000,
    "costAndExpenses": 4999000000,
    "interestIncome": -85000000,
    "interestExpense": 66000000,
    "depreciationAndAmortization": 110000000,
    "ebitda": 2071000000,
    "ebitdaratio": 0.2939673527,
    "operatingIncome": 2046000000,
    "operatingIncomeRatio": 0.2904187367,
    "totalOtherIncomeExpensesNet": -151000000,
    "incomeBeforeTax": 1895000000,
    "incomeBeforeTaxRatio": 0.2689850958,
    "incomeTaxExpense": 164000000,
    "netIncome": 1731000000,
    "netIncomeRatio": 0.2457061746,
    "eps": 2.11,
    "epsdiluted": 2.09,
    "weightedAverageShsOut": 822000000,
    "weightedAverageShsOutDil": 828000000,
    "link": "https://www.sec.gov/Archives/edgar/data/6951/000000695124000044/0000006951-24-000044-index.htm",
    "finalLink": "https://www.sec.gov/Archives/edgar/data/6951/000000695124000044/amat-20241027.htm"
  },
  {
    "date": "2024-07-28",
    "symbol": "AMAT",
    "reportedCurrency": "USD",
    "cik": "0000006951",
    "fillingDate": "2024-08-22",
    "acceptedDate": "2024-08-22 16:01:13",
    "calendarYear": "2024",
    "period": "Q3",
    "revenue": 6778000000,
    "costOfRevenue": 3573000000,
    "grossProfit": 3205000000,
    "grossProfitRatio": 0.4728533491,
    "researchAndDevelopmentExpenses": 836000000,
    "generalAndAdministrativeExpenses": 222000000,
    "sellingAndMarketingExpenses": 205000000,
    "sellingGeneralAndAdministrativeExpenses": 427000000,
    "otherExpenses": 0,
    "operatingExpenses": 1263000000,
    "costAndExpenses": 4836000000,
    "interestIncome": 81000000,
    "interestExpense": 63000000,
    "depreciationAndAmortization": 95000000,
    "ebitda": 2115000000,
    "ebitdaratio": 0.3120389495,
    "operatingIncome": 1942000000,
    "operatingIncomeRatio": 0.2865151962,
    "totalOtherIncomeExpensesNet": 18000000,
    "incomeBeforeTax": 1960000000,
    "incomeBeforeTaxRatio": 0.2891708469,
    "incomeTaxExpense": 255000000,
    "netIncome": 1705000000,
    "netIncomeRatio": 0.2515491295,
    "eps": 2.06,
    "epsdiluted": 2.05,
    "weightedAverageShsOut": 826000000,
    "weightedAverageShsOutDil": 833000000,
    "link": "https://www.sec.gov/Archives/edgar/data/6951/000000695124000032/0000006951-24-000032-index.htm",
    "finalLink": "https://www.sec.gov/Archives/edgar/data/6951/000000695124000032/amat-20240728.htm"
  },
  {
    "date": "2024-04-28",
    "symbol": "AMAT",
    "reportedCurrency": "USD",
    "cik": "0000006951",
    "fillingDate": "2024-05-23",
    "acceptedDate": "2024-05-23 16:01:55",
    "calendarYear": "2024",
    "period": "Q2",
    "revenue": 6646000000,
    "costOfRevenue": 3493000000,
    "grossProfit": 3153000000,
    "grossProfitRatio": 0.4744207042,
    "researchAndDevelopmentExpenses": 785000000,
    "generalAndAdministrativeExpenses": 247000000,
    "sellingAndMarketingExpenses": 209000000,
    "sellingGeneralAndAdministrativeExpenses": 456000000,
    "otherExpenses": 0,
    "operatingExpenses": 1241000000,
    "costAndExpenses": 4734000000,
    "interestIncome": 141000000,
    "interestExpense": 59000000,
    "depreciationAndAmortization": 96000000,
    "ebitda": 2146000000,
    "ebitdaratio": 0.3229009931,
    "operatingIncome": 1912000000,
    "operatingIncomeRatio": 0.2876918447,
    "totalOtherIncomeExpensesNet": 82000000,
    "incomeBeforeTax": 1994000000,
    "incomeBeforeTaxRatio": 0.3000300933,
    "incomeTaxExpense": 272000000,
    "netIncome": 1722000000,
    "netIncomeRatio": 0.25910322,
    "eps": 2.07,
    "epsdiluted": 2.06,
    "weightedAverageShsOut": 830000000,
    "weightedAverageShsOutDil": 836000000,
    "link": "https://www.sec.gov/Archives/edgar/data/6951/000000695124000022/0000006951-24-000022-index.htm",
    "finalLink": "https://www.sec.gov/Archives/edgar/data/6951/000000695124000022/amat-20240428.htm"
  },
  {
    "date": "2024-01-28",
    "symbol": "AMAT",
    "reportedCurrency": "USD",
    "cik": "0000006951",
    "fillingDate": "2024-02-27",
    "acceptedDate": "2024-02-27 16:02:34",
    "calendarYear": "2024",
    "period": "Q1",
    "revenue": 6707000000,
    "costOfRevenue": 3503000000,
    "grossProfit": 3204000000,
    "grossProfitRatio": 0.4777098554,
    "researchAndDevelopmentExpenses": 754000000,
    "generalAndAdministrativeExpenses": 276000000,
    "sellingAndMarketingExpenses": 207000000,
    "sellingGeneralAndAdministrativeExpenses": 483000000,
    "otherExpenses": 0,
    "operatingExpenses": 1237000000,
    "costAndExpenses": 4740000000,
    "interestIncome": 395000000,
    "interestExpense": 59000000,
    "depreciationAndAmortization": 91000000,
    "ebitda": 2453000000,
    "ebitdaratio": 0.3657372894,
    "operatingIncome": 1967000000,
    "operatingIncomeRatio": 0.2932756821,
    "totalOtherIncomeExpensesNet": 336000000,
    "incomeBeforeTax": 2303000000,
    "incomeBeforeTaxRatio": 0.3433725958,
    "incomeTaxExpense": 284000000,
    "netIncome": 2019000000,
    "netIncomeRatio": 0.3010287759,
    "eps": 2.43,
    "epsdiluted": 2.41,
    "weightedAverageShsOut": 831000000,
    "weightedAverageShsOutDil": 837000000,
    "link": "https://www.sec.gov/Archives/edgar/data/6951/000000695124000012/0000006951-24-000012-index.htm",
    "finalLink": "https://www.sec.gov/Archives/edgar/data/6951/000000695124000012/amat-20240128.htm"
  },
  {
    "date": "2023-10-31",
    "symbol": "AMAT",
    "reportedCurrency": "USD",
    "cik": "0000006951",
    "fillingDate": "2023-10-31",
    "acceptedDate": "2023-10-31 00:00:00",
    "calendarYear": "2023",
    "period": "Q3",
    "revenue": 6723000000,
    "costOfRevenue": 3554000000,
    "grossProfit": 3169000000,
    "grossProfitRatio": 0.4713669493,
    "researchAndDevelopmentExpenses": 789000000,
    "generalAndAdministrativeExpenses": 217000000,
    "sellingAndMarketingExpenses": 192000000,
    "sellingGeneralAndAdministrativeExpenses": 409000000,
    "otherExpenses": 0,
    "operatingExpenses": 1198000000,
    "costAndExpenses": 4752000000,
    "interestIncome": 259000000,
    "interestExpense": 58000000,
    "depreciationAndAmortization": 130000000,
    "ebitda": 2360000000,
    "ebitdaratio": 0.3510337647,
    "operatingIncome": 1971000000,
    "operatingIncomeRatio": 0.2931726908,
    "totalOtherIncomeExpensesNet": 201000000,
    "incomeBeforeTax": 2172000000,
    "incomeBeforeTaxRatio": 0.323070058,
    "incomeTaxExpense": 168000000,
    "netIncome": 2004000000,
    "netIncomeRatio": 0.2980812137,
    "eps": 2.4,
    "epsdiluted": 2.38,
    "weightedAverageShsOut": 836000000,
    "weightedAverageShsOutDil": 842000000,
    "link": null,
    "finalLink": null
  },
  {
    "date": "2023-10-29",
    "symbol": "AMAT",
    "reportedCurrency": "USD",
    "cik": "0000006951",
    "fillingDate": "2023-12-15",
    "acceptedDate": "2023-12-15 16:01:24",
    "calendarYear": "2023",
    "period": "Q4",
    "revenue": 6723000000,
    "costOfRevenue": 3554000000,
    "grossProfit": 3169000000,
    "grossProfitRatio": 0.4713669493,
    "researchAndDevelopmentExpenses": 789000000,
    "generalAndAdministrativeExpenses": 217000000,
    "sellingAndMarketingExpenses": 192000000,
    "sellingGeneralAndAdministrativeExpenses": 409000000,
    "otherExpenses": 0,
    "operatingExpenses": 1198000000,
    "costAndExpenses": 4752000000,
    "interestIncome": 259000000,
    "interestExpense": 58000000,
    "depreciationAndAmortization": 130000000,
    "ebitda": 2360000000,
    "ebitdaratio": 0.3510337647,
    "operatingIncome": 1971000000,
    "operatingIncomeRatio": 0.2931726908,
    "totalOtherIncomeExpensesNet": 201000000,
    "incomeBeforeTax": 2172000000,
    "incomeBeforeTaxRatio": 0.323070058,
    "incomeTaxExpense": 168000000,
    "netIncome": 2004000000,
    "netIncomeRatio": 0.2980812137,
    "eps": 2.4,
    "epsdiluted": 2.38,
    "weightedAverageShsOut": 836000000,
    "weightedAverageShsOutDil": 842000000,
    "link": "https://www.sec.gov/Archives/edgar/data/6951/000000695123000041/0000006951-23-000041-index.htm",
    "finalLink": "https://www.sec.gov/Archives/edgar/data/6951/000000695123000041/amat-20231029.htm"
  },
  {
    "date": "2023-04-30",
    "symbol": "AMAT",
    "reportedCurrency": "USD",
    "cik": "0000006951",
    "fillingDate": "2023-05-26",
    "acceptedDate": "2023-05-26 08:38:47",
    "calendarYear": "2023",
    "period": "Q2",
    "revenue": 6630000000,
    "costOfRevenue": 3536000000,
    "grossProfit": 3094000000,
    "grossProfitRatio": 0.4666666667,
    "researchAndDevelopmentExpenses": 775000000,
    "generalAndAdministrativeExpenses": 214000000,
    "sellingAndMarketingExpenses": 194000000,
    "sellingGeneralAndAdministrativeExpenses": 408000000,
    "otherExpenses": 0,
    "operatingExpenses": 1183000000,
    "costAndExpenses": 4719000000,
    "interestIncome": -73000000,
    "interestExpense": 61000000,
    "depreciationAndAmortization": 129000000,
    "ebitda": 2040000000,
    "ebitdaratio": 0.3076923077,
    "operatingIncome": 1911000000,
    "operatingIncomeRatio": 0.2882352941,
    "totalOtherIncomeExpensesNet": -134000000,
    "incomeBeforeTax": 1777000000,
    "incomeBeforeTaxRatio": 0.2680241327,
    "incomeTaxExpense": 202000000,
    "netIncome": 1575000000,
    "netIncomeRatio": 0.2375565611,
    "eps": 1.87,
    "epsdiluted": 1.86,
    "weightedAverageShsOut": 843000000,
    "weightedAverageShsOutDil": 847000000,
    "link": "https://www.sec.gov/Archives/edgar/data/6951/000000695123000022/0000006951-23-000022-index.htm",
    "finalLink": "https://www.sec.gov/Archives/edgar/data/6951/000000695123000022/amat-20230430.htm"
  },
  {
    "date": "2023-01-29",
    "symbol": "AMAT",
    "reportedCurrency": "USD",
    "cik": "0000006951",
    "fillingDate": "2023-02-23",
    "acceptedDate": "2023-02-23 16:01:44",
    "calendarYear": "2023",
    "period": "Q1",
    "revenue": 6739000000,
    "costOfRevenue": 3594000000,
    "grossProfit": 3145000000,
    "grossProfitRatio": 0.466686452,
    "researchAndDevelopmentExpenses": 771000000,
    "generalAndAdministrativeExpenses": 207000000,
    "sellingAndMarketingExpenses": 197000000,
    "sellingGeneralAndAdministrativeExpenses": 404000000,
    "otherExpenses": 0,
    "operatingExpenses": 1175000000,
    "costAndExpenses": 4769000000,
    "interestIncome": 50000000,
    "interestExpense": 59000000,
    "depreciationAndAmortization": 120000000,
    "ebitda": 2140000000,
    "ebitdaratio": 0.3175545333,
    "operatingIncome": 1970000000,
    "operatingIncomeRatio": 0.2923282386,
    "totalOtherIncomeExpensesNet": -9000000,
    "incomeBeforeTax": 1961000000,
    "incomeBeforeTaxRatio": 0.2909927289,
    "incomeTaxExpense": 244000000,
    "netIncome": 1717000000,
    "netIncomeRatio": 0.2547855765,
    "eps": 2.03,
    "epsdiluted": 2.02,
    "weightedAverageShsOut": 845000000,
    "weightedAverageShsOutDil": 849000000,
    "link": "https://www.sec.gov/Archives/edgar/data/6951/000000695123000012/0000006951-23-000012-index.htm",
    "finalLink": "https://www.sec.gov/Archives/edgar/data/6951/000000695123000012/amat-20230129.htm"
  },
  {
    "date": "2022-10-30",
    "symbol": "AMAT",
    "reportedCurrency": "USD",
    "cik": "0000006951",
    "fillingDate": "2022-12-16",
    "acceptedDate": "2022-12-16 16:50:05",
    "calendarYear": "2022",
    "period": "Q4",
    "revenue": 6749000000,
    "costOfRevenue": 3648000000,
    "grossProfit": 3101000000,
    "grossProfitRatio": 0.4594754778,
    "researchAndDevelopmentExpenses": 726000000,
    "generalAndAdministrativeExpenses": 198000000,
    "sellingAndMarketingExpenses": 183000000,
    "sellingGeneralAndAdministrativeExpenses": 381000000,
    "otherExpenses": 0,
    "operatingExpenses": 1107000000,
    "costAndExpenses": 4755000000,
    "interestIncome": 12000000,
    "interestExpense": 57000000,
    "depreciationAndAmortization": 123000000,
    "ebitda": 2117000000,
    "ebitdaratio": 0.3136761002,
    "operatingIncome": 1994000000,
    "operatingIncomeRatio": 0.295451178,
    "totalOtherIncomeExpensesNet": -45000000,
    "incomeBeforeTax": 1949000000,
    "incomeBeforeTaxRatio": 0.2887835235,
    "incomeTaxExpense": 358000000,
    "netIncome": 1591000000,
    "netIncomeRatio": 0.2357386279,
    "eps": 1.86,
    "epsdiluted": 1.85,
    "weightedAverageShsOut": 854000000,
    "weightedAverageShsOutDil": 859000000,
    "link": "https://www.sec.gov/Archives/edgar/data/6951/000000695122000043/0000006951-22-000043-index.htm",
    "finalLink": "https://www.sec.gov/Archives/edgar/data/6951/000000695122000043/amat-20221030.htm"
  },
  {
    "date": "2022-07-31",
    "symbol": "AMAT",
    "reportedCurrency": "USD",
    "cik": "0000006951",
    "fillingDate": "2022-08-25",
    "acceptedDate": "2022-08-25 16:03:20",
    "calendarYear": "2022",
    "period": "Q3",
    "revenue": 6520000000,
    "costOfRevenue": 3514000000,
    "grossProfit": 3006000000,
    "grossProfitRatio": 0.4610429448,
    "researchAndDevelopmentExpenses": 705000000,
    "generalAndAdministrativeExpenses": 197000000,
    "sellingAndMarketingExpenses": 180000000,
    "sellingGeneralAndAdministrativeExpenses": 377000000,
    "otherExpenses": 0,
    "operatingExpenses": 1082000000,
    "costAndExpenses": 4596000000,
    "interestIncome": 0,
    "interestExpense": 63000000,
    "depreciationAndAmortization": 108000000,
    "ebitda": 2032000000,
    "ebitdaratio": 0.3116564417,
    "operatingIncome": 1924000000,
    "operatingIncomeRatio": 0.2950920245,
    "totalOtherIncomeExpensesNet": -63000000,
    "incomeBeforeTax": 1861000000,
    "incomeBeforeTaxRatio": 0.2854294479,
    "incomeTaxExpense": 255000000,
    "netIncome": 1606000000,
    "netIncomeRatio": 0.2463190184,
    "eps": 1.86,
    "epsdiluted": 1.85,
    "weightedAverageShsOut": 864000000,
    "weightedAverageShsOutDil": 869000000,
    "link": "https://www.sec.gov/Archives/edgar/data/6951/000000695122000032/0000006951-22-000032-index.htm",
    "finalLink": "https://www.sec.gov/Archives/edgar/data/6951/000000695122000032/amat-20220731.htm"
  },
  {
    "date": "2022-05-01",
    "symbol": "AMAT",
    "reportedCurrency": "USD",
    "cik": "0000006951",
    "fillingDate": "2022-05-26",
    "acceptedDate": "2022-05-26 16:01:10",
    "calendarYear": "2022",
    "period": "Q2",
    "revenue": 6245000000,
    "costOfRevenue": 3318000000,
    "grossProfit": 2927000000,
    "grossProfitRatio": 0.468694956,
    "researchAndDevelopmentExpenses": 686000000,
    "generalAndAdministrativeExpenses": 174000000,
    "sellingAndMarketingExpenses": 173000000,
    "sellingGeneralAndAdministrativeExpenses": 347000000,
    "otherExpenses": 0,
    "operatingExpenses": 1033000000,
    "costAndExpenses": 4351000000,
    "interestIncome": 28000000,
    "interestExpense": 58000000,
    "depreciationAndAmortization": 111000000,
    "ebitda": 2030000000,
    "ebitdaratio": 0.325060048,
    "operatingIncome": 1894000000,
    "operatingIncomeRatio": 0.3032826261,
    "totalOtherIncomeExpensesNet": -30000000,
    "incomeBeforeTax": 1864000000,
    "incomeBeforeTaxRatio": 0.298478783,
    "incomeTaxExpense": 328000000,
    "netIncome": 1536000000,
    "netIncomeRatio": 0.2459567654,
    "eps": 1.75,
    "epsdiluted": 1.74,
    "weightedAverageShsOut": 878000000,
    "weightedAverageShsOutDil": 883000000,
    "link": "https://www.sec.gov/Archives/edgar/data/6951/000000695122000022/0000006951-22-000022-index.htm",
    "finalLink": "https://www.sec.gov/Archives/edgar/data/6951/000000695122000022/amat-20220501.htm"
  },
  {
    "date": "2022-01-30",
    "symbol": "AMAT",
    "reportedCurrency": "USD",
    "cik": "0000006951",
    "fillingDate": "2022-02-24",
    "acceptedDate": "2022-02-24 16:02:01",
    "calendarYear": "2022",
    "period": "Q1",
    "revenue": 6271000000,
    "costOfRevenue": 3312000000,
    "grossProfit": 2959000000,
    "grossProfitRatio": 0.4718545686,
    "researchAndDevelopmentExpenses": 654000000,
    "generalAndAdministrativeExpenses": 166000000,
    "sellingAndMarketingExpenses": 167000000,
    "sellingGeneralAndAdministrativeExpenses": 333000000,
    "otherExpenses": 0,
    "operatingExpenses": 987000000,
    "costAndExpenses": 4299000000,
    "interestIncome": 6000000,
    "interestExpense": 57000000,
    "depreciationAndAmortization": 102000000,
    "ebitda": 2074000000,
    "ebitdaratio": 0.3307287514,
    "operatingIncome": 1976000000,
    "operatingIncomeRatio": 0.3151012598,
    "totalOtherIncomeExpensesNet": -51000000,
    "incomeBeforeTax": 1925000000,
    "incomeBeforeTaxRatio": 0.3069685856,
    "incomeTaxExpense": 133000000,
    "netIncome": 1792000000,
    "netIncomeRatio": 0.2857598469,
    "eps": 2.02,
    "epsdiluted": 2,
    "weightedAverageShsOut": 889000000,
    "weightedAverageShsOutDil": 897000000,
    "link": "https://www.sec.gov/Archives/edgar/data/6951/000000695122000011/0000006951-22-000011-index.htm",
    "finalLink": "https://www.sec.gov/Archives/edgar/data/6951/000000695122000011/amat-20220130.htm"
  },
  {
    "date": "2021-10-31",
    "symbol": "AMAT",
    "reportedCurrency": "USD",
    "cik": "0000006951",
    "fillingDate": "2021-12-17",
    "acceptedDate": "2021-12-17 16:14:51",
    "calendarYear": "2021",
    "period": "Q4",
    "revenue": 6123000000,
    "costOfRevenue": 3178000000,
    "grossProfit": 2945000000,
    "grossProfitRatio": 0.4809733791,
    "researchAndDevelopmentExpenses": 622000000,
    "generalAndAdministrativeExpenses": 155000000,
    "sellingAndMarketingExpenses": 155000000,
    "sellingGeneralAndAdministrativeExpenses": 310000000,
    "otherExpenses": 0,
    "operatingExpenses": 932000000,
    "costAndExpenses": 4110000000,
    "interestIncome": 49000000,
    "interestExpense": 57000000,
    "depreciationAndAmortization": 105000000,
    "ebitda": 2168000000,
    "ebitdaratio": 0.3540747999,
    "operatingIncome": 2014000000,
    "operatingIncomeRatio": 0.3289237302,
    "totalOtherIncomeExpensesNet": -8000000,
    "incomeBeforeTax": 2006000000,
    "incomeBeforeTaxRatio": 0.3276171811,
    "incomeTaxExpense": 294000000,
    "netIncome": 1712000000,
    "netIncomeRatio": 0.2796015025,
    "eps": 1.91,
    "epsdiluted": 1.89,
    "weightedAverageShsOut": 898000000,
    "weightedAverageShsOutDil": 907000000,
    "link": "https://www.sec.gov/Archives/edgar/data/6951/000000695121000043/0000006951-21-000043-index.htm",
    "finalLink": "https://www.sec.gov/Archives/edgar/data/6951/000000695121000043/amat-20211031.htm"
  },
  {
    "date": "2021-08-01",
    "symbol": "AMAT",
    "reportedCurrency": "USD",
    "cik": "0000006951",
    "fillingDate": "2021-08-26",
    "acceptedDate": "2021-08-26 16:03:42",
    "calendarYear": "2021",
    "period": "Q3",
    "revenue": 6196000000,
    "costOfRevenue": 3229000000,
    "grossProfit": 2967000000,
    "grossProfitRatio": 0.4788573273,
    "researchAndDevelopmentExpenses": 640000000,
    "generalAndAdministrativeExpenses": 155000000,
    "sellingAndMarketingExpenses": 159000000,
    "sellingGeneralAndAdministrativeExpenses": 314000000,
    "otherExpenses": 0,
    "operatingExpenses": 954000000,
    "costAndExpenses": 4183000000,
    "interestIncome": 24000000,
    "interestExpense": 57000000,
    "depreciationAndAmortization": 98000000,
    "ebitda": 2135000000,
    "ebitdaratio": 0.3445771465,
    "operatingIncome": 2013000000,
    "operatingIncomeRatio": 0.3248870239,
    "totalOtherIncomeExpensesNet": -33000000,
    "incomeBeforeTax": 1980000000,
    "incomeBeforeTaxRatio": 0.3195610071,
    "incomeTaxExpense": 264000000,
    "netIncome": 1716000000,
    "netIncomeRatio": 0.2769528728,
    "eps": 1.89,
    "epsdiluted": 1.87,
    "weightedAverageShsOut": 908000000,
    "weightedAverageShsOutDil": 918000000,
    "link": "https://www.sec.gov/Archives/edgar/data/6951/000000695121000034/0000006951-21-000034-index.htm",
    "finalLink": "https://www.sec.gov/Archives/edgar/data/6951/000000695121000034/amat-20210801.htm"
  },
  {
    "date": "2021-05-02",
    "symbol": "AMAT",
    "reportedCurrency": "USD",
    "cik": "0000006951",
    "fillingDate": "2021-05-27",
    "acceptedDate": "2021-05-27 15:41:43",
    "calendarYear": "2021",
    "period": "Q2",
    "revenue": 5582000000,
    "costOfRevenue": 2929000000,
    "grossProfit": 2653000000,
    "grossProfitRatio": 0.4752776783,
    "researchAndDevelopmentExpenses": 617000000,
    "generalAndAdministrativeExpenses": 149000000,
    "sellingAndMarketingExpenses": 148000000,
    "sellingGeneralAndAdministrativeExpenses": 297000000,
    "otherExpenses": 160000000,
    "operatingExpenses": 1074000000,
    "costAndExpenses": 4003000000,
    "interestIncome": 27000000,
    "interestExpense": 61000000,
    "depreciationAndAmortization": 97000000,
    "ebitda": 1700000000,
    "ebitdaratio": 0.3045503404,
    "operatingIncome": 1579000000,
    "operatingIncomeRatio": 0.282873522,
    "totalOtherIncomeExpensesNet": -34000000,
    "incomeBeforeTax": 1545000000,
    "incomeBeforeTaxRatio": 0.2767825152,
    "incomeTaxExpense": 215000000,
    "netIncome": 1330000000,
    "netIncomeRatio": 0.2382658545,
    "eps": 1.45,
    "epsdiluted": 1.43,
    "weightedAverageShsOut": 918000000,
    "weightedAverageShsOutDil": 927000000,
    "link": "https://www.sec.gov/Archives/edgar/data/6951/000000695121000023/0000006951-21-000023-index.htm",
    "finalLink": "https://www.sec.gov/Archives/edgar/data/6951/000000695121000023/amat-20210502.htm"
  },
  {
    "date": "2021-01-31",
    "symbol": "AMAT",
    "reportedCurrency": "USD",
    "cik": "0000006951",
    "fillingDate": "2021-02-25",
    "acceptedDate": "2021-02-25 15:51:16",
    "calendarYear": "2021",
    "period": "Q1",
    "revenue": 5162000000,
    "costOfRevenue": 2813000000,
    "grossProfit": 2349000000,
    "grossProfitRatio": 0.4550561798,
    "researchAndDevelopmentExpenses": 606000000,
    "generalAndAdministrativeExpenses": 161000000,
    "sellingAndMarketingExpenses": 147000000,
    "sellingGeneralAndAdministrativeExpenses": 308000000,
    "otherExpenses": 151000000,
    "operatingExpenses": 1065000000,
    "costAndExpenses": 3879000000,
    "interestIncome": 18000000,
    "interestExpense": 61000000,
    "depreciationAndAmortization": 94000000,
    "ebitda": 1392000000,
    "ebitdaratio": 0.2696629213,
    "operatingIncome": 1283000000,
    "operatingIncomeRatio": 0.2485470748,
    "totalOtherIncomeExpensesNet": -43000000,
    "incomeBeforeTax": 1240000000,
    "incomeBeforeTaxRatio": 0.2402169702,
    "incomeTaxExpense": 110000000,
    "netIncome": 1130000000,
    "netIncomeRatio": 0.2189074002,
    "eps": 1.23,
    "epsdiluted": 1.22,
    "weightedAverageShsOut": 915000000,
    "weightedAverageShsOutDil": 925000000,
    "link": "https://www.sec.gov/Archives/edgar/data/6951/000000695121000013/0000006951-21-000013-index.htm",
    "finalLink": "https://www.sec.gov/Archives/edgar/data/6951/000000695121000013/amat-20210131.htm"
  },
  {
    "date": "2020-10-25",
    "symbol": "AMAT",
    "reportedCurrency": "USD",
    "cik": "0000006951",
    "fillingDate": "2020-12-11",
    "acceptedDate": "2020-12-11 15:52:08",
    "calendarYear": "2020",
    "period": "Q4",
    "revenue": 4688000000,
    "costOfRevenue": 2558000000,
    "grossProfit": 2130000000,
    "grossProfitRatio": 0.4543515358,
    "researchAndDevelopmentExpenses": 560000000,
    "generalAndAdministrativeExpenses": 156000000,
    "sellingAndMarketingExpenses": 131000000,
    "sellingGeneralAndAdministrativeExpenses": 287000000,
    "otherExpenses": 0,
    "operatingExpenses": 847000000,
    "costAndExpenses": 3405000000,
    "interestIncome": 19000000,
    "interestExpense": 59000000,
    "depreciationAndAmortization": 97000000,
    "ebitda": 1399000000,
    "ebitdaratio": 0.2984215017,
    "operatingIncome": 1283000000,
    "operatingIncomeRatio": 0.2736774744,
    "totalOtherIncomeExpensesNet": -40000000,
    "incomeBeforeTax": 1243000000,
    "incomeBeforeTaxRatio": 0.2651450512,
    "incomeTaxExpense": 112000000,
    "netIncome": 1131000000,
    "netIncomeRatio": 0.2412542662,
    "eps": 1.24,
    "epsdiluted": 1.23,
    "weightedAverageShsOut": 914000000,
    "weightedAverageShsOutDil": 921000000,
    "link": "https://www.sec.gov/Archives/edgar/data/6951/000000695120000048/0000006951-20-000048-index.htm",
    "finalLink": "https://www.sec.gov/Archives/edgar/data/6951/000000695120000048/amat-20201025.htm"
  },
  {
    "date": "2020-07-26",
    "symbol": "AMAT",
    "reportedCurrency": "USD",
    "cik": "0000006951",
    "fillingDate": "2020-08-20",
    "acceptedDate": "2020-08-20 17:08:06",
    "calendarYear": "2020",
    "period": "Q3",
    "revenue": 4395000000,
    "costOfRevenue": 2440000000,
    "grossProfit": 1955000000,
    "grossProfitRatio": 0.4448236633,
    "researchAndDevelopmentExpenses": 572000000,
    "generalAndAdministrativeExpenses": 145000000,
    "sellingAndMarketingExpenses": 130000000,
    "sellingGeneralAndAdministrativeExpenses": 275000000,
    "otherExpenses": 0,
    "operatingExpenses": 847000000,
    "costAndExpenses": 3287000000,
    "interestIncome": -7000000,
    "interestExpense": 61000000,
    "depreciationAndAmortization": 94000000,
    "ebitda": 1202000000,
    "ebitdaratio": 0.2734926052,
    "operatingIncome": 1108000000,
    "operatingIncomeRatio": 0.2521046644,
    "totalOtherIncomeExpensesNet": -68000000,
    "incomeBeforeTax": 1040000000,
    "incomeBeforeTaxRatio": 0.236632537,
    "incomeTaxExpense": 199000000,
    "netIncome": 841000000,
    "netIncomeRatio": 0.1913538111,
    "eps": 0.92,
    "epsdiluted": 0.91,
    "weightedAverageShsOut": 915000000,
    "weightedAverageShsOutDil": 922000000,
    "link": "https://www.sec.gov/Archives/edgar/data/6951/000000695120000037/0000006951-20-000037-index.htm",
    "finalLink": "https://www.sec.gov/Archives/edgar/data/6951/000000695120000037/amat-20200726.htm"
  },
  {
    "date": "2020-04-26",
    "symbol": "AMAT",
    "reportedCurrency": "USD",
    "cik": "0000006951",
    "fillingDate": "2020-05-21",
    "acceptedDate": "2020-05-21 16:06:27",
    "calendarYear": "2020",
    "period": "Q2",
    "revenue": 3957000000,
    "costOfRevenue": 2208000000,
    "grossProfit": 1749000000,
    "grossProfitRatio": 0.4420015163,
    "researchAndDevelopmentExpenses": 550000000,
    "generalAndAdministrativeExpenses": 137000000,
    "sellingAndMarketingExpenses": 130000000,
    "sellingGeneralAndAdministrativeExpenses": 267000000,
    "otherExpenses": 0,
    "operatingExpenses": 817000000,
    "costAndExpenses": 3025000000,
    "interestIncome": 7000000,
    "interestExpense": 61000000,
    "depreciationAndAmortization": 91000000,
    "ebitda": 1030000000,
    "ebitdaratio": 0.2602982057,
    "operatingIncome": 932000000,
    "operatingIncomeRatio": 0.2355319687,
    "totalOtherIncomeExpensesNet": -54000000,
    "incomeBeforeTax": 878000000,
    "incomeBeforeTaxRatio": 0.2218852666,
    "incomeTaxExpense": 123000000,
    "netIncome": 755000000,
    "netIncomeRatio": 0.190801112,
    "eps": 0.82,
    "epsdiluted": 0.82,
    "weightedAverageShsOut": 917000000,
    "weightedAverageShsOutDil": 923000000,
    "link": "https://www.sec.gov/Archives/edgar/data/6951/000000695120000028/0000006951-20-000028-index.htm",
    "finalLink": "https://www.sec.gov/Archives/edgar/data/6951/000000695120000028/amat-20200426.htm"
  },
  {
    "date": "2020-01-26",
    "symbol": "AMAT",
    "reportedCurrency": "USD",
    "cik": "0000006951",
    "fillingDate": "2020-02-20",
    "acceptedDate": "2020-02-20 15:51:00",
    "calendarYear": "2020",
    "period": "Q1",
    "revenue": 4162000000,
    "costOfRevenue": 2304000000,
    "grossProfit": 1858000000,
    "grossProfitRatio": 0.4464199904,
    "researchAndDevelopmentExpenses": 552000000,
    "generalAndAdministrativeExpenses": 129000000,
    "sellingAndMarketingExpenses": 135000000,
    "sellingGeneralAndAdministrativeExpenses": 264000000,
    "otherExpenses": 0,
    "operatingExpenses": 816000000,
    "costAndExpenses": 3120000000,
    "interestIncome": 22000000,
    "interestExpense": 59000000,
    "depreciationAndAmortization": 94000000,
    "ebitda": 1158000000,
    "ebitdaratio": 0.2782316194,
    "operatingIncome": 1042000000,
    "operatingIncomeRatio": 0.2503604037,
    "totalOtherIncomeExpensesNet": -37000000,
    "incomeBeforeTax": 1005000000,
    "incomeBeforeTaxRatio": 0.2414704469,
    "incomeTaxExpense": 113000000,
    "netIncome": 892000000,
    "netIncomeRatio": 0.2143200384,
    "eps": 0.97,
    "epsdiluted": 0.96,
    "weightedAverageShsOut": 916000000,
    "weightedAverageShsOutDil": 927000000,
    "link": "https://www.sec.gov/Archives/edgar/data/6951/000000695120000014/0000006951-20-000014-index.htm",
    "finalLink": "https://www.sec.gov/Archives/edgar/data/6951/000000695120000014/amat-20200126.htm"
  },
  {
    "date": "2019-10-27",
    "symbol": "AMAT",
    "reportedCurrency": "USD",
    "cik": "0000006951",
    "fillingDate": "2019-12-13",
    "acceptedDate": "2019-12-13 16:07:21",
    "calendarYear": "2019",
    "period": "Q4",
    "revenue": 3754000000,
    "costOfRevenue": 2120000000,
    "grossProfit": 1634000000,
    "grossProfitRatio": 0.4352690464,
    "researchAndDevelopmentExpenses": 515000000,
    "generalAndAdministrativeExpenses": 126000000,
    "sellingAndMarketingExpenses": 129000000,
    "sellingGeneralAndAdministrativeExpenses": 255000000,
    "otherExpenses": 0,
    "operatingExpenses": 770000000,
    "costAndExpenses": 2890000000,
    "interestIncome": 35000000,
    "interestExpense": 59000000,
    "depreciationAndAmortization": 92000000,
    "ebitda": 991000000,
    "ebitdaratio": 0.2639850826,
    "operatingIncome": 864000000,
    "operatingIncomeRatio": 0.2301545019,
    "totalOtherIncomeExpensesNet": -24000000,
    "incomeBeforeTax": 840000000,
    "incomeBeforeTaxRatio": 0.2237613213,
    "incomeTaxExpense": 142000000,
    "netIncome": 698000000,
    "netIncomeRatio": 0.1859350027,
    "eps": 0.76,
    "epsdiluted": 0.75,
    "weightedAverageShsOut": 920000000,
    "weightedAverageShsOutDil": 931000000,
    "link": "https://www.sec.gov/Archives/edgar/data/6951/000000695119000046/0000006951-19-000046-index.htm",
    "finalLink": "https://www.sec.gov/Archives/edgar/data/6951/000000695119000046/amat-20191027.htm"
  },
  {
    "date": "2019-07-28",
    "symbol": "AMAT",
    "reportedCurrency": "USD",
    "cik": "0000006951",
    "fillingDate": "2019-08-22",
    "acceptedDate": "2019-08-22 15:55:25",
    "calendarYear": "2019",
    "period": "Q3",
    "revenue": 3562000000,
    "costOfRevenue": 2005000000,
    "grossProfit": 1557000000,
    "grossProfitRatio": 0.4371139809,
    "researchAndDevelopmentExpenses": 515000000,
    "generalAndAdministrativeExpenses": 112000000,
    "sellingAndMarketingExpenses": 128000000,
    "sellingGeneralAndAdministrativeExpenses": 240000000,
    "otherExpenses": 0,
    "operatingExpenses": 755000000,
    "costAndExpenses": 2760000000,
    "interestIncome": 38000000,
    "interestExpense": 58000000,
    "depreciationAndAmortization": 89000000,
    "ebitda": 928000000,
    "ebitdaratio": 0.2605277934,
    "operatingIncome": 802000000,
    "operatingIncomeRatio": 0.2251544076,
    "totalOtherIncomeExpensesNet": -20000000,
    "incomeBeforeTax": 782000000,
    "incomeBeforeTaxRatio": 0.2195395845,
    "incomeTaxExpense": 211000000,
    "netIncome": 571000000,
    "netIncomeRatio": 0.1603032004,
    "eps": 0.61,
    "epsdiluted": 0.61,
    "weightedAverageShsOut": 929000000,
    "weightedAverageShsOutDil": 937000000,
    "link": "https://www.sec.gov/Archives/edgar/data/6951/000000695119000029/0000006951-19-000029-index.htm",
    "finalLink": "https://www.sec.gov/Archives/edgar/data/6951/000000695119000029/amat0728201910-qq32019.htm"
  },
  {
    "date": "2019-04-28",
    "symbol": "AMAT",
    "reportedCurrency": "USD",
    "cik": "0000006951",
    "fillingDate": "2019-05-23",
    "acceptedDate": "2019-05-23 16:03:33",
    "calendarYear": "2019",
    "period": "Q2",
    "revenue": 3539000000,
    "costOfRevenue": 2009000000,
    "grossProfit": 1530000000,
    "grossProfitRatio": 0.4323255157,
    "researchAndDevelopmentExpenses": 508000000,
    "generalAndAdministrativeExpenses": 113000000,
    "sellingAndMarketingExpenses": 133000000,
    "sellingGeneralAndAdministrativeExpenses": 246000000,
    "otherExpenses": 0,
    "operatingExpenses": 754000000,
    "costAndExpenses": 2763000000,
    "interestIncome": 43000000,
    "interestExpense": 60000000,
    "depreciationAndAmortization": 94000000,
    "ebitda": 911000000,
    "ebitdaratio": 0.2574173495,
    "operatingIncome": 776000000,
    "operatingIncomeRatio": 0.2192709805,
    "totalOtherIncomeExpensesNet": -17000000,
    "incomeBeforeTax": 759000000,
    "incomeBeforeTaxRatio": 0.2144673637,
    "incomeTaxExpense": 93000000,
    "netIncome": 666000000,
    "netIncomeRatio": 0.1881887539,
    "eps": 0.71,
    "epsdiluted": 0.7,
    "weightedAverageShsOut": 942000000,
    "weightedAverageShsOutDil": 948000000,
    "link": "https://www.sec.gov/Archives/edgar/data/6951/000000695119000019/0000006951-19-000019-index.htm",
    "finalLink": "https://www.sec.gov/Archives/edgar/data/6951/000000695119000019/amat0428201910-qq22019.htm"
  },
  {
    "date": "2019-01-27",
    "symbol": "AMAT",
    "reportedCurrency": "USD",
    "cik": "0000006951",
    "fillingDate": "2019-02-21",
    "acceptedDate": "2019-02-21 16:33:42",
    "calendarYear": "2019",
    "period": "Q1",
    "revenue": 3753000000,
    "costOfRevenue": 2088000000,
    "grossProfit": 1665000000,
    "grossProfitRatio": 0.4436450839,
    "researchAndDevelopmentExpenses": 516000000,
    "generalAndAdministrativeExpenses": 110000000,
    "sellingAndMarketingExpenses": 131000000,
    "sellingGeneralAndAdministrativeExpenses": 241000000,
    "otherExpenses": 0,
    "operatingExpenses": 757000000,
    "costAndExpenses": 2845000000,
    "interestIncome": 40000000,
    "interestExpense": 60000000,
    "depreciationAndAmortization": 88000000,
    "ebitda": 1036000000,
    "ebitdaratio": 0.27604583,
    "operatingIncome": 908000000,
    "operatingIncomeRatio": 0.2419397815,
    "totalOtherIncomeExpensesNet": -20000000,
    "incomeBeforeTax": 888000000,
    "incomeBeforeTaxRatio": 0.2366107114,
    "incomeTaxExpense": 117000000,
    "netIncome": 771000000,
    "netIncomeRatio": 0.2054356515,
    "eps": 0.81,
    "epsdiluted": 0.8,
    "weightedAverageShsOut": 957000000,
    "weightedAverageShsOutDil": 965000000,
    "link": "https://www.sec.gov/Archives/edgar/data/6951/000000695119000008/0000006951-19-000008-index.htm",
    "finalLink": "https://www.sec.gov/Archives/edgar/data/6951/000000695119000008/amat0127201910-qq12019.htm"
  },
  {
    "date": "2018-10-28",
    "symbol": "AMAT",
    "reportedCurrency": "USD",
    "cik": "0000006951",
    "fillingDate": "2018-12-13",
    "acceptedDate": "2018-12-13 16:16:55",
    "calendarYear": "2018",
    "period": "Q4",
    "revenue": 4014000000,
    "costOfRevenue": 2234000000,
    "grossProfit": 1780000000,
    "grossProfitRatio": 0.4434479322,
    "researchAndDevelopmentExpenses": 518000000,
    "generalAndAdministrativeExpenses": 119000000,
    "sellingAndMarketingExpenses": 127000000,
    "sellingGeneralAndAdministrativeExpenses": 246000000,
    "otherExpenses": 0,
    "operatingExpenses": 764000000,
    "costAndExpenses": 2998000000,
    "interestIncome": 42000000,
    "interestExpense": 60000000,
    "depreciationAndAmortization": 120000000,
    "ebitda": 1178000000,
    "ebitdaratio": 0.293472845,
    "operatingIncome": 1016000000,
    "operatingIncomeRatio": 0.2531141006,
    "totalOtherIncomeExpensesNet": -18000000,
    "incomeBeforeTax": 998000000,
    "incomeBeforeTaxRatio": 0.2486297957,
    "incomeTaxExpense": 122000000,
    "netIncome": 876000000,
    "netIncomeRatio": 0.2182361734,
    "eps": 0.9,
    "epsdiluted": 0.89,
    "weightedAverageShsOut": 974000000,
    "weightedAverageShsOutDil": 984000000,
    "link": "https://www.sec.gov/Archives/edgar/data/6951/000000695118000041/0000006951-18-000041-index.htm",
    "finalLink": "https://www.sec.gov/Archives/edgar/data/6951/000000695118000041/amat1028201810-kq42018.htm"
  },
  {
    "date": "2018-07-29",
    "symbol": "AMAT",
    "reportedCurrency": "USD",
    "cik": "0000006951",
    "fillingDate": "2018-08-23",
    "acceptedDate": "2018-08-23 16:21:27",
    "calendarYear": "2018",
    "period": "Q3",
    "revenue": 4468000000,
    "costOfRevenue": 2441000000,
    "grossProfit": 2027000000,
    "grossProfitRatio": 0.4536705461,
    "researchAndDevelopmentExpenses": 504000000,
    "generalAndAdministrativeExpenses": 128000000,
    "sellingAndMarketingExpenses": 138000000,
    "sellingGeneralAndAdministrativeExpenses": 266000000,
    "otherExpenses": 0,
    "operatingExpenses": 770000000,
    "costAndExpenses": 3069000000,
    "interestIncome": 43000000,
    "interestExpense": 59000000,
    "depreciationAndAmortization": 110000000,
    "ebitda": 1246000000,
    "ebitdaratio": 0.2788719785,
    "operatingIncome": 1257000000,
    "operatingIncomeRatio": 0.2813339302,
    "totalOtherIncomeExpensesNet": -18000000,
    "incomeBeforeTax": 1077000000,
    "incomeBeforeTaxRatio": 0.2410474485,
    "incomeTaxExpense": 61000000,
    "netIncome": 1173000000,
    "netIncomeRatio": 0.2625335721,
    "eps": 1.02,
    "epsdiluted": 1.01,
    "weightedAverageShsOut": 994000000,
    "weightedAverageShsOutDil": 1005000000,
    "link": "https://www.sec.gov/Archives/edgar/data/6951/000000695118000029/0000006951-18-000029-index.htm",
    "finalLink": "https://www.sec.gov/Archives/edgar/data/6951/000000695118000029/amat0729201810-qq32018.htm"
  },
  {
    "date": "2018-04-29",
    "symbol": "AMAT",
    "reportedCurrency": "USD",
    "cik": "0000006951",
    "fillingDate": "2018-05-24",
    "acceptedDate": "2018-05-24 16:26:51",
    "calendarYear": "2018",
    "period": "Q2",
    "revenue": 4567000000,
    "costOfRevenue": 2477000000,
    "grossProfit": 2090000000,
    "grossProfitRatio": 0.4576308299,
    "researchAndDevelopmentExpenses": 509000000,
    "generalAndAdministrativeExpenses": 124000000,
    "sellingAndMarketingExpenses": 130000000,
    "sellingGeneralAndAdministrativeExpenses": 254000000,
    "otherExpenses": 0,
    "operatingExpenses": 763000000,
    "costAndExpenses": 3287000000,
    "interestIncome": 25000000,
    "interestExpense": 56000000,
    "depreciationAndAmortization": 108000000,
    "ebitda": 1425000000,
    "ebitdaratio": 0.3120210204,
    "operatingIncome": 1327000000,
    "operatingIncomeRatio": 0.2905627326,
    "totalOtherIncomeExpensesNet": -32000000,
    "incomeBeforeTax": 1295000000,
    "incomeBeforeTaxRatio": 0.2835559448,
    "incomeTaxExpense": 166000000,
    "netIncome": 1129000000,
    "netIncomeRatio": 0.247208233,
    "eps": 1.07,
    "epsdiluted": 1.06,
    "weightedAverageShsOut": 1029000000,
    "weightedAverageShsOutDil": 1040000000,
    "link": "https://www.sec.gov/Archives/edgar/data/6951/000000695118000017/0000006951-18-000017-index.htm",
    "finalLink": "https://www.sec.gov/Archives/edgar/data/6951/000000695118000017/amat0429201810-qq22018.htm"
  },
  {
    "date": "2018-01-28",
    "symbol": "AMAT",
    "reportedCurrency": "USD",
    "cik": "0000006951",
    "fillingDate": "2018-02-22",
    "acceptedDate": "2018-02-22 16:33:48",
    "calendarYear": "2018",
    "period": "Q1",
    "revenue": 4204000000,
    "costOfRevenue": 2284000000,
    "grossProfit": 1920000000,
    "grossProfitRatio": 0.4567078972,
    "researchAndDevelopmentExpenses": 488000000,
    "generalAndAdministrativeExpenses": 110000000,
    "sellingAndMarketingExpenses": 126000000,
    "sellingGeneralAndAdministrativeExpenses": 236000000,
    "otherExpenses": 0,
    "operatingExpenses": 724000000,
    "costAndExpenses": 2990000000,
    "interestIncome": 27000000,
    "interestExpense": 59000000,
    "depreciationAndAmortization": 119000000,
    "ebitda": 1361000000,
    "ebitdaratio": 0.3237392959,
    "operatingIncome": 1215000000,
    "operatingIncomeRatio": 0.2890104662,
    "totalOtherIncomeExpensesNet": -32000000,
    "incomeBeforeTax": 1183000000,
    "incomeBeforeTaxRatio": 0.2813986679,
    "incomeTaxExpense": 1027000000,
    "netIncome": 135000000,
    "netIncomeRatio": 0.032112274,
    "eps": 0.16,
    "epsdiluted": 0.15,
    "weightedAverageShsOut": 1056000000,
    "weightedAverageShsOutDil": 1071000000,
    "link": "https://www.sec.gov/Archives/edgar/data/6951/000000695118000008/0000006951-18-000008-index.htm",
    "finalLink": "https://www.sec.gov/Archives/edgar/data/6951/000000695118000008/amat0128201810-qq12018.htm"
  },
  {
    "date": "2017-10-29",
    "symbol": "AMAT",
    "reportedCurrency": "USD",
    "cik": "0000006951",
    "fillingDate": "2017-12-15",
    "acceptedDate": "2017-12-15 16:36:31",
    "calendarYear": "2017",
    "period": "Q4",
    "revenue": 3969000000,
    "costOfRevenue": 2182000000,
    "grossProfit": 1787000000,
    "grossProfitRatio": 0.450239355,
    "researchAndDevelopmentExpenses": 466000000,
    "generalAndAdministrativeExpenses": 118000000,
    "sellingAndMarketingExpenses": 105000000,
    "sellingGeneralAndAdministrativeExpenses": 223000000,
    "otherExpenses": 0,
    "operatingExpenses": 689000000,
    "costAndExpenses": 2871000000,
    "interestIncome": 33000000,
    "interestExpense": 57000000,
    "depreciationAndAmortization": 105000000,
    "ebitda": 1236000000,
    "ebitdaratio": 0.3114134543,
    "operatingIncome": 1098000000,
    "operatingIncomeRatio": 0.2766439909,
    "totalOtherIncomeExpensesNet": -24000000,
    "incomeBeforeTax": 1074000000,
    "incomeBeforeTaxRatio": 0.2705971277,
    "incomeTaxExpense": 92000000,
    "netIncome": 982000000,
    "netIncomeRatio": 0.2474174855,
    "eps": 0.92,
    "epsdiluted": 0.91,
    "weightedAverageShsOut": 1064000000,
    "weightedAverageShsOutDil": 1076000000,
    "link": "https://www.sec.gov/Archives/edgar/data/6951/000000695117000038/0000006951-17-000038-index.htm",
    "finalLink": "https://www.sec.gov/Archives/edgar/data/6951/000000695117000038/amat1029201710-kq42017.htm"
  },
  {
    "date": "2017-07-30",
    "symbol": "AMAT",
    "reportedCurrency": "USD",
    "cik": "0000006951",
    "fillingDate": "2017-08-24",
    "acceptedDate": "2017-08-24 16:29:02",
    "calendarYear": "2017",
    "period": "Q3",
    "revenue": 3744000000,
    "costOfRevenue": 2044000000,
    "grossProfit": 1700000000,
    "grossProfitRatio": 0.4540598291,
    "researchAndDevelopmentExpenses": 454000000,
    "generalAndAdministrativeExpenses": 106000000,
    "sellingAndMarketingExpenses": 117000000,
    "sellingGeneralAndAdministrativeExpenses": 223000000,
    "otherExpenses": 0,
    "operatingExpenses": 677000000,
    "costAndExpenses": 2721000000,
    "interestIncome": 14000000,
    "interestExpense": 59000000,
    "depreciationAndAmortization": 102000000,
    "ebitda": 1138000000,
    "ebitdaratio": 0.3039529915,
    "operatingIncome": 1023000000,
    "operatingIncomeRatio": 0.2732371795,
    "totalOtherIncomeExpensesNet": -45000000,
    "incomeBeforeTax": 978000000,
    "incomeBeforeTaxRatio": 0.2612179487,
    "incomeTaxExpense": 53000000,
    "netIncome": 925000000,
    "netIncomeRatio": 0.2470619658,
    "eps": 0.86,
    "epsdiluted": 0.85,
    "weightedAverageShsOut": 1071000000,
    "weightedAverageShsOutDil": 1083000000,
    "link": "https://www.sec.gov/Archives/edgar/data/6951/000000695117000026/0000006951-17-000026-index.htm",
    "finalLink": "https://www.sec.gov/Archives/edgar/data/6951/000000695117000026/amat0730201710-qq32017.htm"
  },
  {
    "date": "2017-04-30",
    "symbol": "AMAT",
    "reportedCurrency": "USD",
    "cik": "0000006951",
    "fillingDate": "2017-05-25",
    "acceptedDate": "2017-05-25 16:20:09",
    "calendarYear": "2017",
    "period": "Q2",
    "revenue": 3546000000,
    "costOfRevenue": 1946000000,
    "grossProfit": 1600000000,
    "grossProfitRatio": 0.451212634,
    "researchAndDevelopmentExpenses": 437000000,
    "generalAndAdministrativeExpenses": 107000000,
    "sellingAndMarketingExpenses": 116000000,
    "sellingGeneralAndAdministrativeExpenses": 223000000,
    "otherExpenses": 0,
    "operatingExpenses": 660000000,
    "costAndExpenses": 2606000000,
    "interestIncome": 12000000,
    "interestExpense": 44000000,
    "depreciationAndAmortization": 103000000,
    "ebitda": 1054000000,
    "ebitdaratio": 0.2972363226,
    "operatingIncome": 940000000,
    "operatingIncomeRatio": 0.2650874224,
    "totalOtherIncomeExpensesNet": -32000000,
    "incomeBeforeTax": 908000000,
    "incomeBeforeTaxRatio": 0.2560631698,
    "incomeTaxExpense": 84000000,
    "netIncome": 824000000,
    "netIncomeRatio": 0.2323745065,
    "eps": 0.76,
    "epsdiluted": 0.76,
    "weightedAverageShsOut": 1078000000,
    "weightedAverageShsOutDil": 1087000000,
    "link": "https://www.sec.gov/Archives/edgar/data/6951/000000695117000015/0000006951-17-000015-index.htm",
    "finalLink": "https://www.sec.gov/Archives/edgar/data/6951/000000695117000015/amat0430201710-qq22017.htm"
  },
  {
    "date": "2017-01-29",
    "symbol": "AMAT",
    "reportedCurrency": "USD",
    "cik": "0000006951",
    "fillingDate": "2017-02-23",
    "acceptedDate": "2017-02-23 16:06:53",
    "calendarYear": "2017",
    "period": "Q1",
    "revenue": 3278000000,
    "costOfRevenue": 1833000000,
    "grossProfit": 1445000000,
    "grossProfitRatio": 0.4408175717,
    "researchAndDevelopmentExpenses": 417000000,
    "generalAndAdministrativeExpenses": 103000000,
    "sellingAndMarketingExpenses": 118000000,
    "sellingGeneralAndAdministrativeExpenses": 221000000,
    "otherExpenses": 0,
    "operatingExpenses": 638000000,
    "costAndExpenses": 2471000000,
    "interestIncome": 2000000,
    "interestExpense": 38000000,
    "depreciationAndAmortization": 97000000,
    "ebitda": 904000000,
    "ebitdaratio": 0.2757779134,
    "operatingIncome": 807000000,
    "operatingIncomeRatio": 0.2461866992,
    "totalOtherIncomeExpensesNet": -36000000,
    "incomeBeforeTax": 771000000,
    "incomeBeforeTaxRatio": 0.2352043929,
    "incomeTaxExpense": 68000000,
    "netIncome": 703000000,
    "netIncomeRatio": 0.2144600366,
    "eps": 0.65,
    "epsdiluted": 0.65,
    "weightedAverageShsOut": 1078000000,
    "weightedAverageShsOutDil": 1089000000,
    "link": "https://www.sec.gov/Archives/edgar/data/6951/000000695117000007/0000006951-17-000007-index.htm",
    "finalLink": "https://www.sec.gov/Archives/edgar/data/6951/000000695117000007/amat0129201710-qq12017.htm"
  },
  {
    "date": "2016-10-30",
    "symbol": "AMAT",
    "reportedCurrency": "USD",
    "cik": "0000006951",
    "fillingDate": "2016-12-15",
    "acceptedDate": "2016-12-15 16:46:47",
    "calendarYear": "2016",
    "period": "Q4",
    "revenue": 3297000000,
    "costOfRevenue": 1898000000,
    "grossProfit": 1399000000,
    "grossProfitRatio": 0.4243251441,
    "researchAndDevelopmentExpenses": 394000000,
    "generalAndAdministrativeExpenses": 114000000,
    "sellingAndMarketingExpenses": 114000000,
    "sellingGeneralAndAdministrativeExpenses": 228000000,
    "otherExpenses": 0,
    "operatingExpenses": 622000000,
    "costAndExpenses": 2520000000,
    "interestIncome": 1000000,
    "interestExpense": 38000000,
    "depreciationAndAmortization": 100000000,
    "ebitda": 878000000,
    "ebitdaratio": 0.2663026994,
    "operatingIncome": 777000000,
    "operatingIncomeRatio": 0.2356687898,
    "totalOtherIncomeExpensesNet": -37000000,
    "incomeBeforeTax": 740000000,
    "incomeBeforeTaxRatio": 0.2244464665,
    "incomeTaxExpense": 130000000,
    "netIncome": 610000000,
    "netIncomeRatio": 0.1850166818,
    "eps": 0.56,
    "epsdiluted": 0.56,
    "weightedAverageShsOut": 1081000000,
    "weightedAverageShsOutDil": 1093000000,
    "link": "https://www.sec.gov/Archives/edgar/data/6951/000000695116000068/0000006951-16-000068-index.htm",
    "finalLink": "https://www.sec.gov/Archives/edgar/data/6951/000000695116000068/amat10302016-10k.htm"
  },
  {
    "date": "2016-07-31",
    "symbol": "AMAT",
    "reportedCurrency": "USD",
    "cik": "0000006951",
    "fillingDate": "2016-08-25",
    "acceptedDate": "2016-08-25 16:18:25",
    "calendarYear": "2016",
    "period": "Q3",
    "revenue": 2821000000,
    "costOfRevenue": 1629000000,
    "grossProfit": 1192000000,
    "grossProfitRatio": 0.4225451967,
    "researchAndDevelopmentExpenses": 386000000,
    "generalAndAdministrativeExpenses": 103000000,
    "sellingAndMarketingExpenses": 107000000,
    "sellingGeneralAndAdministrativeExpenses": 210000000,
    "otherExpenses": 0,
    "operatingExpenses": 596000000,
    "costAndExpenses": 2225000000,
    "interestIncome": 6000000,
    "interestExpense": 38000000,
    "depreciationAndAmortization": 97000000,
    "ebitda": 699000000,
    "ebitdaratio": 0.2477844736,
    "operatingIncome": 596000000,
    "operatingIncomeRatio": 0.2112725984,
    "totalOtherIncomeExpensesNet": -32000000,
    "incomeBeforeTax": 564000000,
    "incomeBeforeTaxRatio": 0.1999291032,
    "incomeTaxExpense": 59000000,
    "netIncome": 505000000,
    "netIncomeRatio": 0.1790145339,
    "eps": 0.47,
    "epsdiluted": 0.46,
    "weightedAverageShsOut": 1083000000,
    "weightedAverageShsOutDil": 1093000000,
    "link": "https://www.sec.gov/Archives/edgar/data/6951/000000695116000059/0000006951-16-000059-index.htm",
    "finalLink": "https://www.sec.gov/Archives/edgar/data/6951/000000695116000059/amat731201610-qq32016.htm"
  },
  {
    "date": "2016-05-01",
    "symbol": "AMAT",
    "reportedCurrency": "USD",
    "cik": "0000006951",
    "fillingDate": "2016-05-26",
    "acceptedDate": "2016-05-26 16:20:52",
    "calendarYear": "2016",
    "period": "Q2",
    "revenue": 2450000000,
    "costOfRevenue": 1446000000,
    "grossProfit": 1004000000,
    "grossProfitRatio": 0.4097959184,
    "researchAndDevelopmentExpenses": 386000000,
    "generalAndAdministrativeExpenses": 91000000,
    "sellingAndMarketingExpenses": 102000000,
    "sellingGeneralAndAdministrativeExpenses": 193000000,
    "otherExpenses": 0,
    "operatingExpenses": 579000000,
    "costAndExpenses": 2025000000,
    "interestIncome": 7000000,
    "interestExpense": 37000000,
    "depreciationAndAmortization": 96000000,
    "ebitda": 528000000,
    "ebitdaratio": 0.2155102041,
    "operatingIncome": 425000000,
    "operatingIncomeRatio": 0.1734693878,
    "totalOtherIncomeExpensesNet": -30000000,
    "incomeBeforeTax": 395000000,
    "incomeBeforeTaxRatio": 0.1612244898,
    "incomeTaxExpense": 75000000,
    "netIncome": 320000000,
    "netIncomeRatio": 0.1306122449,
    "eps": 0.29,
    "epsdiluted": 0.29,
    "weightedAverageShsOut": 1113000000,
    "weightedAverageShsOutDil": 1119000000,
    "link": "https://www.sec.gov/Archives/edgar/data/6951/000000695116000048/0000006951-16-000048-index.htm",
    "finalLink": "https://www.sec.gov/Archives/edgar/data/6951/000000695116000048/amat51201610-qq22016.htm"
  },
  {
    "date": "2016-01-31",
    "symbol": "AMAT",
    "reportedCurrency": "USD",
    "cik": "0000006951",
    "fillingDate": "2016-02-25",
    "acceptedDate": "2016-02-25 16:30:46",
    "calendarYear": "2016",
    "period": "Q1",
    "revenue": 2257000000,
    "costOfRevenue": 1341000000,
    "grossProfit": 916000000,
    "grossProfitRatio": 0.4058484714,
    "researchAndDevelopmentExpenses": 374000000,
    "generalAndAdministrativeExpenses": 82000000,
    "sellingAndMarketingExpenses": 106000000,
    "sellingGeneralAndAdministrativeExpenses": 188000000,
    "otherExpenses": 0,
    "operatingExpenses": 562000000,
    "costAndExpenses": 1903000000,
    "interestIncome": 2000000,
    "interestExpense": 42000000,
    "depreciationAndAmortization": 96000000,
    "ebitda": 452000000,
    "ebitdaratio": 0.2002658396,
    "operatingIncome": 354000000,
    "operatingIncomeRatio": 0.15684537,
    "totalOtherIncomeExpensesNet": -40000000,
    "incomeBeforeTax": 314000000,
    "incomeBeforeTaxRatio": 0.1391227293,
    "incomeTaxExpense": 28000000,
    "netIncome": 286000000,
    "netIncomeRatio": 0.1267168808,
    "eps": 0.25,
    "epsdiluted": 0.25,
    "weightedAverageShsOut": 1146000000,
    "weightedAverageShsOutDil": 1154000000,
    "link": "https://www.sec.gov/Archives/edgar/data/6951/000000695116000041/0000006951-16-000041-index.htm",
    "finalLink": "https://www.sec.gov/Archives/edgar/data/6951/000000695116000041/amat131201610-qq12016.htm"
  },
  {
    "date": "2015-10-25",
    "symbol": "AMAT",
    "reportedCurrency": "USD",
    "cik": "0000006951",
    "fillingDate": "2015-12-09",
    "acceptedDate": "2015-12-09 17:29:47",
    "calendarYear": "2015",
    "period": "Q4",
    "revenue": 2368000000,
    "costOfRevenue": 1409000000,
    "grossProfit": 959000000,
    "grossProfitRatio": 0.4049831081,
    "researchAndDevelopmentExpenses": 363000000,
    "generalAndAdministrativeExpenses": 77000000,
    "sellingAndMarketingExpenses": 96000000,
    "sellingGeneralAndAdministrativeExpenses": 173000000,
    "otherExpenses": 0,
    "operatingExpenses": 536000000,
    "costAndExpenses": 1945000000,
    "interestIncome": 6000000,
    "interestExpense": 32000000,
    "depreciationAndAmortization": 96000000,
    "ebitda": 525000000,
    "ebitdaratio": 0.2217060811,
    "operatingIncome": 423000000,
    "operatingIncomeRatio": 0.1786317568,
    "totalOtherIncomeExpensesNet": -26000000,
    "incomeBeforeTax": 397000000,
    "incomeBeforeTaxRatio": 0.167652027,
    "incomeTaxExpense": 61000000,
    "netIncome": 336000000,
    "netIncomeRatio": 0.1418918919,
    "eps": 0.28,
    "epsdiluted": 0.28,
    "weightedAverageShsOut": 1190000000,
    "weightedAverageShsOutDil": 1190000000,
    "link": "https://www.sec.gov/Archives/edgar/data/6951/000000695115000034/0000006951-15-000034-index.htm",
    "finalLink": "https://www.sec.gov/Archives/edgar/data/6951/000000695115000034/amat10252015-10xkdoc.htm"
  },
  {
    "date": "2015-07-26",
    "symbol": "AMAT",
    "reportedCurrency": "USD",
    "cik": "0000006951",
    "fillingDate": "2015-08-20",
    "acceptedDate": "2015-08-20 16:22:56",
    "calendarYear": "2015",
    "period": "Q3",
    "revenue": 2490000000,
    "costOfRevenue": 1472000000,
    "grossProfit": 1018000000,
    "grossProfitRatio": 0.4088353414,
    "researchAndDevelopmentExpenses": 372000000,
    "generalAndAdministrativeExpenses": 135000000,
    "sellingAndMarketingExpenses": 112000000,
    "sellingGeneralAndAdministrativeExpenses": 247000000,
    "otherExpenses": 0,
    "operatingExpenses": 619000000,
    "costAndExpenses": 2094000000,
    "interestIncome": 3000000,
    "interestExpense": 24000000,
    "depreciationAndAmortization": 93000000,
    "ebitda": 492000000,
    "ebitdaratio": 0.1975903614,
    "operatingIncome": 396000000,
    "operatingIncomeRatio": 0.1590361446,
    "totalOtherIncomeExpensesNet": -21000000,
    "incomeBeforeTax": 375000000,
    "incomeBeforeTaxRatio": 0.1506024096,
    "incomeTaxExpense": 46000000,
    "netIncome": 329000000,
    "netIncomeRatio": 0.1321285141,
    "eps": 0.27,
    "epsdiluted": 0.27,
    "weightedAverageShsOut": 1221000000,
    "weightedAverageShsOutDil": 1231000000,
    "link": "https://www.sec.gov/Archives/edgar/data/6951/000000695115000026/0000006951-15-000026-index.htm",
    "finalLink": "https://www.sec.gov/Archives/edgar/data/6951/000000695115000026/amat726201510-qq32015.htm"
  },
  {
    "date": "2015-04-26",
    "symbol": "AMAT",
    "reportedCurrency": "USD",
    "cik": "0000006951",
    "fillingDate": "2015-05-21",
    "acceptedDate": "2015-05-21 16:15:30",
    "calendarYear": "2015",
    "period": "Q2",
    "revenue": 2442000000,
    "costOfRevenue": 1426000000,
    "grossProfit": 1016000000,
    "grossProfitRatio": 0.4160524161,
    "researchAndDevelopmentExpenses": 365000000,
    "generalAndAdministrativeExpenses": 140000000,
    "sellingAndMarketingExpenses": 109000000,
    "sellingGeneralAndAdministrativeExpenses": 249000000,
    "otherExpenses": -14000000,
    "operatingExpenses": 600000000,
    "costAndExpenses": 2026000000,
    "interestIncome": -3000000,
    "interestExpense": 24000000,
    "depreciationAndAmortization": 90000000,
    "ebitda": 506000000,
    "ebitdaratio": 0.2072072072,
    "operatingIncome": 416000000,
    "operatingIncomeRatio": 0.1703521704,
    "totalOtherIncomeExpensesNet": -27000000,
    "incomeBeforeTax": 389000000,
    "incomeBeforeTaxRatio": 0.1592956593,
    "incomeTaxExpense": 25000000,
    "netIncome": 364000000,
    "netIncomeRatio": 0.1490581491,
    "eps": 0.3,
    "epsdiluted": 0.29,
    "weightedAverageShsOut": 1230000000,
    "weightedAverageShsOutDil": 1241000000,
    "link": "https://www.sec.gov/Archives/edgar/data/6951/000000695115000014/0000006951-15-000014-index.htm",
    "finalLink": "https://www.sec.gov/Archives/edgar/data/6951/000000695115000014/amat426201510-qq22015.htm"
  },
  {
    "date": "2015-01-25",
    "symbol": "AMAT",
    "reportedCurrency": "USD",
    "cik": "0000006951",
    "fillingDate": "2015-02-19",
    "acceptedDate": "2015-02-19 16:35:54",
    "calendarYear": "2015",
    "period": "Q1",
    "revenue": 2359000000,
    "costOfRevenue": 1400000000,
    "grossProfit": 959000000,
    "grossProfitRatio": 0.4065281899,
    "researchAndDevelopmentExpenses": 351000000,
    "generalAndAdministrativeExpenses": 117000000,
    "sellingAndMarketingExpenses": 111000000,
    "sellingGeneralAndAdministrativeExpenses": 228000000,
    "otherExpenses": -78000000,
    "operatingExpenses": 501000000,
    "costAndExpenses": 1901000000,
    "interestIncome": 2000000,
    "interestExpense": 23000000,
    "depreciationAndAmortization": 92000000,
    "ebitda": 552000000,
    "ebitdaratio": 0.2339974565,
    "operatingIncome": 458000000,
    "operatingIncomeRatio": 0.1941500636,
    "totalOtherIncomeExpensesNet": -21000000,
    "incomeBeforeTax": 437000000,
    "incomeBeforeTaxRatio": 0.1852479864,
    "incomeTaxExpense": 89000000,
    "netIncome": 348000000,
    "netIncomeRatio": 0.1475201357,
    "eps": 0.28,
    "epsdiluted": 0.28,
    "weightedAverageShsOut": 1224000000,
    "weightedAverageShsOutDil": 1240000000,
    "link": "https://www.sec.gov/Archives/edgar/data/6951/000000695115000008/0000006951-15-000008-index.htm",
    "finalLink": "https://www.sec.gov/Archives/edgar/data/6951/000000695115000008/amat-form10xqq12015.htm"
  },
  {
    "date": "2014-10-26",
    "symbol": "AMAT",
    "reportedCurrency": "USD",
    "cik": "0000006951",
    "fillingDate": "2014-12-17",
    "acceptedDate": "2014-12-17 16:38:24",
    "calendarYear": "2014",
    "period": "Q4",
    "revenue": 2264000000,
    "costOfRevenue": 1305000000,
    "grossProfit": 959000000,
    "grossProfitRatio": 0.4235865724,
    "researchAndDevelopmentExpenses": 360000000,
    "generalAndAdministrativeExpenses": 90000000,
    "sellingAndMarketingExpenses": 99000000,
    "sellingGeneralAndAdministrativeExpenses": 189000000,
    "otherExpenses": 0,
    "operatingExpenses": 549000000,
    "costAndExpenses": 1854000000,
    "interestIncome": 9000000,
    "interestExpense": 23000000,
    "depreciationAndAmortization": 94000000,
    "ebitda": 515000000,
    "ebitdaratio": 0.2274734982,
    "operatingIncome": 412000000,
    "operatingIncomeRatio": 0.1819787986,
    "totalOtherIncomeExpensesNet": -14000000,
    "incomeBeforeTax": 398000000,
    "incomeBeforeTaxRatio": 0.175795053,
    "incomeTaxExpense": 142000000,
    "netIncome": 256000000,
    "netIncomeRatio": 0.1130742049,
    "eps": 0.21,
    "epsdiluted": 0.21,
    "weightedAverageShsOut": 1220000000,
    "weightedAverageShsOutDil": 1236000000,
    "link": "https://www.sec.gov/Archives/edgar/data/6951/000000695114000037/0000006951-14-000037-index.htm",
    "finalLink": "https://www.sec.gov/Archives/edgar/data/6951/000000695114000037/amat10262014-10kdoc.htm"
  },
  {
    "date": "2014-07-27",
    "symbol": "AMAT",
    "reportedCurrency": "USD",
    "cik": "0000006951",
    "fillingDate": "2014-08-21",
    "acceptedDate": "2014-08-21 16:33:59",
    "calendarYear": "2014",
    "period": "Q3",
    "revenue": 2265000000,
    "costOfRevenue": 1273000000,
    "grossProfit": 992000000,
    "grossProfitRatio": 0.4379690949,
    "researchAndDevelopmentExpenses": 357000000,
    "generalAndAdministrativeExpenses": 126000000,
    "sellingAndMarketingExpenses": 108000000,
    "sellingGeneralAndAdministrativeExpenses": 234000000,
    "otherExpenses": 10000000,
    "operatingExpenses": 601000000,
    "costAndExpenses": 1874000000,
    "interestIncome": 3000000,
    "interestExpense": 24000000,
    "depreciationAndAmortization": 93000000,
    "ebitda": 487000000,
    "ebitdaratio": 0.2150110375,
    "operatingIncome": 391000000,
    "operatingIncomeRatio": 0.1726269316,
    "totalOtherIncomeExpensesNet": -21000000,
    "incomeBeforeTax": 370000000,
    "incomeBeforeTaxRatio": 0.1633554084,
    "incomeTaxExpense": 69000000,
    "netIncome": 301000000,
    "netIncomeRatio": 0.1328918322,
    "eps": 0.25,
    "epsdiluted": 0.24,
    "weightedAverageShsOut": 1218000000,
    "weightedAverageShsOutDil": 1233000000,
    "link": "https://www.sec.gov/Archives/edgar/data/6951/000000695114000028/0000006951-14-000028-index.htm",
    "finalLink": "https://www.sec.gov/Archives/edgar/data/6951/000000695114000028/amat-form10xqq32014.htm"
  },
  {
    "date": "2014-04-27",
    "symbol": "AMAT",
    "reportedCurrency": "USD",
    "cik": "0000006951",
    "fillingDate": "2014-05-22",
    "acceptedDate": "2014-05-22 16:26:07",
    "calendarYear": "2014",
    "period": "Q2",
    "revenue": 2353000000,
    "costOfRevenue": 1352000000,
    "grossProfit": 1001000000,
    "grossProfitRatio": 0.4254143646,
    "researchAndDevelopmentExpenses": 355000000,
    "generalAndAdministrativeExpenses": 129000000,
    "sellingAndMarketingExpenses": 107000000,
    "sellingGeneralAndAdministrativeExpenses": 236000000,
    "otherExpenses": 23000000,
    "operatingExpenses": 614000000,
    "costAndExpenses": 1966000000,
    "interestIncome": 1000000,
    "interestExpense": 23000000,
    "depreciationAndAmortization": 94000000,
    "ebitda": 482000000,
    "ebitdaratio": 0.2048448789,
    "operatingIncome": 387000000,
    "operatingIncomeRatio": 0.1644708882,
    "totalOtherIncomeExpensesNet": -22000000,
    "incomeBeforeTax": 365000000,
    "incomeBeforeTaxRatio": 0.155121122,
    "incomeTaxExpense": 103000000,
    "netIncome": 262000000,
    "netIncomeRatio": 0.1113472163,
    "eps": 0.22,
    "epsdiluted": 0.21,
    "weightedAverageShsOut": 1216000000,
    "weightedAverageShsOutDil": 1229000000,
    "link": "https://www.sec.gov/Archives/edgar/data/6951/000000695114000016/0000006951-14-000016-index.htm",
    "finalLink": "https://www.sec.gov/Archives/edgar/data/6951/000000695114000016/amat-form10xqq22014.htm"
  },
  {
    "date": "2014-01-26",
    "symbol": "AMAT",
    "reportedCurrency": "USD",
    "cik": "0000006951",
    "fillingDate": "2014-02-20",
    "acceptedDate": "2014-02-20 16:02:12",
    "calendarYear": "2014",
    "period": "Q1",
    "revenue": 2190000000,
    "costOfRevenue": 1299000000,
    "grossProfit": 891000000,
    "grossProfitRatio": 0.4068493151,
    "researchAndDevelopmentExpenses": 356000000,
    "generalAndAdministrativeExpenses": 89000000,
    "sellingAndMarketingExpenses": 109000000,
    "sellingGeneralAndAdministrativeExpenses": 198000000,
    "otherExpenses": 7000000,
    "operatingExpenses": 561000000,
    "costAndExpenses": 1860000000,
    "interestIncome": 10000000,
    "interestExpense": 25000000,
    "depreciationAndAmortization": 94000000,
    "ebitda": 434000000,
    "ebitdaratio": 0.198173516,
    "operatingIncome": 330000000,
    "operatingIncomeRatio": 0.1506849315,
    "totalOtherIncomeExpensesNet": -15000000,
    "incomeBeforeTax": 315000000,
    "incomeBeforeTaxRatio": 0.1438356164,
    "incomeTaxExpense": 62000000,
    "netIncome": 253000000,
    "netIncomeRatio": 0.1155251142,
    "eps": 0.21,
    "epsdiluted": 0.21,
    "weightedAverageShsOut": 1206000000,
    "weightedAverageShsOutDil": 1225000000,
    "link": "https://www.sec.gov/Archives/edgar/data/6951/000000695114000007/0000006951-14-000007-index.htm",
    "finalLink": "https://www.sec.gov/Archives/edgar/data/6951/000000695114000007/amat-form10xqq12014.htm"
  },
  {
    "date": "2013-10-27",
    "symbol": "AMAT",
    "reportedCurrency": "USD",
    "cik": "0000006951",
    "fillingDate": "2013-12-04",
    "acceptedDate": "2013-12-04 16:26:13",
    "calendarYear": "2013",
    "period": "Q4",
    "revenue": 1988000000,
    "costOfRevenue": 1193000000,
    "grossProfit": 795000000,
    "grossProfitRatio": 0.3998993964,
    "researchAndDevelopmentExpenses": 338000000,
    "generalAndAdministrativeExpenses": 117000000,
    "sellingAndMarketingExpenses": 99000000,
    "sellingGeneralAndAdministrativeExpenses": 220000000,
    "otherExpenses": 26000000,
    "operatingExpenses": 584000000,
    "costAndExpenses": 1777000000,
    "interestIncome": 8000000,
    "interestExpense": 24000000,
    "depreciationAndAmortization": 98000000,
    "ebitda": 316000000,
    "ebitdaratio": 0.1589537223,
    "operatingIncome": 211000000,
    "operatingIncomeRatio": 0.1061368209,
    "totalOtherIncomeExpensesNet": -17000000,
    "incomeBeforeTax": 194000000,
    "incomeBeforeTaxRatio": 0.0975855131,
    "incomeTaxExpense": 11000000,
    "netIncome": 183000000,
    "netIncomeRatio": 0.0920523139,
    "eps": 0.15,
    "epsdiluted": 0.15,
    "weightedAverageShsOut": 1222000000,
    "weightedAverageShsOutDil": 1222000000,
    "link": "https://www.sec.gov/Archives/edgar/data/6951/000000695113000044/0000006951-13-000044-index.htm",
    "finalLink": "https://www.sec.gov/Archives/edgar/data/6951/000000695113000044/amat10272013-10kdoc.htm"
  },
  {
    "date": "2013-07-28",
    "symbol": "AMAT",
    "reportedCurrency": "USD",
    "cik": "0000006951",
    "fillingDate": "2013-08-22",
    "acceptedDate": "2013-08-22 16:19:16",
    "calendarYear": "2013",
    "period": "Q3",
    "revenue": 1975000000,
    "costOfRevenue": 1169000000,
    "grossProfit": 806000000,
    "grossProfitRatio": 0.4081012658,
    "researchAndDevelopmentExpenses": 334000000,
    "generalAndAdministrativeExpenses": 97000000,
    "sellingAndMarketingExpenses": 111000000,
    "sellingGeneralAndAdministrativeExpenses": 208000000,
    "otherExpenses": 14000000,
    "operatingExpenses": 556000000,
    "costAndExpenses": 1725000000,
    "interestIncome": 1000000,
    "interestExpense": 23000000,
    "depreciationAndAmortization": 100000000,
    "ebitda": 351000000,
    "ebitdaratio": 0.177721519,
    "operatingIncome": 250000000,
    "operatingIncomeRatio": 0.1265822785,
    "totalOtherIncomeExpensesNet": -22000000,
    "incomeBeforeTax": 228000000,
    "incomeBeforeTaxRatio": 0.115443038,
    "incomeTaxExpense": 60000000,
    "netIncome": 168000000,
    "netIncomeRatio": 0.0850632911,
    "eps": 0.14,
    "epsdiluted": 0.14,
    "weightedAverageShsOut": 1203000000,
    "weightedAverageShsOutDil": 1220000000,
    "link": "https://www.sec.gov/Archives/edgar/data/6951/000000695113000034/0000006951-13-000034-index.htm",
    "finalLink": "https://www.sec.gov/Archives/edgar/data/6951/000000695113000034/amat-form10xqq32013.htm"
  },
  {
    "date": "2013-04-28",
    "symbol": "AMAT",
    "reportedCurrency": "USD",
    "cik": "0000006951",
    "fillingDate": "2013-05-23",
    "acceptedDate": "2013-05-23 16:10:39",
    "calendarYear": "2013",
    "period": "Q2",
    "revenue": 1973000000,
    "costOfRevenue": 1165000000,
    "grossProfit": 808000000,
    "grossProfitRatio": 0.4095286366,
    "researchAndDevelopmentExpenses": 344000000,
    "generalAndAdministrativeExpenses": 126000000,
    "sellingAndMarketingExpenses": 118000000,
    "sellingGeneralAndAdministrativeExpenses": 244000000,
    "otherExpenses": 288000000,
    "operatingExpenses": 876000000,
    "costAndExpenses": 2043000000,
    "interestIncome": 2000000,
    "interestExpense": 24000000,
    "depreciationAndAmortization": 106000000,
    "ebitda": 40000000,
    "ebitdaratio": 0.0202736949,
    "operatingIncome": -68000000,
    "operatingIncomeRatio": -0.0344652813,
    "totalOtherIncomeExpensesNet": -22000000,
    "incomeBeforeTax": -90000000,
    "incomeBeforeTaxRatio": -0.0456158135,
    "incomeTaxExpense": 39000000,
    "netIncome": -129000000,
    "netIncomeRatio": -0.065382666,
    "eps": -0.11,
    "epsdiluted": -0.11,
    "weightedAverageShsOut": 1172727000,
    "weightedAverageShsOutDil": 1203000000,
    "link": "https://www.sec.gov/Archives/edgar/data/6951/000000695113000017/0000006951-13-000017-index.htm",
    "finalLink": "https://www.sec.gov/Archives/edgar/data/6951/000000695113000017/amat-form10xqq22013.htm"
  },
  {
    "date": "2013-01-27",
    "symbol": "AMAT",
    "reportedCurrency": "USD",
    "cik": "0000006951",
    "fillingDate": "2013-02-21",
    "acceptedDate": "2013-02-21 16:44:16",
    "calendarYear": "2013",
    "period": "Q1",
    "revenue": 1573000000,
    "costOfRevenue": 991000000,
    "grossProfit": 582000000,
    "grossProfitRatio": 0.3699936427,
    "researchAndDevelopmentExpenses": 304000000,
    "generalAndAdministrativeExpenses": 125000000,
    "sellingAndMarketingExpenses": 105000000,
    "sellingGeneralAndAdministrativeExpenses": 230000000,
    "otherExpenses": 0,
    "operatingExpenses": 534000000,
    "costAndExpenses": 1525000000,
    "interestIncome": 3000000,
    "interestExpense": 24000000,
    "depreciationAndAmortization": 106000000,
    "ebitda": 148000000,
    "ebitdaratio": 0.0940877305,
    "operatingIncome": 39000000,
    "operatingIncomeRatio": 0.0247933884,
    "totalOtherIncomeExpensesNet": -21000000,
    "incomeBeforeTax": 18000000,
    "incomeBeforeTaxRatio": 0.0114431024,
    "incomeTaxExpense": -16000000,
    "netIncome": 34000000,
    "netIncomeRatio": 0.0216147489,
    "eps": 0.0284,
    "epsdiluted": 0.0284,
    "weightedAverageShsOut": 1198000000,
    "weightedAverageShsOutDil": 1212000000,
    "link": "https://www.sec.gov/Archives/edgar/data/6951/000000695113000008/0000006951-13-000008-index.htm",
    "finalLink": "https://www.sec.gov/Archives/edgar/data/6951/000000695113000008/amat-form10xqq12013.htm"
  },
  {
    "date": "2012-10-28",
    "symbol": "AMAT",
    "reportedCurrency": "USD",
    "cik": "0000006951",
    "fillingDate": "2012-12-05",
    "acceptedDate": "2012-12-05 16:36:34",
    "calendarYear": "2012",
    "period": "Q4",
    "revenue": 1646000000,
    "costOfRevenue": 1060000000,
    "grossProfit": 586000000,
    "grossProfitRatio": 0.3560145808,
    "researchAndDevelopmentExpenses": 303000000,
    "generalAndAdministrativeExpenses": 49000000,
    "sellingAndMarketingExpenses": 107000000,
    "sellingGeneralAndAdministrativeExpenses": 237000000,
    "otherExpenses": 0,
    "operatingExpenses": 540000000,
    "costAndExpenses": 2145000000,
    "interestIncome": 4000000,
    "interestExpense": 23000000,
    "depreciationAndAmortization": 97000000,
    "ebitda": -412000000,
    "ebitdaratio": -0.2503037667,
    "operatingIncome": -499000000,
    "operatingIncomeRatio": -0.3031591738,
    "totalOtherIncomeExpensesNet": -33000000,
    "incomeBeforeTax": -532000000,
    "incomeBeforeTaxRatio": -0.3232077764,
    "incomeTaxExpense": -17000000,
    "netIncome": -515000000,
    "netIncomeRatio": -0.3128797084,
    "eps": -0.42,
    "epsdiluted": -0.42,
    "weightedAverageShsOut": 1220000000,
    "weightedAverageShsOutDil": 1220000000,
    "link": "https://www.sec.gov/Archives/edgar/data/6951/000000695112000018/0000006951-12-000018-index.htm",
    "finalLink": "https://www.sec.gov/Archives/edgar/data/6951/000000695112000018/amat10282012-10kdoc.htm"
  },
  {
    "date": "2012-07-29",
    "symbol": "AMAT",
    "reportedCurrency": "USD",
    "cik": "0000006951",
    "fillingDate": "2012-08-23",
    "acceptedDate": "2012-08-23 16:18:30",
    "calendarYear": "2012",
    "period": "Q3",
    "revenue": 2343000000,
    "costOfRevenue": 1413000000,
    "grossProfit": 930000000,
    "grossProfitRatio": 0.3969270166,
    "researchAndDevelopmentExpenses": 309000000,
    "generalAndAdministrativeExpenses": 137000000,
    "sellingAndMarketingExpenses": 118000000,
    "sellingGeneralAndAdministrativeExpenses": 255000000,
    "otherExpenses": 44000000,
    "operatingExpenses": 608000000,
    "costAndExpenses": 2021000000,
    "interestIncome": 4000000,
    "interestExpense": 24000000,
    "depreciationAndAmortization": 105000000,
    "ebitda": 431000000,
    "ebitdaratio": 0.183952198,
    "operatingIncome": 322000000,
    "operatingIncomeRatio": 0.1374306445,
    "totalOtherIncomeExpensesNet": -20000000,
    "incomeBeforeTax": 302000000,
    "incomeBeforeTaxRatio": 0.1288945796,
    "incomeTaxExpense": 84000000,
    "netIncome": 218000000,
    "netIncomeRatio": 0.0930431071,
    "eps": 0.17,
    "epsdiluted": 0.17,
    "weightedAverageShsOut": 1257000000,
    "weightedAverageShsOutDil": 1268000000,
    "link": "https://www.sec.gov/Archives/edgar/data/6951/000000695112000011/0000006951-12-000011-index.htm",
    "finalLink": "https://www.sec.gov/Archives/edgar/data/6951/000000695112000011/amat-072912x10qxdoc.htm"
  },
  {
    "date": "2012-04-29",
    "symbol": "AMAT",
    "reportedCurrency": "USD",
    "cik": "0000006951",
    "fillingDate": "2012-05-24",
    "acceptedDate": "2012-05-24 16:25:10",
    "calendarYear": "2012",
    "period": "Q2",
    "revenue": 2541000000,
    "costOfRevenue": 1530000000,
    "grossProfit": 1011000000,
    "grossProfitRatio": 0.3978748524,
    "researchAndDevelopmentExpenses": 321000000,
    "generalAndAdministrativeExpenses": 0,
    "sellingAndMarketingExpenses": 0,
    "sellingGeneralAndAdministrativeExpenses": 281000000,
    "otherExpenses": 0,
    "operatingExpenses": 602000000,
    "costAndExpenses": 2132000000,
    "interestIncome": 4000000,
    "interestExpense": 23000000,
    "depreciationAndAmortization": 108000000,
    "ebitda": 518000000,
    "ebitdaratio": 0.2038567493,
    "operatingIncome": 409000000,
    "operatingIncomeRatio": 0.1609602519,
    "totalOtherIncomeExpensesNet": -22000000,
    "incomeBeforeTax": 387000000,
    "incomeBeforeTaxRatio": 0.1523022432,
    "incomeTaxExpense": 98000000,
    "netIncome": 289000000,
    "netIncomeRatio": 0.1137347501,
    "eps": 0.22,
    "epsdiluted": 0.22,
    "weightedAverageShsOut": 1289000000,
    "weightedAverageShsOutDil": 1301000000,
    "link": "https://www.sec.gov/Archives/edgar/data/6951/000144530512001872/0001445305-12-001872-index.htm",
    "finalLink": "https://www.sec.gov/Archives/edgar/data/6951/000144530512001872/amat-042912x10qxdoc.htm"
  },
  {
    "date": "2012-01-29",
    "symbol": "AMAT",
    "reportedCurrency": "USD",
    "cik": "0000006951",
    "fillingDate": "2012-02-27",
    "acceptedDate": "2012-02-27 16:48:45",
    "calendarYear": "2012",
    "period": "Q1",
    "revenue": 2189000000,
    "costOfRevenue": 1403000000,
    "grossProfit": 786000000,
    "grossProfitRatio": 0.3590680676,
    "researchAndDevelopmentExpenses": 304000000,
    "generalAndAdministrativeExpenses": 0,
    "sellingAndMarketingExpenses": 0,
    "sellingGeneralAndAdministrativeExpenses": 303000000,
    "otherExpenses": 0,
    "operatingExpenses": 607000000,
    "costAndExpenses": 2010000000,
    "interestIncome": 4000000,
    "interestExpense": 24000000,
    "depreciationAndAmortization": 112000000,
    "ebitda": 295000000,
    "ebitdaratio": 0.1347647328,
    "operatingIncome": 179000000,
    "operatingIncomeRatio": 0.0817724989,
    "totalOtherIncomeExpensesNet": -20000000,
    "incomeBeforeTax": 159000000,
    "incomeBeforeTaxRatio": 0.0726359068,
    "incomeTaxExpense": 42000000,
    "netIncome": 117000000,
    "netIncomeRatio": 0.0534490635,
    "eps": 0.09,
    "epsdiluted": 0.09,
    "weightedAverageShsOut": 1299000000,
    "weightedAverageShsOutDil": 1310000000,
    "link": "https://www.sec.gov/Archives/edgar/data/6951/000119312512081804/0001193125-12-081804-index.htm",
    "finalLink": "https://www.sec.gov/Archives/edgar/data/6951/000119312512081804/d277612d10q.htm"
  },
  {
    "date": "2011-10-30",
    "symbol": "AMAT",
    "reportedCurrency": "USD",
    "cik": "0000006951",
    "fillingDate": "2011-12-06",
    "acceptedDate": "2011-12-06 16:07:25",
    "calendarYear": "2011",
    "period": "Q4",
    "revenue": 2181000000,
    "costOfRevenue": 1330000000,
    "grossProfit": 851000000,
    "grossProfitRatio": 0.3901879872,
    "researchAndDevelopmentExpenses": 268000000,
    "generalAndAdministrativeExpenses": 0,
    "sellingAndMarketingExpenses": 0,
    "sellingGeneralAndAdministrativeExpenses": 222000000,
    "otherExpenses": 0,
    "operatingExpenses": 490000000,
    "costAndExpenses": 1820000000,
    "interestIncome": 9000000,
    "interestExpense": 24000000,
    "depreciationAndAmortization": 59000000,
    "ebitda": 426000000,
    "ebitdaratio": 0.1953232462,
    "operatingIncome": 361000000,
    "operatingIncomeRatio": 0.1655204035,
    "totalOtherIncomeExpensesNet": -18000000,
    "incomeBeforeTax": 343000000,
    "incomeBeforeTaxRatio": 0.1572673086,
    "incomeTaxExpense": -112000000,
    "netIncome": 455000000,
    "netIncomeRatio": 0.2086198991,
    "eps": 0.34,
    "epsdiluted": 0.34,
    "weightedAverageShsOut": 1319000000,
    "weightedAverageShsOutDil": 1330000000,
    "link": "https://www.sec.gov/Archives/edgar/data/6951/000119312511332050/0001193125-11-332050-index.htm",
    "finalLink": "https://www.sec.gov/Archives/edgar/data/6951/000119312511332050/d250870d10k.htm"
  },
  {
    "date": "2011-07-31",
    "symbol": "AMAT",
    "reportedCurrency": "USD",
    "cik": "0000006951",
    "fillingDate": "2011-08-26",
    "acceptedDate": "2011-08-26 16:06:51",
    "calendarYear": "2011",
    "period": "Q3",
    "revenue": 2787000000,
    "costOfRevenue": 1603000000,
    "grossProfit": 1184000000,
    "grossProfitRatio": 0.4248295658,
    "researchAndDevelopmentExpenses": 282000000,
    "generalAndAdministrativeExpenses": 0,
    "sellingAndMarketingExpenses": 0,
    "sellingGeneralAndAdministrativeExpenses": 240000000,
    "otherExpenses": 0,
    "operatingExpenses": 522000000,
    "costAndExpenses": 2125000000,
    "interestIncome": 7000000,
    "interestExpense": 25000000,
    "depreciationAndAmortization": 59000000,
    "ebitda": 753000000,
    "ebitdaratio": 0.2701829925,
    "operatingIncome": 687000000,
    "operatingIncomeRatio": 0.2465016146,
    "totalOtherIncomeExpensesNet": -18000000,
    "incomeBeforeTax": 669000000,
    "incomeBeforeTaxRatio": 0.2400430571,
    "incomeTaxExpense": 193000000,
    "netIncome": 476000000,
    "netIncomeRatio": 0.1707929673,
    "eps": 0.36,
    "epsdiluted": 0.36,
    "weightedAverageShsOut": 1318000000,
    "weightedAverageShsOutDil": 1330000000,
    "link": "https://www.sec.gov/Archives/edgar/data/6951/000095012311080527/0000950123-11-080527-index.htm",
    "finalLink": "https://www.sec.gov/Archives/edgar/data/6951/000095012311080527/f59502e10vq.htm"
  },
  {
    "date": "2011-05-01",
    "symbol": "AMAT",
    "reportedCurrency": "USD",
    "cik": "0000006951",
    "fillingDate": "2011-05-31",
    "acceptedDate": "2011-05-31 17:22:19",
    "calendarYear": "2011",
    "period": "Q2",
    "revenue": 2862000000,
    "costOfRevenue": 1673000000,
    "grossProfit": 1189000000,
    "grossProfitRatio": 0.4154437456,
    "researchAndDevelopmentExpenses": 297000000,
    "generalAndAdministrativeExpenses": 112000000,
    "sellingAndMarketingExpenses": 107000000,
    "sellingGeneralAndAdministrativeExpenses": 219000000,
    "otherExpenses": 0,
    "operatingExpenses": 516000000,
    "costAndExpenses": 2189000000,
    "interestIncome": 14000000,
    "interestExpense": 5000000,
    "depreciationAndAmortization": 65000000,
    "ebitda": 756000000,
    "ebitdaratio": 0.2641509434,
    "operatingIncome": 677000000,
    "operatingIncomeRatio": 0.2365478686,
    "totalOtherIncomeExpensesNet": 9000000,
    "incomeBeforeTax": 686000000,
    "incomeBeforeTaxRatio": 0.2396925227,
    "incomeTaxExpense": 197000000,
    "netIncome": 489000000,
    "netIncomeRatio": 0.1708595388,
    "eps": 0.37,
    "epsdiluted": 0.37,
    "weightedAverageShsOut": 1320000000,
    "weightedAverageShsOutDil": 1333000000,
    "link": "https://www.sec.gov/Archives/edgar/data/6951/000095012311055462/0000950123-11-055462-index.htm",
    "finalLink": "https://www.sec.gov/Archives/edgar/data/6951/000095012311055462/f58835e10vq.htm"
  },
  {
    "date": "2011-01-30",
    "symbol": "AMAT",
    "reportedCurrency": "USD",
    "cik": "0000006951",
    "fillingDate": "2011-02-28",
    "acceptedDate": "2011-02-28 16:12:36",
    "calendarYear": "2011",
    "period": "Q1",
    "revenue": 2686000000,
    "costOfRevenue": 1550000000,
    "grossProfit": 1136000000,
    "grossProfitRatio": 0.4229337305,
    "researchAndDevelopmentExpenses": 270000000,
    "generalAndAdministrativeExpenses": 112000000,
    "sellingAndMarketingExpenses": 109000000,
    "sellingGeneralAndAdministrativeExpenses": 221000000,
    "otherExpenses": -29000000,
    "operatingExpenses": 462000000,
    "costAndExpenses": 2012000000,
    "interestIncome": 11000000,
    "interestExpense": 5000000,
    "depreciationAndAmortization": 63000000,
    "ebitda": 748000000,
    "ebitdaratio": 0.2784810127,
    "operatingIncome": 674000000,
    "operatingIncomeRatio": 0.250930752,
    "totalOtherIncomeExpensesNet": 6000000,
    "incomeBeforeTax": 680000000,
    "incomeBeforeTaxRatio": 0.253164557,
    "incomeTaxExpense": 174000000,
    "netIncome": 506000000,
    "netIncomeRatio": 0.1883842144,
    "eps": 0.38,
    "epsdiluted": 0.38,
    "weightedAverageShsOut": 1324000000,
    "weightedAverageShsOutDil": 1335000000,
    "link": "https://www.sec.gov/Archives/edgar/data/6951/000095012311019761/0000950123-11-019761-index.htm",
    "finalLink": "https://www.sec.gov/Archives/edgar/data/6951/000095012311019761/f57971e10vq.htm"
  },
  {
    "date": "2010-10-31",
    "symbol": "AMAT",
    "reportedCurrency": "USD",
    "cik": "0000006951",
    "fillingDate": "2010-12-10",
    "acceptedDate": "2010-12-10 14:19:42",
    "calendarYear": "2010",
    "period": "Q4",
    "revenue": 2886435000,
    "costOfRevenue": 1669637000,
    "grossProfit": 1216798000,
    "grossProfitRatio": 0.4215573883,
    "researchAndDevelopmentExpenses": 278192000,
    "generalAndAdministrativeExpenses": 139248000,
    "sellingAndMarketingExpenses": 102659000,
    "sellingGeneralAndAdministrativeExpenses": 241907000,
    "otherExpenses": 0,
    "operatingExpenses": 520099000,
    "costAndExpenses": 2189736000,
    "interestIncome": 10177000,
    "interestExpense": 5745000,
    "depreciationAndAmortization": 68773000,
    "ebitda": 777867000,
    "ebitdaratio": 0.2694905654,
    "operatingIncome": 698917000,
    "operatingIncomeRatio": 0.2421384857,
    "totalOtherIncomeExpensesNet": 4432000,
    "incomeBeforeTax": 703349000,
    "incomeBeforeTaxRatio": 0.2436739438,
    "incomeTaxExpense": 235334000,
    "netIncome": 468015000,
    "netIncomeRatio": 0.1621429202,
    "eps": 0.35,
    "epsdiluted": 0.35,
    "weightedAverageShsOut": 1339949000,
    "weightedAverageShsOutDil": 1348804000,
    "link": "https://www.sec.gov/Archives/edgar/data/6951/000095012310112754/0000950123-10-112754-index.htm",
    "finalLink": "https://www.sec.gov/Archives/edgar/data/6951/000095012310112754/f56996e10vk.htm"
  },
  {
    "date": "2010-08-01",
    "symbol": "AMAT",
    "reportedCurrency": "USD",
    "cik": "0000006951",
    "fillingDate": "2010-09-03",
    "acceptedDate": "2010-09-03 16:05:47",
    "calendarYear": "2010",
    "period": "Q3",
    "revenue": 2517790000,
    "costOfRevenue": 1657662000,
    "grossProfit": 860128000,
    "grossProfitRatio": 0.3416202304,
    "researchAndDevelopmentExpenses": 290398000,
    "generalAndAdministrativeExpenses": 145994000,
    "sellingAndMarketingExpenses": 105754000,
    "sellingGeneralAndAdministrativeExpenses": 251748000,
    "otherExpenses": 0,
    "operatingExpenses": 542146000,
    "costAndExpenses": 2335139000,
    "interestIncome": 8480000,
    "interestExpense": 5496000,
    "depreciationAndAmortization": 72564000,
    "ebitda": 256000000,
    "ebitdaratio": 0.1016764702,
    "operatingIncome": 182651000,
    "operatingIncomeRatio": 0.0725441756,
    "totalOtherIncomeExpensesNet": -4820000,
    "incomeBeforeTax": 177831000,
    "incomeBeforeTaxRatio": 0.0706297984,
    "incomeTaxExpense": 54735000,
    "netIncome": 123096000,
    "netIncomeRatio": 0.0488904952,
    "eps": 0.09,
    "epsdiluted": 0.09,
    "weightedAverageShsOut": 1339660000,
    "weightedAverageShsOutDil": 1348808000,
    "link": "https://www.sec.gov/Archives/edgar/data/6951/000095012310083841/0000950123-10-083841-index.htm",
    "finalLink": "https://www.sec.gov/Archives/edgar/data/6951/000095012310083841/f55302e10vq.htm"
  },
  {
    "date": "2010-05-02",
    "symbol": "AMAT",
    "reportedCurrency": "USD",
    "cik": "0000006951",
    "fillingDate": "2010-06-09",
    "acceptedDate": "2010-06-09 17:00:46",
    "calendarYear": "2010",
    "period": "Q2",
    "revenue": 2295540000,
    "costOfRevenue": 1368648000,
    "grossProfit": 926892000,
    "grossProfitRatio": 0.4037795029,
    "researchAndDevelopmentExpenses": 305928000,
    "generalAndAdministrativeExpenses": 125779000,
    "sellingAndMarketingExpenses": 100420000,
    "sellingGeneralAndAdministrativeExpenses": 226199000,
    "otherExpenses": 8873000,
    "operatingExpenses": 541000000,
    "costAndExpenses": 1900775000,
    "interestIncome": 10132000,
    "interestExpense": 5206000,
    "depreciationAndAmortization": 86766000,
    "ebitda": 479000000,
    "ebitdaratio": 0.2086654992,
    "operatingIncome": 385797000,
    "operatingIncomeRatio": 0.1680637236,
    "totalOtherIncomeExpensesNet": 1255000,
    "incomeBeforeTax": 387052000,
    "incomeBeforeTaxRatio": 0.1686104359,
    "incomeTaxExpense": 123048000,
    "netIncome": 264004000,
    "netIncomeRatio": 0.1150073621,
    "eps": 0.2,
    "epsdiluted": 0.2,
    "weightedAverageShsOut": 1344617000,
    "weightedAverageShsOutDil": 1352436000,
    "link": "https://www.sec.gov/Archives/edgar/data/6951/000095012310056967/0000950123-10-056967-index.htm",
    "finalLink": "https://www.sec.gov/Archives/edgar/data/6951/000095012310056967/f55265e10vq.htm"
  },
  {
    "date": "2010-01-31",
    "symbol": "AMAT",
    "reportedCurrency": "USD",
    "cik": "0000006951",
    "fillingDate": "2010-03-09",
    "acceptedDate": "2010-03-09 16:05:31",
    "calendarYear": "2010",
    "period": "Q1",
    "revenue": 1848902000,
    "costOfRevenue": 1137718000,
    "grossProfit": 711184000,
    "grossProfitRatio": 0.38465208,
    "researchAndDevelopmentExpenses": 269003000,
    "generalAndAdministrativeExpenses": 124799000,
    "sellingAndMarketingExpenses": 97195000,
    "sellingGeneralAndAdministrativeExpenses": 221994000,
    "otherExpenses": 104003000,
    "operatingExpenses": 595000000,
    "costAndExpenses": 1733000000,
    "interestIncome": 8000000,
    "interestExpense": 5000000,
    "depreciationAndAmortization": 76412000,
    "ebitda": 200000000,
    "ebitdaratio": 0.1081723098,
    "operatingIncome": 116343000,
    "operatingIncomeRatio": 0.0629254552,
    "totalOtherIncomeExpensesNet": 2391000,
    "incomeBeforeTax": 118734000,
    "incomeBeforeTaxRatio": 0.0642186552,
    "incomeTaxExpense": 35983000,
    "netIncome": 82751000,
    "netIncomeRatio": 0.0447568341,
    "eps": 0.06,
    "epsdiluted": 0.06,
    "weightedAverageShsOut": 1341941000,
    "weightedAverageShsOutDil": 1349567000,
    "link": "https://www.sec.gov/Archives/edgar/data/6951/000095012310022556/0000950123-10-022556-index.htm",
    "finalLink": "https://www.sec.gov/Archives/edgar/data/6951/000095012310022556/f54450e10vq.htm"
  },
  {
    "date": "2009-10-25",
    "symbol": "AMAT",
    "reportedCurrency": "USD",
    "cik": "0000006951",
    "fillingDate": "2009-12-11",
    "acceptedDate": "2009-12-11 16:20:48",
    "calendarYear": "2009",
    "period": "Q4",
    "revenue": 1526394000,
    "costOfRevenue": 967558000,
    "grossProfit": 558836000,
    "grossProfitRatio": 0.3661151708,
    "researchAndDevelopmentExpenses": 234188000,
    "generalAndAdministrativeExpenses": 76138000,
    "sellingAndMarketingExpenses": 79261000,
    "sellingGeneralAndAdministrativeExpenses": 155399000,
    "otherExpenses": 0,
    "operatingExpenses": 389587000,
    "costAndExpenses": 1357145000,
    "interestIncome": 11323000,
    "interestExpense": 5359000,
    "depreciationAndAmortization": 71594000,
    "ebitda": 250801000,
    "ebitdaratio": 0.1643094771,
    "operatingIncome": 172942000,
    "operatingIncomeRatio": 0.1133010219,
    "totalOtherIncomeExpensesNet": 906000,
    "incomeBeforeTax": 173848000,
    "incomeBeforeTaxRatio": 0.1138945777,
    "incomeTaxExpense": 35986000,
    "netIncome": 137862000,
    "netIncomeRatio": 0.0903187513,
    "eps": 0.1,
    "epsdiluted": 0.1,
    "weightedAverageShsOut": 1333091000,
    "weightedAverageShsOutDil": 1333091000,
    "link": "https://www.sec.gov/Archives/edgar/data/6951/000095012309070205/0000950123-09-070205-index.htm",
    "finalLink": "https://www.sec.gov/Archives/edgar/data/6951/000095012309070205/f53510e10vk.htm"
  },
  {
    "date": "2009-07-26",
    "symbol": "AMAT",
    "reportedCurrency": "USD",
    "cik": "0000006951",
    "fillingDate": "2009-09-01",
    "acceptedDate": "2009-09-01 16:06:31",
    "calendarYear": "2009",
    "period": "Q3",
    "revenue": 1133740000,
    "costOfRevenue": 808866000,
    "grossProfit": 324874000,
    "grossProfitRatio": 0.2865507083,
    "researchAndDevelopmentExpenses": 234052000,
    "generalAndAdministrativeExpenses": 88487000,
    "sellingAndMarketingExpenses": 79518000,
    "sellingGeneralAndAdministrativeExpenses": 168005000,
    "otherExpenses": 0,
    "operatingExpenses": 402057000,
    "costAndExpenses": 1210923000,
    "interestIncome": 10233000,
    "interestExpense": 4893000,
    "depreciationAndAmortization": 73501000,
    "ebitda": 4210000,
    "ebitdaratio": 0.0037133734,
    "operatingIncome": -77183000,
    "operatingIncomeRatio": -0.068078219,
    "totalOtherIncomeExpensesNet": 2999000,
    "incomeBeforeTax": -74184000,
    "incomeBeforeTaxRatio": -0.0654329917,
    "incomeTaxExpense": -19319000,
    "netIncome": -54865000,
    "netIncomeRatio": -0.0483929296,
    "eps": -0.0412,
    "epsdiluted": -0.0412,
    "weightedAverageShsOut": 1333278000,
    "weightedAverageShsOutDil": 1333278000,
    "link": "https://www.sec.gov/Archives/edgar/data/6951/000095012309040145/0000950123-09-040145-index.htm",
    "finalLink": "https://www.sec.gov/Archives/edgar/data/6951/000095012309040145/f53399e10vq.htm"
  },
  {
    "date": "2009-04-26",
    "symbol": "AMAT",
    "reportedCurrency": "USD",
    "cik": "0000006951",
    "fillingDate": "2009-06-03",
    "acceptedDate": "2009-06-03 17:02:49",
    "calendarYear": "2009",
    "period": "Q2",
    "revenue": 1020077000,
    "costOfRevenue": 864558000,
    "grossProfit": 155519000,
    "grossProfitRatio": 0.1524580988,
    "researchAndDevelopmentExpenses": 236335000,
    "generalAndAdministrativeExpenses": 101080000,
    "sellingAndMarketingExpenses": 84678000,
    "sellingGeneralAndAdministrativeExpenses": 185758000,
    "otherExpenses": 26709000,
    "operatingExpenses": 448802000,
    "costAndExpenses": 1313360000,
    "interestIncome": 11789000,
    "interestExpense": 5058000,
    "depreciationAndAmortization": 74880000,
    "ebitda": -302870000,
    "ebitdaratio": -0.2969089588,
    "operatingIncome": -293283000,
    "operatingIncomeRatio": -0.2875106487,
    "totalOtherIncomeExpensesNet": -89525000,
    "incomeBeforeTax": -382808000,
    "incomeBeforeTaxRatio": -0.3752736313,
    "incomeTaxExpense": -127418000,
    "netIncome": -255390000,
    "netIncomeRatio": -0.250363453,
    "eps": -0.19,
    "epsdiluted": -0.19,
    "weightedAverageShsOut": 1331729000,
    "weightedAverageShsOutDil": 1331729000,
    "link": "https://www.sec.gov/Archives/edgar/data/6951/000095012309011037/0000950123-09-011037-index.htm",
    "finalLink": "https://www.sec.gov/Archives/edgar/data/6951/000095012309011037/f52636e10vq.htm"
  },
  {
    "date": "2009-01-25",
    "symbol": "AMAT",
    "reportedCurrency": "USD",
    "cik": "0000006951",
    "fillingDate": "2009-03-03",
    "acceptedDate": "2009-03-03 16:20:21",
    "calendarYear": "2009",
    "period": "Q1",
    "revenue": 1333396000,
    "costOfRevenue": 941820000,
    "grossProfit": 391576000,
    "grossProfitRatio": 0.2936681976,
    "researchAndDevelopmentExpenses": 229540000,
    "generalAndAdministrativeExpenses": 141241000,
    "sellingAndMarketingExpenses": 84115000,
    "sellingGeneralAndAdministrativeExpenses": 225356000,
    "otherExpenses": 132772000,
    "operatingExpenses": 587668000,
    "costAndExpenses": 1529488000,
    "interestIncome": 15235000,
    "interestExpense": 5994000,
    "depreciationAndAmortization": 71228000,
    "ebitda": -125437000,
    "ebitdaratio": -0.0940733286,
    "operatingIncome": -196092000,
    "operatingIncomeRatio": -0.1470620881,
    "totalOtherIncomeExpensesNet": -6567000,
    "incomeBeforeTax": -202659000,
    "incomeBeforeTaxRatio": -0.1519871066,
    "incomeTaxExpense": -69725000,
    "netIncome": -132934000,
    "netIncomeRatio": -0.0996958143,
    "eps": -0.1,
    "epsdiluted": -0.1,
    "weightedAverageShsOut": 1329223000,
    "weightedAverageShsOutDil": 1329223000,
    "link": "https://www.sec.gov/Archives/edgar/data/6951/000095013409004336/0000950134-09-004336-index.htm",
    "finalLink": "https://www.sec.gov/Archives/edgar/data/6951/000095013409004336/f51684e10vq.htm"
  },
  {
    "date": "2008-10-26",
    "symbol": "AMAT",
    "reportedCurrency": "USD",
    "cik": "0000006951",
    "fillingDate": "2008-12-12",
    "acceptedDate": "2008-12-12 15:41:29",
    "calendarYear": "2008",
    "period": "Q4",
    "revenue": 2043677000,
    "costOfRevenue": 1244972000,
    "grossProfit": 798705000,
    "grossProfitRatio": 0.3908176292,
    "researchAndDevelopmentExpenses": 275222000,
    "generalAndAdministrativeExpenses": 138410000,
    "sellingAndMarketingExpenses": 100131000,
    "sellingGeneralAndAdministrativeExpenses": 238541000,
    "otherExpenses": 0,
    "operatingExpenses": 513763000,
    "costAndExpenses": 1758735000,
    "interestIncome": 20937000,
    "interestExpense": 4846000,
    "depreciationAndAmortization": 80012000,
    "ebitda": 364954000,
    "ebitdaratio": 0.1785771431,
    "operatingIncome": 294628000,
    "operatingIncomeRatio": 0.1441656387,
    "totalOtherIncomeExpensesNet": 28061000,
    "incomeBeforeTax": 322689000,
    "incomeBeforeTaxRatio": 0.157896282,
    "incomeTaxExpense": 91594000,
    "netIncome": 231095000,
    "netIncomeRatio": 0.1130780451,
    "eps": 0.17,
    "epsdiluted": 0.17,
    "weightedAverageShsOut": 1354176000,
    "weightedAverageShsOutDil": 1374507000,
    "link": "https://www.sec.gov/Archives/edgar/data/6951/000095013408022104/0000950134-08-022104-index.htm",
    "finalLink": "https://www.sec.gov/Archives/edgar/data/6951/000095013408022104/f50137e10vk.htm"
  },
  {
    "date": "2008-07-27",
    "symbol": "AMAT",
    "reportedCurrency": "USD",
    "cik": "0000006951",
    "fillingDate": "2008-08-29",
    "acceptedDate": "2008-08-29 16:09:39",
    "calendarYear": "2008",
    "period": "Q3",
    "revenue": 1848168000,
    "costOfRevenue": 1105854000,
    "grossProfit": 742314000,
    "grossProfitRatio": 0.4016485514,
    "researchAndDevelopmentExpenses": 268559000,
    "generalAndAdministrativeExpenses": 129341000,
    "sellingAndMarketingExpenses": 115944000,
    "sellingGeneralAndAdministrativeExpenses": 245285000,
    "otherExpenses": 0,
    "operatingExpenses": 513844000,
    "costAndExpenses": 1619698000,
    "interestIncome": 25399000,
    "interestExpense": 4859000,
    "depreciationAndAmortization": 85718000,
    "ebitda": 314188000,
    "ebitdaratio": 0.169999697,
    "operatingIncome": 228332000,
    "operatingIncomeRatio": 0.1235450457,
    "totalOtherIncomeExpensesNet": 14232000,
    "incomeBeforeTax": 242564000,
    "incomeBeforeTaxRatio": 0.1312456443,
    "incomeTaxExpense": 77796000,
    "netIncome": 164768000,
    "netIncomeRatio": 0.0891520684,
    "eps": 0.12,
    "epsdiluted": 0.12,
    "weightedAverageShsOut": 1350526000,
    "weightedAverageShsOutDil": 1367557000,
    "link": "https://www.sec.gov/Archives/edgar/data/6951/000089161808000427/0000891618-08-000427-index.htm",
    "finalLink": "https://www.sec.gov/Archives/edgar/data/6951/000089161808000427/f43385e10vq.htm"
  },
  {
    "date": "2008-04-27",
    "symbol": "AMAT",
    "reportedCurrency": "USD",
    "cik": "0000006951",
    "fillingDate": "2008-06-04",
    "acceptedDate": "2008-06-04 16:34:45",
    "calendarYear": "2008",
    "period": "Q2",
    "revenue": 2149998000,
    "costOfRevenue": 1183170000,
    "grossProfit": 966828000,
    "grossProfitRatio": 0.4496878602,
    "researchAndDevelopmentExpenses": 287122000,
    "generalAndAdministrativeExpenses": 122035000,
    "sellingAndMarketingExpenses": 119410000,
    "sellingGeneralAndAdministrativeExpenses": 241445000,
    "otherExpenses": 0,
    "operatingExpenses": 528567000,
    "costAndExpenses": 1711737000,
    "interestIncome": 32414000,
    "interestExpense": 6256000,
    "depreciationAndAmortization": 75847000,
    "ebitda": 514108000,
    "ebitdaratio": 0.2391202224,
    "operatingIncome": 437751000,
    "operatingIncomeRatio": 0.2036053057,
    "totalOtherIncomeExpensesNet": 16392000,
    "incomeBeforeTax": 454143000,
    "incomeBeforeTaxRatio": 0.2112294988,
    "incomeTaxExpense": 151636000,
    "netIncome": 302507000,
    "netIncomeRatio": 0.1407010611,
    "eps": 0.22,
    "epsdiluted": 0.22,
    "weightedAverageShsOut": 1356705000,
    "weightedAverageShsOutDil": 1373314000,
    "link": "https://www.sec.gov/Archives/edgar/data/6951/000095013408010730/0000950134-08-010730-index.htm",
    "finalLink": "https://www.sec.gov/Archives/edgar/data/6951/000095013408010730/f41277e10vq.htm"
  },
  {
    "date": "2008-01-27",
    "symbol": "AMAT",
    "reportedCurrency": "USD",
    "cik": "0000006951",
    "fillingDate": "2008-03-03",
    "acceptedDate": "2008-03-03 16:11:52",
    "calendarYear": "2008",
    "period": "Q1",
    "revenue": 2087397000,
    "costOfRevenue": 1152416000,
    "grossProfit": 934981000,
    "grossProfitRatio": 0.4479171906,
    "researchAndDevelopmentExpenses": 273219000,
    "generalAndAdministrativeExpenses": 115976000,
    "sellingAndMarketingExpenses": 123917000,
    "sellingGeneralAndAdministrativeExpenses": 239893000,
    "otherExpenses": 48986000,
    "operatingExpenses": 562098000,
    "costAndExpenses": 1714514000,
    "interestIncome": 30570000,
    "interestExpense": 4545000,
    "depreciationAndAmortization": 78474000,
    "ebitda": 500343000,
    "ebitdaratio": 0.2396970964,
    "operatingIncome": 372883000,
    "operatingIncomeRatio": 0.1786354009,
    "totalOtherIncomeExpensesNet": 16439000,
    "incomeBeforeTax": 389322000,
    "incomeBeforeTaxRatio": 0.1865107596,
    "incomeTaxExpense": 126946000,
    "netIncome": 262376000,
    "netIncomeRatio": 0.1256953038,
    "eps": 0.19,
    "epsdiluted": 0.19,
    "weightedAverageShsOut": 1371245000,
    "weightedAverageShsOutDil": 1383886000,
    "link": "https://www.sec.gov/Archives/edgar/data/6951/000095013408003946/0000950134-08-003946-index.htm",
    "finalLink": "https://www.sec.gov/Archives/edgar/data/6951/000095013408003946/f38416e10vq.htm"
  },
  {
    "date": "2007-10-28",
    "symbol": "AMAT",
    "reportedCurrency": "USD",
    "cik": "0000006951",
    "fillingDate": "2007-12-14",
    "acceptedDate": "2007-12-14 16:05:18",
    "calendarYear": "2007",
    "period": "Q4",
    "revenue": 2367044000,
    "costOfRevenue": 1290139000,
    "grossProfit": 1076905000,
    "grossProfitRatio": 0.4549577448,
    "researchAndDevelopmentExpenses": 270878000,
    "generalAndAdministrativeExpenses": 125624000,
    "sellingAndMarketingExpenses": 116270000,
    "sellingGeneralAndAdministrativeExpenses": 241894000,
    "otherExpenses": 0,
    "operatingExpenses": 512772000,
    "costAndExpenses": 1802911000,
    "interestIncome": 39556000,
    "interestExpense": 9243000,
    "depreciationAndAmortization": 81024000,
    "ebitda": 645157000,
    "ebitdaratio": 0.2725580936,
    "operatingIncome": 561094000,
    "operatingIncomeRatio": 0.2370441783,
    "totalOtherIncomeExpensesNet": 18151000,
    "incomeBeforeTax": 579245000,
    "incomeBeforeTaxRatio": 0.2447123923,
    "incomeTaxExpense": 157484000,
    "netIncome": 421761000,
    "netIncomeRatio": 0.1781804647,
    "eps": 0.3,
    "epsdiluted": 0.3,
    "weightedAverageShsOut": 1406685000,
    "weightedAverageShsOutDil": 1427002000,
    "link": "https://www.sec.gov/Archives/edgar/data/6951/000089161807000682/0000891618-07-000682-index.htm",
    "finalLink": "https://www.sec.gov/Archives/edgar/data/6951/000089161807000682/f36116e10vk.htm"
  },
  {
    "date": "2007-07-29",
    "symbol": "AMAT",
    "reportedCurrency": "USD",
    "cik": "0000006951",
    "fillingDate": "2007-08-30",
    "acceptedDate": "2007-08-30 16:11:05",
    "calendarYear": "2007",
    "period": "Q3",
    "revenue": 2560984000,
    "costOfRevenue": 1344594000,
    "grossProfit": 1216390000,
    "grossProfitRatio": 0.4749697772,
    "researchAndDevelopmentExpenses": 292584000,
    "generalAndAdministrativeExpenses": 134359000,
    "sellingAndMarketingExpenses": 115969000,
    "sellingGeneralAndAdministrativeExpenses": 250328000,
    "otherExpenses": 0,
    "operatingExpenses": 542912000,
    "costAndExpenses": 1887506000,
    "interestIncome": 32468000,
    "interestExpense": 10075000,
    "depreciationAndAmortization": 63332000,
    "ebitda": 736810000,
    "ebitdaratio": 0.2877058193,
    "operatingIncome": 671862000,
    "operatingIncomeRatio": 0.2623452548,
    "totalOtherIncomeExpensesNet": 15045000,
    "incomeBeforeTax": 686907000,
    "incomeBeforeTaxRatio": 0.2682199498,
    "incomeTaxExpense": 213392000,
    "netIncome": 473515000,
    "netIncomeRatio": 0.1848957276,
    "eps": 0.34,
    "epsdiluted": 0.34,
    "weightedAverageShsOut": 1385519000,
    "weightedAverageShsOutDil": 1407264000,
    "link": "https://www.sec.gov/Archives/edgar/data/6951/000095013407019326/0000950134-07-019326-index.htm",
    "finalLink": "https://www.sec.gov/Archives/edgar/data/6951/000095013407019326/f33325e10vq.htm"
  },
  {
    "date": "2007-04-29",
    "symbol": "AMAT",
    "reportedCurrency": "USD",
    "cik": "0000006951",
    "fillingDate": "2007-05-30",
    "acceptedDate": "2007-05-30 16:22:31",
    "calendarYear": "2007",
    "period": "Q2",
    "revenue": 2529561000,
    "costOfRevenue": 1392951000,
    "grossProfit": 1136610000,
    "grossProfitRatio": 0.4493309313,
    "researchAndDevelopmentExpenses": 291044000,
    "generalAndAdministrativeExpenses": 119391000,
    "sellingAndMarketingExpenses": 112107000,
    "sellingGeneralAndAdministrativeExpenses": 231498000,
    "otherExpenses": 25044000,
    "operatingExpenses": 547586000,
    "costAndExpenses": 1940537000,
    "interestIncome": 34022000,
    "interestExpense": 8845000,
    "depreciationAndAmortization": 63074000,
    "ebitda": 677142000,
    "ebitdaratio": 0.2676915085,
    "operatingIncome": 589024000,
    "operatingIncomeRatio": 0.232856215,
    "totalOtherIncomeExpensesNet": 19253000,
    "incomeBeforeTax": 608277000,
    "incomeBeforeTaxRatio": 0.2404674171,
    "incomeTaxExpense": 196833000,
    "netIncome": 411444000,
    "netIncomeRatio": 0.1626543104,
    "eps": 0.3,
    "epsdiluted": 0.29,
    "weightedAverageShsOut": 1391076000,
    "weightedAverageShsOutDil": 1407255000,
    "link": "https://www.sec.gov/Archives/edgar/data/6951/000095013407012598/0000950134-07-012598-index.htm",
    "finalLink": "https://www.sec.gov/Archives/edgar/data/6951/000095013407012598/f30722e10vq.htm"
  },
  {
    "date": "2007-01-28",
    "symbol": "AMAT",
    "reportedCurrency": "USD",
    "cik": "0000006951",
    "fillingDate": "2007-02-28",
    "acceptedDate": "2007-02-28 16:36:53",
    "calendarYear": "2007",
    "period": "Q1",
    "revenue": 2277267000,
    "costOfRevenue": 1214729000,
    "grossProfit": 1062538000,
    "grossProfitRatio": 0.4665847263,
    "researchAndDevelopmentExpenses": 287567000,
    "generalAndAdministrativeExpenses": 121811000,
    "sellingAndMarketingExpenses": 106912000,
    "sellingGeneralAndAdministrativeExpenses": 228723000,
    "otherExpenses": 0,
    "operatingExpenses": 516290000,
    "costAndExpenses": 1731019000,
    "interestIncome": 30103000,
    "interestExpense": 10468000,
    "depreciationAndAmortization": 60904000,
    "ebitda": 607152000,
    "ebitdaratio": 0.2666143232,
    "operatingIncome": 549526000,
    "operatingIncomeRatio": 0.2413094292,
    "totalOtherIncomeExpensesNet": 15698000,
    "incomeBeforeTax": 565224000,
    "incomeBeforeTaxRatio": 0.2482027799,
    "incomeTaxExpense": 161748000,
    "netIncome": 403476000,
    "netIncomeRatio": 0.1771755354,
    "eps": 0.29,
    "epsdiluted": 0.29,
    "weightedAverageShsOut": 1394710000,
    "weightedAverageShsOutDil": 1409014000,
    "link": "https://www.sec.gov/Archives/edgar/data/6951/000095013407004387/0000950134-07-004387-index.htm",
    "finalLink": "https://www.sec.gov/Archives/edgar/data/6951/000095013407004387/f27749e10vq.htm"
  },
  {
    "date": "2006-10-29",
    "symbol": "AMAT",
    "reportedCurrency": "USD",
    "cik": "0000006951",
    "fillingDate": "2006-12-14",
    "acceptedDate": "2006-12-14 14:32:05",
    "calendarYear": "2006",
    "period": "Q4",
    "revenue": 2518293000,
    "costOfRevenue": 1332169000,
    "grossProfit": 1186124000,
    "grossProfitRatio": 0.4710031756,
    "researchAndDevelopmentExpenses": 299240000,
    "generalAndAdministrativeExpenses": 0,
    "sellingAndMarketingExpenses": 0,
    "sellingGeneralAndAdministrativeExpenses": 250564000,
    "otherExpenses": 572656000,
    "operatingExpenses": 1122460000,
    "costAndExpenses": 2454629000,
    "interestIncome": 0,
    "interestExpense": 9308000,
    "depreciationAndAmortization": 73028000,
    "ebitda": 136692000,
    "ebitdaratio": 0.0542796251,
    "operatingIncome": 62174000,
    "operatingIncomeRatio": 0.024688946,
    "totalOtherIncomeExpensesNet": 597895000,
    "incomeBeforeTax": 660069000,
    "incomeBeforeTaxRatio": 0.262109691,
    "incomeTaxExpense": 211040000,
    "netIncome": 449029000,
    "netIncomeRatio": 0.1783068928,
    "eps": 0.29,
    "epsdiluted": 0.29,
    "weightedAverageShsOut": 1551339000,
    "weightedAverageShsOutDil": 1565072000,
    "link": "https://www.sec.gov/Archives/edgar/data/6951/000089161806000507/0000891618-06-000507-index.htm",
    "finalLink": "https://www.sec.gov/Archives/edgar/data/6951/000089161806000507/f25754e10vk.htm"
  },
  {
    "date": "2006-07-30",
    "symbol": "AMAT",
    "reportedCurrency": "USD",
    "cik": "0000006951",
    "fillingDate": "2006-08-31",
    "acceptedDate": "2006-08-31 16:05:22",
    "calendarYear": "2006",
    "period": "Q3",
    "revenue": 2543443000,
    "costOfRevenue": 1320089000,
    "grossProfit": 1223354000,
    "grossProfitRatio": 0.4809834543,
    "researchAndDevelopmentExpenses": 304326000,
    "generalAndAdministrativeExpenses": 117083000,
    "sellingAndMarketingExpenses": 123810000,
    "sellingGeneralAndAdministrativeExpenses": 240893000,
    "otherExpenses": 0,
    "operatingExpenses": 545219000,
    "costAndExpenses": 1865308000,
    "interestIncome": 50578000,
    "interestExpense": 8848000,
    "depreciationAndAmortization": 61871000,
    "ebitda": 740006000,
    "ebitdaratio": 0.2909465634,
    "operatingIncome": 680781000,
    "operatingIncomeRatio": 0.2676611978,
    "totalOtherIncomeExpensesNet": 41730000,
    "incomeBeforeTax": 722511000,
    "incomeBeforeTaxRatio": 0.284068092,
    "incomeTaxExpense": 210471000,
    "netIncome": 512040000,
    "netIncomeRatio": 0.2013176627,
    "eps": 0.33,
    "epsdiluted": 0.33,
    "weightedAverageShsOut": 1550744000,
    "weightedAverageShsOutDil": 1562615000,
    "link": "https://www.sec.gov/Archives/edgar/data/6951/000095013406017127/0000950134-06-017127-index.htm",
    "finalLink": "https://www.sec.gov/Archives/edgar/data/6951/000095013406017127/f23348e10vq.htm"
  },
  {
    "date": "2006-04-30",
    "symbol": "AMAT",
    "reportedCurrency": "USD",
    "cik": "0000006951",
    "fillingDate": "2006-05-30",
    "acceptedDate": "2006-05-30 16:10:15",
    "calendarYear": "2006",
    "period": "Q2",
    "revenue": 2247686000,
    "costOfRevenue": 1203061000,
    "grossProfit": 1044625000,
    "grossProfitRatio": 0.4647557533,
    "researchAndDevelopmentExpenses": 275883000,
    "generalAndAdministrativeExpenses": 111543000,
    "sellingAndMarketingExpenses": 97706000,
    "sellingGeneralAndAdministrativeExpenses": 209249000,
    "otherExpenses": 0,
    "operatingExpenses": 485132000,
    "costAndExpenses": 1688193000,
    "interestIncome": 48630000,
    "interestExpense": 9235000,
    "depreciationAndAmortization": 65838000,
    "ebitda": 625331000,
    "ebitdaratio": 0.2782110135,
    "operatingIncome": 561071000,
    "operatingIncomeRatio": 0.2496216108,
    "totalOtherIncomeExpensesNet": 39395000,
    "incomeBeforeTax": 600466000,
    "incomeBeforeTaxRatio": 0.2671485252,
    "incomeTaxExpense": 187652000,
    "netIncome": 412814000,
    "netIncomeRatio": 0.1836617748,
    "eps": 0.26,
    "epsdiluted": 0.26,
    "weightedAverageShsOut": 1576548000,
    "weightedAverageShsOutDil": 1586404000,
    "link": "https://www.sec.gov/Archives/edgar/data/6951/000095013406010753/0000950134-06-010753-index.htm",
    "finalLink": "https://www.sec.gov/Archives/edgar/data/6951/000095013406010753/f20780e10vq.htm"
  },
  {
    "date": "2006-01-29",
    "symbol": "AMAT",
    "reportedCurrency": "USD",
    "cik": "0000006951",
    "fillingDate": "2006-02-28",
    "acceptedDate": "2006-02-28 16:11:21",
    "calendarYear": "2006",
    "period": "Q1",
    "revenue": 1857592000,
    "costOfRevenue": 1019893000,
    "grossProfit": 837699000,
    "grossProfitRatio": 0.4509596295,
    "researchAndDevelopmentExpenses": 272877000,
    "generalAndAdministrativeExpenses": 105263000,
    "sellingAndMarketingExpenses": 100773000,
    "sellingGeneralAndAdministrativeExpenses": 206036000,
    "otherExpenses": 0,
    "operatingExpenses": 478913000,
    "costAndExpenses": 1498806000,
    "interestIncome": 48691000,
    "interestExpense": 8705000,
    "depreciationAndAmortization": 69676000,
    "ebitda": 428462000,
    "ebitdaratio": 0.2306545248,
    "operatingIncome": 143939000,
    "operatingIncomeRatio": 0.0774868755,
    "totalOtherIncomeExpensesNet": 39986000,
    "incomeBeforeTax": 183925000,
    "incomeBeforeTaxRatio": 0.0990125926,
    "incomeTaxExpense": 41145000,
    "netIncome": 142780000,
    "netIncomeRatio": 0.0768629495,
    "eps": 0.09,
    "epsdiluted": 0.09,
    "weightedAverageShsOut": 1598260000,
    "weightedAverageShsOutDil": 1608165000,
    "link": "https://www.sec.gov/Archives/edgar/data/6951/000095013406003937/0000950134-06-003937-index.htm",
    "finalLink": "https://www.sec.gov/Archives/edgar/data/6951/000095013406003937/f17841e10vq.htm"
  },
  {
    "date": "2005-10-30",
    "symbol": "AMAT",
    "reportedCurrency": "USD",
    "cik": "0000006951",
    "fillingDate": "2005-12-14",
    "acceptedDate": "2005-12-14 16:57:56",
    "calendarYear": "2005",
    "period": "Q4",
    "revenue": 1718120000,
    "costOfRevenue": 957990000,
    "grossProfit": 760130000,
    "grossProfitRatio": 0.4424196214,
    "researchAndDevelopmentExpenses": 236708000,
    "generalAndAdministrativeExpenses": 0,
    "sellingAndMarketingExpenses": 0,
    "sellingGeneralAndAdministrativeExpenses": 171882000,
    "otherExpenses": 0,
    "operatingExpenses": 408590000,
    "costAndExpenses": 1366580000,
    "interestIncome": 0,
    "interestExpense": 0,
    "depreciationAndAmortization": 74368000,
    "ebitda": 425908000,
    "ebitdaratio": 0.2478918818,
    "operatingIncome": 351540000,
    "operatingIncomeRatio": 0.2046073615,
    "totalOtherIncomeExpensesNet": 38974000,
    "incomeBeforeTax": 390514000,
    "incomeBeforeTaxRatio": 0.2272914581,
    "incomeTaxExpense": 143800000,
    "netIncome": 246714000,
    "netIncomeRatio": 0.1435953251,
    "eps": 0.15,
    "epsdiluted": 0.15,
    "weightedAverageShsOut": 1645531000,
    "weightedAverageShsOutDil": 1657493000,
    "link": "https://www.sec.gov/Archives/edgar/data/6951/000095013405023162/0000950134-05-023162-index.htm",
    "finalLink": "https://www.sec.gov/Archives/edgar/data/6951/000095013405023162/f15204e10vk.htm"
  },
  {
    "date": "2005-07-31",
    "symbol": "AMAT",
    "reportedCurrency": "USD",
    "cik": "0000006951",
    "fillingDate": "2005-09-01",
    "acceptedDate": "2005-09-01 16:07:14",
    "calendarYear": "2005",
    "period": "Q3",
    "revenue": 1631938000,
    "costOfRevenue": 914849000,
    "grossProfit": 717089000,
    "grossProfitRatio": 0.4394094629,
    "researchAndDevelopmentExpenses": 236448000,
    "generalAndAdministrativeExpenses": 79578000,
    "sellingAndMarketingExpenses": 98366000,
    "sellingGeneralAndAdministrativeExpenses": 177944000,
    "otherExpenses": 0,
    "operatingExpenses": 414392000,
    "costAndExpenses": 1329241000,
    "interestIncome": 0,
    "interestExpense": 0,
    "depreciationAndAmortization": 72327000,
    "ebitda": 375024000,
    "ebitdaratio": 0.2298028479,
    "operatingIncome": 302697000,
    "operatingIncomeRatio": 0.1854831495,
    "totalOtherIncomeExpensesNet": 36610000,
    "incomeBeforeTax": 339307000,
    "incomeBeforeTaxRatio": 0.2079165998,
    "incomeTaxExpense": -30284000,
    "netIncome": 369591000,
    "netIncomeRatio": 0.2264736773,
    "eps": 0.23,
    "epsdiluted": 0.23,
    "weightedAverageShsOut": 1630895000,
    "weightedAverageShsOutDil": 1641818000,
    "link": "https://www.sec.gov/Archives/edgar/data/6951/000089161805000656/0000891618-05-000656-index.htm",
    "finalLink": "https://www.sec.gov/Archives/edgar/data/6951/000089161805000656/f12164e10vq.htm"
  },
  {
    "date": "2005-05-01",
    "symbol": "AMAT",
    "reportedCurrency": "USD",
    "cik": "0000006951",
    "fillingDate": "2005-05-31",
    "acceptedDate": "2005-05-31 16:11:13",
    "calendarYear": "2005",
    "period": "Q2",
    "revenue": 1861189000,
    "costOfRevenue": 1042759000,
    "grossProfit": 818430000,
    "grossProfitRatio": 0.4397350296,
    "researchAndDevelopmentExpenses": 225589000,
    "generalAndAdministrativeExpenses": 88875000,
    "sellingAndMarketingExpenses": 92448000,
    "sellingGeneralAndAdministrativeExpenses": 181323000,
    "otherExpenses": 0,
    "operatingExpenses": 406912000,
    "costAndExpenses": 1449671000,
    "interestIncome": 40449000,
    "interestExpense": 9815000,
    "depreciationAndAmortization": 74608000,
    "ebitda": 486126000,
    "ebitdaratio": 0.2611910988,
    "operatingIncome": 411518000,
    "operatingIncomeRatio": 0.2211048958,
    "totalOtherIncomeExpensesNet": 30634000,
    "incomeBeforeTax": 442152000,
    "incomeBeforeTaxRatio": 0.2375642667,
    "incomeTaxExpense": 137322000,
    "netIncome": 304830000,
    "netIncomeRatio": 0.1637823993,
    "eps": 0.18,
    "epsdiluted": 0.18,
    "weightedAverageShsOut": 1660584000,
    "weightedAverageShsOutDil": 1671822000,
    "link": "https://www.sec.gov/Archives/edgar/data/6951/000089161805000392/0000891618-05-000392-index.htm",
    "finalLink": "https://www.sec.gov/Archives/edgar/data/6951/000089161805000392/f09506e10vq.htm"
  },
  {
    "date": "2005-01-30",
    "symbol": "AMAT",
    "reportedCurrency": "USD",
    "cik": "0000006951",
    "fillingDate": "2005-03-01",
    "acceptedDate": "2005-03-01 15:51:24",
    "calendarYear": "2005",
    "period": "Q1",
    "revenue": 1780576000,
    "costOfRevenue": 990351000,
    "grossProfit": 790225000,
    "grossProfitRatio": 0.4438030166,
    "researchAndDevelopmentExpenses": 241762000,
    "generalAndAdministrativeExpenses": 88423000,
    "sellingAndMarketingExpenses": 77830000,
    "sellingGeneralAndAdministrativeExpenses": 166253000,
    "otherExpenses": 0,
    "operatingExpenses": 408015000,
    "costAndExpenses": 1398366000,
    "interestIncome": 36658000,
    "interestExpense": 9272000,
    "depreciationAndAmortization": 79281000,
    "ebitda": 461491000,
    "ebitdaratio": 0.259180737,
    "operatingIncome": 382210000,
    "operatingIncomeRatio": 0.2146552576,
    "totalOtherIncomeExpensesNet": 27386000,
    "incomeBeforeTax": 409596000,
    "incomeBeforeTaxRatio": 0.2300356738,
    "incomeTaxExpense": 120831000,
    "netIncome": 288765000,
    "netIncomeRatio": 0.162175049,
    "eps": 0.17,
    "epsdiluted": 0.17,
    "weightedAverageShsOut": 1672671000,
    "weightedAverageShsOutDil": 1687140000,
    "link": "https://www.sec.gov/Archives/edgar/data/6951/000095013405003994/0000950134-05-003994-index.htm",
    "finalLink": "https://www.sec.gov/Archives/edgar/data/6951/000095013405003994/f06316e10vq.htm"
  },
  {
    "date": "2004-10-31",
    "symbol": "AMAT",
    "reportedCurrency": "USD",
    "cik": "0000006951",
    "fillingDate": "2004-12-15",
    "acceptedDate": "2004-12-15 16:28:55",
    "calendarYear": "2004",
    "period": "Q4",
    "revenue": 2203358000,
    "costOfRevenue": 1176145000,
    "grossProfit": 1027213000,
    "grossProfitRatio": 0.4662034041,
    "researchAndDevelopmentExpenses": 248272000,
    "generalAndAdministrativeExpenses": 0,
    "sellingAndMarketingExpenses": 0,
    "sellingGeneralAndAdministrativeExpenses": 214590000,
    "otherExpenses": 26627000,
    "operatingExpenses": 489489000,
    "costAndExpenses": 1665634000,
    "interestIncome": 36100000,
    "interestExpense": 15906000,
    "depreciationAndAmortization": 88124000,
    "ebitda": 625848000,
    "ebitdaratio": 0.284042811,
    "operatingIncome": 537714000,
    "operatingIncomeRatio": 0.2440429563,
    "totalOtherIncomeExpensesNet": 20194000,
    "incomeBeforeTax": 557908000,
    "incomeBeforeTaxRatio": 0.2532080579,
    "incomeTaxExpense": 102900000,
    "netIncome": 455008000,
    "netIncomeRatio": 0.206506614,
    "eps": 0.27,
    "epsdiluted": 0.26,
    "weightedAverageShsOut": 1688121000,
    "weightedAverageShsOutDil": 1721645000,
    "link": "https://www.sec.gov/Archives/edgar/data/6951/000095013404019339/0000950134-04-019339-index.htm",
    "finalLink": "https://www.sec.gov/Archives/edgar/data/6951/000095013404019339/f03874e10vk.htm"
  },
  {
    "date": "2004-08-01",
    "symbol": "AMAT",
    "reportedCurrency": "USD",
    "cik": "0000006951",
    "fillingDate": "2004-08-31",
    "acceptedDate": "2004-08-31 16:07:01",
    "calendarYear": "2004",
    "period": "Q3",
    "revenue": 2236152000,
    "costOfRevenue": 1176920000,
    "grossProfit": 1059232000,
    "grossProfitRatio": 0.473685152,
    "researchAndDevelopmentExpenses": 256781000,
    "generalAndAdministrativeExpenses": 87394000,
    "sellingAndMarketingExpenses": 101513000,
    "sellingGeneralAndAdministrativeExpenses": 188907000,
    "otherExpenses": 0,
    "operatingExpenses": 445688000,
    "costAndExpenses": 1622608000,
    "interestIncome": 24869000,
    "interestExpense": 13489000,
    "depreciationAndAmortization": 88243000,
    "ebitda": 701787000,
    "ebitdaratio": 0.3138368948,
    "operatingIncome": 613544000,
    "operatingIncomeRatio": 0.2743749083,
    "totalOtherIncomeExpensesNet": 11380000,
    "incomeBeforeTax": 624924000,
    "incomeBeforeTaxRatio": 0.2794640078,
    "incomeTaxExpense": 184353000,
    "netIncome": 440571000,
    "netIncomeRatio": 0.1970219377,
    "eps": 0.26,
    "epsdiluted": 0.26,
    "weightedAverageShsOut": 1696544000,
    "weightedAverageShsOutDil": 1721690000,
    "link": "https://www.sec.gov/Archives/edgar/data/6951/000095013404013030/0000950134-04-013030-index.htm",
    "finalLink": "https://www.sec.gov/Archives/edgar/data/6951/000095013404013030/f01495e10vq.htm"
  },
  {
    "date": "2004-05-02",
    "symbol": "AMAT",
    "reportedCurrency": "USD",
    "cik": "0000006951",
    "fillingDate": "2004-06-10",
    "acceptedDate": "2004-06-10 17:15:47",
    "calendarYear": "2004",
    "period": "Q2",
    "revenue": 2018105000,
    "costOfRevenue": 1079464000,
    "grossProfit": 938641000,
    "grossProfitRatio": 0.4651100909,
    "researchAndDevelopmentExpenses": 244175000,
    "generalAndAdministrativeExpenses": 83457000,
    "sellingAndMarketingExpenses": 95975000,
    "sellingGeneralAndAdministrativeExpenses": 179432000,
    "otherExpenses": 0,
    "operatingExpenses": 423607000,
    "costAndExpenses": 1503071000,
    "interestIncome": 26220000,
    "interestExpense": 11682000,
    "depreciationAndAmortization": 91470000,
    "ebitda": 606504000,
    "ebitdaratio": 0.3005314391,
    "operatingIncome": 515034000,
    "operatingIncomeRatio": 0.255206741,
    "totalOtherIncomeExpensesNet": 14538000,
    "incomeBeforeTax": 529572000,
    "incomeBeforeTaxRatio": 0.2624105287,
    "incomeTaxExpense": 156224000,
    "netIncome": 373348000,
    "netIncomeRatio": 0.1849992939,
    "eps": 0.22,
    "epsdiluted": 0.22,
    "weightedAverageShsOut": 1690617000,
    "weightedAverageShsOutDil": 1729506000,
    "link": "https://www.sec.gov/Archives/edgar/data/6951/000095013404008662/0000950134-04-008662-index.htm",
    "finalLink": "https://www.sec.gov/Archives/edgar/data/6951/000095013404008662/f99558e10vq.htm"
  },
  {
    "date": "2004-02-01",
    "symbol": "AMAT",
    "reportedCurrency": "USD",
    "cik": "0000006951",
    "fillingDate": "2004-03-12",
    "acceptedDate": "2004-03-12 16:10:19",
    "calendarYear": "2004",
    "period": "Q1",
    "revenue": 1555448000,
    "costOfRevenue": 879279000,
    "grossProfit": 676169000,
    "grossProfitRatio": 0.4347101285,
    "researchAndDevelopmentExpenses": 242645000,
    "generalAndAdministrativeExpenses": 80294000,
    "sellingAndMarketingExpenses": 88398000,
    "sellingGeneralAndAdministrativeExpenses": 168692000,
    "otherExpenses": 0,
    "operatingExpenses": 411337000,
    "costAndExpenses": 1458075000,
    "interestIncome": 31273000,
    "interestExpense": 11800000,
    "depreciationAndAmortization": 89148000,
    "ebitda": 353980000,
    "ebitdaratio": 0.2275743066,
    "operatingIncome": 97373000,
    "operatingIncomeRatio": 0.062601257,
    "totalOtherIncomeExpensesNet": 19473000,
    "incomeBeforeTax": 116846000,
    "incomeBeforeTaxRatio": 0.0751204798,
    "incomeTaxExpense": 34470000,
    "netIncome": 82376000,
    "netIncomeRatio": 0.0529596618,
    "eps": 0.05,
    "epsdiluted": 0.05,
    "weightedAverageShsOut": 1682025000,
    "weightedAverageShsOutDil": 1735268000,
    "link": "https://www.sec.gov/Archives/edgar/data/6951/000095013404003396/0000950134-04-003396-index.htm",
    "finalLink": "https://www.sec.gov/Archives/edgar/data/6951/000095013404003396/f97206e10vq.htm"
  },
  {
    "date": "2003-10-26",
    "symbol": "AMAT",
    "reportedCurrency": "USD",
    "cik": "0000006951",
    "fillingDate": "2004-01-13",
    "acceptedDate": "2004-01-13 16:46:22",
    "calendarYear": "2003",
    "period": "Q4",
    "revenue": 1220998000,
    "costOfRevenue": 726627000,
    "grossProfit": 494371000,
    "grossProfitRatio": 0.4048909171,
    "researchAndDevelopmentExpenses": 227950000,
    "generalAndAdministrativeExpenses": 0,
    "sellingAndMarketingExpenses": 0,
    "sellingGeneralAndAdministrativeExpenses": 148653000,
    "otherExpenses": 113504000,
    "operatingExpenses": 490107000,
    "costAndExpenses": 1216734000,
    "interestIncome": 0,
    "interestExpense": 0,
    "depreciationAndAmortization": 88156000,
    "ebitda": 205924000,
    "ebitdaratio": 0.1686522009,
    "operatingIncome": 4264000,
    "operatingIncomeRatio": 0.0034922252,
    "totalOtherIncomeExpensesNet": 17652000,
    "incomeBeforeTax": 21916000,
    "incomeBeforeTaxRatio": 0.0179492514,
    "incomeTaxExpense": 6465000,
    "netIncome": 15451000,
    "netIncomeRatio": 0.0126544024,
    "eps": 0.0093,
    "epsdiluted": 0.0093,
    "weightedAverageShsOut": 1659557000,
    "weightedAverageShsOutDil": 1659557000,
    "link": "https://www.sec.gov/Archives/edgar/data/6951/000089161804000093/0000891618-04-000093-index.htm",
    "finalLink": "https://www.sec.gov/Archives/edgar/data/6951/000089161804000093/f95058e10vk.htm"
  },
  {
    "date": "2003-07-27",
    "symbol": "AMAT",
    "reportedCurrency": "USD",
    "cik": "0000006951",
    "fillingDate": "2003-09-09",
    "acceptedDate": "2003-09-09 15:50:33",
    "calendarYear": "2003",
    "period": "Q3",
    "revenue": 1094907000,
    "costOfRevenue": 747979000,
    "grossProfit": 346928000,
    "grossProfitRatio": 0.3168561348,
    "researchAndDevelopmentExpenses": 217025000,
    "generalAndAdministrativeExpenses": 72307000,
    "sellingAndMarketingExpenses": 78121000,
    "sellingGeneralAndAdministrativeExpenses": 150428000,
    "otherExpenses": 66181000,
    "operatingExpenses": 433634000,
    "costAndExpenses": 1181613000,
    "interestIncome": 46131000,
    "interestExpense": 11626000,
    "depreciationAndAmortization": 94484000,
    "ebitda": 73959000,
    "ebitdaratio": 0.0675482027,
    "operatingIncome": -86706000,
    "operatingIncomeRatio": -0.0791902874,
    "totalOtherIncomeExpensesNet": 34505000,
    "incomeBeforeTax": -52201000,
    "incomeBeforeTaxRatio": -0.0476761953,
    "incomeTaxExpense": -15399000,
    "netIncome": -36802000,
    "netIncomeRatio": -0.0336119871,
    "eps": -0.0222,
    "epsdiluted": -0.0222,
    "weightedAverageShsOut": 1659365000,
    "weightedAverageShsOutDil": 1659365000,
    "link": "https://www.sec.gov/Archives/edgar/data/6951/000089161803004714/0000891618-03-004714-index.htm",
    "finalLink": "https://www.sec.gov/Archives/edgar/data/6951/000089161803004714/f92922e10vq.htm"
  },
  {
    "date": "2003-04-27",
    "symbol": "AMAT",
    "reportedCurrency": "USD",
    "cik": "0000006951",
    "fillingDate": "2003-06-09",
    "acceptedDate": "2003-06-09 12:05:13",
    "calendarYear": "2003",
    "period": "Q2",
    "revenue": 1107177000,
    "costOfRevenue": 734403000,
    "grossProfit": 372774000,
    "grossProfitRatio": 0.3366887137,
    "researchAndDevelopmentExpenses": 232438000,
    "generalAndAdministrativeExpenses": 78198000,
    "sellingAndMarketingExpenses": 83568000,
    "sellingGeneralAndAdministrativeExpenses": 161766000,
    "otherExpenses": 92731000,
    "operatingExpenses": 486935000,
    "costAndExpenses": 1221338000,
    "interestIncome": 38256000,
    "interestExpense": 12217000,
    "depreciationAndAmortization": 97950000,
    "ebitda": 76520000,
    "ebitdaratio": 0.0691127074,
    "operatingIncome": -114161000,
    "operatingIncomeRatio": -0.1031099815,
    "totalOtherIncomeExpensesNet": 26039000,
    "incomeBeforeTax": -88122000,
    "incomeBeforeTaxRatio": -0.07959161,
    "incomeTaxExpense": -25996000,
    "netIncome": -62126000,
    "netIncomeRatio": -0.056112076,
    "eps": -0.0375,
    "epsdiluted": -0.0375,
    "weightedAverageShsOut": 1655927000,
    "weightedAverageShsOutDil": 1655927000,
    "link": "https://www.sec.gov/Archives/edgar/data/6951/000089161803002900/0000891618-03-002900-index.htm",
    "finalLink": "https://www.sec.gov/Archives/edgar/data/6951/000089161803002900/f90730e10vq.htm"
  },
  {
    "date": "2003-01-26",
    "symbol": "AMAT",
    "reportedCurrency": "USD",
    "cik": "0000006951",
    "fillingDate": "2003-03-11",
    "acceptedDate": "2003-03-10 18:44:56",
    "calendarYear": "2003",
    "period": "Q1",
    "revenue": 1054209000,
    "costOfRevenue": 663827000,
    "grossProfit": 390382000,
    "grossProfitRatio": 0.370307975,
    "researchAndDevelopmentExpenses": 243205000,
    "generalAndAdministrativeExpenses": 0,
    "sellingAndMarketingExpenses": 0,
    "sellingGeneralAndAdministrativeExpenses": 165018000,
    "otherExpenses": 99338000,
    "operatingExpenses": 507561000,
    "costAndExpenses": 1171388000,
    "interestIncome": 0,
    "interestExpense": 0,
    "depreciationAndAmortization": 103801000,
    "ebitda": 85960000,
    "ebitdaratio": 0.0815398085,
    "operatingIncome": -117179000,
    "operatingIncomeRatio": -0.111153481,
    "totalOtherIncomeExpensesNet": 24030000,
    "incomeBeforeTax": -93149000,
    "incomeBeforeTaxRatio": -0.0883591394,
    "incomeTaxExpense": -27479000,
    "netIncome": -65670000,
    "netIncomeRatio": -0.0622931506,
    "eps": -0.0398,
    "epsdiluted": -0.0398,
    "weightedAverageShsOut": 1650612000,
    "weightedAverageShsOutDil": 1650612000,
    "link": "https://www.sec.gov/Archives/edgar/data/6951/000000695103000006/0000006951-03-000006-index.htm",
    "finalLink": "https://www.sec.gov/Archives/edgar/data/6951/000000695103000006/form10q.htm"
  },
  {
    "date": "2002-10-27",
    "symbol": "AMAT",
    "reportedCurrency": "USD",
    "cik": "0000006951",
    "fillingDate": "2003-01-23",
    "acceptedDate": "2003-01-23 13:57:00",
    "calendarYear": "2002",
    "period": "Q4",
    "revenue": 1445698000,
    "costOfRevenue": 843372000,
    "grossProfit": 602326000,
    "grossProfitRatio": 0.4166333494,
    "researchAndDevelopmentExpenses": 272639000,
    "generalAndAdministrativeExpenses": 0,
    "sellingAndMarketingExpenses": 0,
    "sellingGeneralAndAdministrativeExpenses": 194831000,
    "otherExpenses": 0,
    "operatingExpenses": 467470000,
    "costAndExpenses": 1310842000,
    "interestIncome": 0,
    "interestExpense": 0,
    "depreciationAndAmortization": 99130000,
    "ebitda": 233986000,
    "ebitdaratio": 0.1618498469,
    "operatingIncome": 134856000,
    "operatingIncomeRatio": 0.0932808927,
    "totalOtherIncomeExpensesNet": 32942000,
    "incomeBeforeTax": 167798000,
    "incomeBeforeTaxRatio": 0.1160671178,
    "incomeTaxExpense": 20556000,
    "netIncome": 147242000,
    "netIncomeRatio": 0.1018483805,
    "eps": 0.0896,
    "epsdiluted": 0.0865,
    "weightedAverageShsOut": 1643612000,
    "weightedAverageShsOutDil": 1701557000,
    "link": "https://www.sec.gov/Archives/edgar/data/6951/000000695103000003/0000006951-03-000003-index.htm",
    "finalLink": "https://www.sec.gov/Archives/edgar/data/6951/000000695103000003/form10k.htm"
  },
  {
    "date": "2002-07-28",
    "symbol": "AMAT",
    "reportedCurrency": "USD",
    "cik": "0000006951",
    "fillingDate": "2002-09-09",
    "acceptedDate": "2002-09-09 13:19:47",
    "calendarYear": "2002",
    "period": "Q3",
    "revenue": 1459682000,
    "costOfRevenue": 853539000,
    "grossProfit": 606143000,
    "grossProfitRatio": 0.4152568847,
    "researchAndDevelopmentExpenses": 275952000,
    "generalAndAdministrativeExpenses": 89553000,
    "sellingAndMarketingExpenses": 104225000,
    "sellingGeneralAndAdministrativeExpenses": 193778000,
    "otherExpenses": 0,
    "operatingExpenses": 469730000,
    "costAndExpenses": 1323269000,
    "interestIncome": 0,
    "interestExpense": 0,
    "depreciationAndAmortization": 99696000,
    "ebitda": 236109000,
    "ebitdaratio": 0.1617537244,
    "operatingIncome": 136413000,
    "operatingIncomeRatio": 0.0934539167,
    "totalOtherIncomeExpensesNet": 27030000,
    "incomeBeforeTax": 163443000,
    "incomeBeforeTaxRatio": 0.1119716486,
    "incomeTaxExpense": 48216000,
    "netIncome": 115227000,
    "netIncomeRatio": 0.0789397965,
    "eps": 0.07,
    "epsdiluted": 0.07,
    "weightedAverageShsOut": 1647181000,
    "weightedAverageShsOutDil": 1703196000,
    "link": "https://www.sec.gov/Archives/edgar/data/6951/000000695102000013/0000006951-02-000013-index.htm",
    "finalLink": "https://www.sec.gov/Archives/edgar/data/6951/000000695102000013/form10q.htm"
  },
  {
    "date": "2002-04-28",
    "symbol": "AMAT",
    "reportedCurrency": "USD",
    "cik": "0000006951",
    "fillingDate": "2002-06-07",
    "acceptedDate": "2002-06-07 14:30:47",
    "calendarYear": "2002",
    "period": "Q2",
    "revenue": 1156472000,
    "costOfRevenue": 693732000,
    "grossProfit": 462740000,
    "grossProfitRatio": 0.4001307425,
    "researchAndDevelopmentExpenses": 256879000,
    "generalAndAdministrativeExpenses": 76415000,
    "sellingAndMarketingExpenses": 90084000,
    "sellingGeneralAndAdministrativeExpenses": 166499000,
    "otherExpenses": 0,
    "operatingExpenses": 423378000,
    "costAndExpenses": 1117110000,
    "interestIncome": 0,
    "interestExpense": 0,
    "depreciationAndAmortization": 96843000,
    "ebitda": 136205000,
    "ebitdaratio": 0.1177763059,
    "operatingIncome": 39362000,
    "operatingIncomeRatio": 0.0340362758,
    "totalOtherIncomeExpensesNet": 34440000,
    "incomeBeforeTax": 73802000,
    "incomeBeforeTaxRatio": 0.063816504,
    "incomeTaxExpense": 21772000,
    "netIncome": 52030000,
    "netIncomeRatio": 0.0449902808,
    "eps": 0.03,
    "epsdiluted": 0.03,
    "weightedAverageShsOut": 1643317000,
    "weightedAverageShsOutDil": 1719777000,
    "link": "https://www.sec.gov/Archives/edgar/data/6951/000000695102000010/0000006951-02-000010-index.htm",
    "finalLink": "https://www.sec.gov/Archives/edgar/data/6951/000000695102000010/form10q.htm"
  },
  {
    "date": "2002-01-27",
    "symbol": "AMAT",
    "reportedCurrency": "USD",
    "cik": "0000006951",
    "fillingDate": "2002-03-07",
    "acceptedDate": "2002-03-07 00:00:00",
    "calendarYear": "2002",
    "period": "Q1",
    "revenue": 1000460000,
    "costOfRevenue": 615008000,
    "grossProfit": 385452000,
    "grossProfitRatio": 0.3852747736,
    "researchAndDevelopmentExpenses": 246799000,
    "generalAndAdministrativeExpenses": 70043000,
    "sellingAndMarketingExpenses": 83804000,
    "sellingGeneralAndAdministrativeExpenses": 153847000,
    "otherExpenses": 85479000,
    "operatingExpenses": 486125000,
    "costAndExpenses": 1101133000,
    "interestIncome": 0,
    "interestExpense": 0,
    "depreciationAndAmortization": 91857000,
    "ebitda": -8816000,
    "ebitdaratio": -0.0088119465,
    "operatingIncome": -100673000,
    "operatingIncomeRatio": -0.1006267117,
    "totalOtherIncomeExpensesNet": 36141000,
    "incomeBeforeTax": -64532000,
    "incomeBeforeTaxRatio": -0.0645023289,
    "incomeTaxExpense": -19037000,
    "netIncome": -45495000,
    "netIncomeRatio": -0.0454740819,
    "eps": -0.0278,
    "epsdiluted": -0.0278,
    "weightedAverageShsOut": 1636418000,
    "weightedAverageShsOutDil": 1636418000,
    "link": "https://www.sec.gov/Archives/edgar/data/6951/000000695102000004/0000006951-02-000004-index.htm",
    "finalLink": "https://www.sec.gov/Archives/edgar/data/6951/000000695102000004/form10q.htm"
  },
  {
    "date": "2001-10-28",
    "symbol": "AMAT",
    "reportedCurrency": "USD",
    "cik": "0000006951",
    "fillingDate": "2002-01-23",
    "acceptedDate": "2002-01-23 00:00:00",
    "calendarYear": "2001",
    "period": "Q4",
    "revenue": 1368810000,
    "costOfRevenue": 837432000,
    "grossProfit": 531378000,
    "grossProfitRatio": 0.3882043527,
    "researchAndDevelopmentExpenses": 272548000,
    "generalAndAdministrativeExpenses": 0,
    "sellingAndMarketingExpenses": 0,
    "sellingGeneralAndAdministrativeExpenses": 206255000,
    "otherExpenses": 148600000,
    "operatingExpenses": 627403000,
    "costAndExpenses": 1464835000,
    "interestIncome": 0,
    "interestExpense": 0,
    "depreciationAndAmortization": 104245000,
    "ebitda": 8220000,
    "ebitdaratio": 0.0060052162,
    "operatingIncome": -96025000,
    "operatingIncomeRatio": -0.070152176,
    "totalOtherIncomeExpensesNet": 41938000,
    "incomeBeforeTax": -54087000,
    "incomeBeforeTaxRatio": -0.0395138843,
    "incomeTaxExpense": -15953000,
    "netIncome": -38134000,
    "netIncomeRatio": -0.0278592354,
    "eps": -0.0234,
    "epsdiluted": -0.0225,
    "weightedAverageShsOut": 1626404000,
    "weightedAverageShsOutDil": 1694658000,
    "link": "https://www.sec.gov/Archives/edgar/data/6951/000000695102000002/0000006951-02-000002-index.htm",
    "finalLink": "https://www.sec.gov/Archives/edgar/data/6951/000000695102000002/form10k.htm"
  },
  {
    "date": "2001-07-29",
    "symbol": "AMAT",
    "reportedCurrency": "USD",
    "cik": "0000006951",
    "fillingDate": "2001-08-24",
    "acceptedDate": "2001-08-24 00:00:00",
    "calendarYear": "2001",
    "period": "Q3",
    "revenue": 1333871000,
    "costOfRevenue": 800839000,
    "grossProfit": 533032000,
    "grossProfitRatio": 0.3996128561,
    "researchAndDevelopmentExpenses": 277333000,
    "generalAndAdministrativeExpenses": 114369000,
    "sellingAndMarketingExpenses": 125979000,
    "sellingGeneralAndAdministrativeExpenses": 240348000,
    "otherExpenses": 14150000,
    "operatingExpenses": 531831000,
    "costAndExpenses": 1332670000,
    "interestIncome": 0,
    "interestExpense": 0,
    "depreciationAndAmortization": 97722000,
    "ebitda": 221504000,
    "ebitdaratio": 0.1660610359,
    "operatingIncome": 123782000,
    "operatingIncomeRatio": 0.0927990788,
    "totalOtherIncomeExpensesNet": 43444000,
    "incomeBeforeTax": 167226000,
    "incomeBeforeTaxRatio": 0.125368945,
    "incomeTaxExpense": 52281000,
    "netIncome": 114945000,
    "netIncomeRatio": 0.0861740003,
    "eps": 0.07,
    "epsdiluted": 0.07,
    "weightedAverageShsOut": 1629840000,
    "weightedAverageShsOutDil": 1707810000,
    "link": "https://www.sec.gov/Archives/edgar/data/6951/000000695101500008/0000006951-01-500008-index.htm",
    "finalLink": "https://www.sec.gov/Archives/edgar/data/6951/000000695101500008/form10q.htm"
  },
  {
    "date": "2001-04-29",
    "symbol": "AMAT",
    "reportedCurrency": "USD",
    "cik": "0000006951",
    "fillingDate": "2001-06-07",
    "acceptedDate": "2001-06-07 00:00:00",
    "calendarYear": "2001",
    "period": "Q2",
    "revenue": 1909435000,
    "costOfRevenue": 1054463000,
    "grossProfit": 854972000,
    "grossProfitRatio": 0.4477617725,
    "researchAndDevelopmentExpenses": 312606000,
    "generalAndAdministrativeExpenses": 89763000,
    "sellingAndMarketingExpenses": 119752000,
    "sellingGeneralAndAdministrativeExpenses": 209515000,
    "otherExpenses": 58414000,
    "operatingExpenses": 580535000,
    "costAndExpenses": 1634998000,
    "interestIncome": 0,
    "interestExpense": 0,
    "depreciationAndAmortization": 93174000,
    "ebitda": 497607000,
    "ebitdaratio": 0.2606043149,
    "operatingIncome": 404433000,
    "operatingIncomeRatio": 0.2118076813,
    "totalOtherIncomeExpensesNet": 41511000,
    "incomeBeforeTax": 445944000,
    "incomeBeforeTaxRatio": 0.2335476201,
    "incomeTaxExpense": 127567000,
    "netIncome": 318377000,
    "netIncomeRatio": 0.1667388521,
    "eps": 0.2,
    "epsdiluted": 0.19,
    "weightedAverageShsOut": 1622708000,
    "weightedAverageShsOutDil": 1695824000,
    "link": "https://www.sec.gov/Archives/edgar/data/6951/000000695101500005/0000006951-01-500005-index.htm",
    "finalLink": "https://www.sec.gov/Archives/edgar/data/6951/000000695101500005/form10q.htm"
  },
  {
    "date": "2001-01-28",
    "symbol": "AMAT",
    "reportedCurrency": "USD",
    "cik": "0000006951",
    "fillingDate": "2001-03-09",
    "acceptedDate": "2001-03-09 00:00:00",
    "calendarYear": "2001",
    "period": "Q1",
    "revenue": 2363254000,
    "costOfRevenue": 1220508000,
    "grossProfit": 1142746000,
    "grossProfitRatio": 0.4835476847,
    "researchAndDevelopmentExpenses": 336312000,
    "generalAndAdministrativeExpenses": 102349000,
    "sellingAndMarketingExpenses": 143457000,
    "sellingGeneralAndAdministrativeExpenses": 245806000,
    "otherExpenses": 0,
    "operatingExpenses": 582118000,
    "costAndExpenses": 1802626000,
    "interestIncome": 0,
    "interestExpense": 0,
    "depreciationAndAmortization": 91830000,
    "ebitda": 652458000,
    "ebitdaratio": 0.2760845851,
    "operatingIncome": 560628000,
    "operatingIncomeRatio": 0.2372271453,
    "totalOtherIncomeExpensesNet": 46763000,
    "incomeBeforeTax": 607391000,
    "incomeBeforeTaxRatio": 0.2570146925,
    "incomeTaxExpense": 183167000,
    "netIncome": 156825000,
    "netIncomeRatio": 0.0663597734,
    "eps": 0.095,
    "epsdiluted": 0.095,
    "weightedAverageShsOut": 1620874000,
    "weightedAverageShsOutDil": 1689786000,
    "link": "https://www.sec.gov/Archives/edgar/data/6951/000113626101500004/0001136261-01-500004-index.htm",
    "finalLink": "https://www.sec.gov/Archives/edgar/data/6951/000113626101500004/form10q.htm"
  },
  {
    "date": "2000-10-29",
    "symbol": "AMAT",
    "reportedCurrency": "USD",
    "cik": "0000006951",
    "fillingDate": "2001-01-24",
    "acceptedDate": "2001-01-24 00:00:00",
    "calendarYear": "2000",
    "period": "Q4",
    "revenue": 2920163000,
    "costOfRevenue": 1411256000,
    "grossProfit": 1508907000,
    "grossProfitRatio": 0.5167201283,
    "researchAndDevelopmentExpenses": 327413000,
    "generalAndAdministrativeExpenses": 0,
    "sellingAndMarketingExpenses": 0,
    "sellingGeneralAndAdministrativeExpenses": 276037000,
    "otherExpenses": -200791000,
    "operatingExpenses": 402659000,
    "costAndExpenses": 1813915000,
    "interestIncome": 0,
    "interestExpense": 0,
    "depreciationAndAmortization": 92368000,
    "ebitda": 1198616000,
    "ebitdaratio": 0.4104620187,
    "operatingIncome": 1106248000,
    "operatingIncomeRatio": 0.3788309077,
    "totalOtherIncomeExpensesNet": -157966000,
    "incomeBeforeTax": 948282000,
    "incomeBeforeTaxRatio": 0.3247359822,
    "incomeTaxExpense": 284485000,
    "netIncome": 663797000,
    "netIncomeRatio": 0.2273150506,
    "eps": 0.41,
    "epsdiluted": 0.39,
    "weightedAverageShsOut": 1613160000,
    "weightedAverageShsOutDil": 1718338000,
    "link": "https://www.sec.gov/Archives/edgar/data/6951/000000695101500003/0000006951-01-500003-index.htm",
    "finalLink": "https://www.sec.gov/Archives/edgar/data/6951/000000695101500003/form10k.htm"
  },
  {
    "date": "2000-07-30",
    "symbol": "AMAT",
    "reportedCurrency": "USD",
    "cik": "0000006951",
    "fillingDate": "2000-09-07",
    "acceptedDate": "2000-09-07 00:00:00",
    "calendarYear": "2000",
    "period": "Q3",
    "revenue": 2732028000,
    "costOfRevenue": 1340126000,
    "grossProfit": 1391902000,
    "grossProfitRatio": 0.5094757448,
    "researchAndDevelopmentExpenses": 303946000,
    "generalAndAdministrativeExpenses": 0,
    "sellingAndMarketingExpenses": 0,
    "sellingGeneralAndAdministrativeExpenses": 261717000,
    "otherExpenses": 0,
    "operatingExpenses": 565663000,
    "costAndExpenses": 1905789000,
    "interestIncome": 0,
    "interestExpense": 0,
    "depreciationAndAmortization": 85556000,
    "ebitda": 911795000,
    "ebitdaratio": 0.3337429192,
    "operatingIncome": 826239000,
    "operatingIncomeRatio": 0.3024269883,
    "totalOtherIncomeExpensesNet": 36305000,
    "incomeBeforeTax": 862544000,
    "incomeBeforeTaxRatio": 0.3157156515,
    "incomeTaxExpense": 258763000,
    "netIncome": 603781000,
    "netIncomeRatio": 0.2210010293,
    "eps": 0.37,
    "epsdiluted": 0.35,
    "weightedAverageShsOut": 1618690000,
    "weightedAverageShsOutDil": 1724142000,
    "link": "https://www.sec.gov/Archives/edgar/data/6951/000000695100500005/0000006951-00-500005-index.htm",
    "finalLink": "https://www.sec.gov/Archives/edgar/data/6951/000000695100500005/form10q.htm"
  },
  {
    "date": "2000-04-30",
    "symbol": "AMAT",
    "reportedCurrency": "USD",
    "cik": "0000006951",
    "fillingDate": "2000-06-08",
    "acceptedDate": "2000-06-08 00:00:00",
    "calendarYear": "2000",
    "period": "Q2",
    "revenue": 2190031000,
    "costOfRevenue": 1092433000,
    "grossProfit": 1097598000,
    "grossProfitRatio": 0.5011792071,
    "researchAndDevelopmentExpenses": 253283000,
    "generalAndAdministrativeExpenses": 0,
    "sellingAndMarketingExpenses": 0,
    "sellingGeneralAndAdministrativeExpenses": 230470000,
    "otherExpenses": 40000000,
    "operatingExpenses": 523753000,
    "costAndExpenses": 1616186000,
    "interestIncome": 0,
    "interestExpense": 0,
    "depreciationAndAmortization": 96509000,
    "ebitda": 670354000,
    "ebitdaratio": 0.3060933841,
    "operatingIncome": 573845000,
    "operatingIncomeRatio": 0.2620259713,
    "totalOtherIncomeExpensesNet": 95971000,
    "incomeBeforeTax": 669816000,
    "incomeBeforeTaxRatio": 0.3058477254,
    "incomeTaxExpense": 200945000,
    "netIncome": 468871000,
    "netIncomeRatio": 0.2140933165,
    "eps": 0.29,
    "epsdiluted": 0.27,
    "weightedAverageShsOut": 1610284000,
    "weightedAverageShsOutDil": 1722400000,
    "link": "https://www.sec.gov/Archives/edgar/data/6951/000000695100000002/0000006951-00-000002-index.htm",
    "finalLink": "https://www.sec.gov/Archives/edgar/data/6951/000000695100000002/0000006951-00-000002-0001.htm"
  },
  {
    "date": "2000-01-30",
    "symbol": "AMAT",
    "reportedCurrency": "USD",
    "cik": "0000006951",
    "fillingDate": "2000-03-08",
    "acceptedDate": "2000-03-08 00:00:00",
    "calendarYear": "2000",
    "period": "Q1",
    "revenue": 1667000000,
    "costOfRevenue": 777332000,
    "grossProfit": 835500000,
    "grossProfitRatio": 0.50119976,
    "researchAndDevelopmentExpenses": 223280000,
    "generalAndAdministrativeExpenses": 0,
    "sellingAndMarketingExpenses": 0,
    "sellingGeneralAndAdministrativeExpenses": 183200000,
    "otherExpenses": 9329000,
    "operatingExpenses": 415809000,
    "costAndExpenses": 1280678000,
    "interestIncome": 0,
    "interestExpense": 0,
    "depreciationAndAmortization": 80900000,
    "ebitda": 524800000,
    "ebitdaratio": 0.3148170366,
    "operatingIncome": 443900000,
    "operatingIncomeRatio": 0.2662867427,
    "totalOtherIncomeExpensesNet": 25300000,
    "incomeBeforeTax": 469200000,
    "incomeBeforeTaxRatio": 0.2814637073,
    "incomeTaxExpense": 140099000,
    "netIncome": 328500000,
    "netIncomeRatio": 0.1970605879,
    "eps": 0.2,
    "epsdiluted": 0.2,
    "weightedAverageShsOut": 1596192000,
    "weightedAverageShsOutDil": 1698020000,
    "link": "https://www.sec.gov/Archives/edgar/data/6951/000000695100000001/0000006951-00-000001-index.html",
    "finalLink": "https://www.sec.gov/Archives/edgar/data/6951/000000695100000001/0000006951-00-000001-d1.html"
  },
  {
    "date": "1999-10-31",
    "symbol": "AMAT",
    "reportedCurrency": "USD",
    "cik": "0000006951",
    "fillingDate": "2000-01-31",
    "acceptedDate": "2000-01-31 00:00:00",
    "calendarYear": "1999",
    "period": "Q4",
    "revenue": 1565500000,
    "costOfRevenue": 780600000,
    "grossProfit": 784900000,
    "grossProfitRatio": 0.5013733631,
    "researchAndDevelopmentExpenses": 203300000,
    "generalAndAdministrativeExpenses": 0,
    "sellingAndMarketingExpenses": 0,
    "sellingGeneralAndAdministrativeExpenses": 180300000,
    "otherExpenses": 43200000,
    "operatingExpenses": 426800000,
    "costAndExpenses": 1207400000,
    "interestIncome": 0,
    "interestExpense": 0,
    "depreciationAndAmortization": 66800000,
    "ebitda": 424500000,
    "ebitdaratio": 0.271159374,
    "operatingIncome": 358000000,
    "operatingIncomeRatio": 0.2286809326,
    "totalOtherIncomeExpensesNet": 27700000,
    "incomeBeforeTax": 385700000,
    "incomeBeforeTaxRatio": 0.2463749601,
    "incomeTaxExpense": 132700000,
    "netIncome": 307800000,
    "netIncomeRatio": 0.1966145002,
    "eps": 0.2,
    "epsdiluted": 0.19,
    "weightedAverageShsOut": 1501572000,
    "weightedAverageShsOutDil": 1584172000,
    "link": "https://www.sec.gov/Archives/edgar/data/6951/000095014900000110/0000950149-00-000110-index.html",
    "finalLink": "https://www.sec.gov/Archives/edgar/data/6951/000095014900000110/0000950149-00-000110-d1.html"
  },
  {
    "date": "1999-08-01",
    "symbol": "AMAT",
    "reportedCurrency": "USD",
    "cik": "0000006951",
    "fillingDate": "1999-09-14",
    "acceptedDate": "1999-09-14 00:00:00",
    "calendarYear": "1999",
    "period": "Q3",
    "revenue": 1433500000,
    "costOfRevenue": 667800000,
    "grossProfit": 765700000,
    "grossProfitRatio": 0.5341471922,
    "researchAndDevelopmentExpenses": 171200000,
    "generalAndAdministrativeExpenses": 0,
    "sellingAndMarketingExpenses": 0,
    "sellingGeneralAndAdministrativeExpenses": 187300000,
    "otherExpenses": 67100000,
    "operatingExpenses": 425600000,
    "costAndExpenses": 1093300000,
    "interestIncome": 0,
    "interestExpense": 0,
    "depreciationAndAmortization": 67100000,
    "ebitda": 407300000,
    "ebitdaratio": 0.2841297524,
    "operatingIncome": 340200000,
    "operatingIncomeRatio": 0.2373212417,
    "totalOtherIncomeExpensesNet": 14000000,
    "incomeBeforeTax": 354200000,
    "incomeBeforeTaxRatio": 0.247087548,
    "incomeTaxExpense": 109800000,
    "netIncome": 244400000,
    "netIncomeRatio": 0.1704918033,
    "eps": 0.15,
    "epsdiluted": 0.15,
    "weightedAverageShsOut": 1563108000,
    "weightedAverageShsOutDil": 1648496000,
    "link": "https://www.sec.gov/Archives/edgar/data/6951/000000695199000011/0000006951-99-000011-index.html",
    "finalLink": "https://www.sec.gov/Archives/edgar/data/6951/000000695199000011/0000006951-99-000011-d1.html"
  },
  {
    "date": "1999-05-02",
    "symbol": "AMAT",
    "reportedCurrency": "USD",
    "cik": "0000006951",
    "fillingDate": "1999-06-15",
    "acceptedDate": "1999-06-15 00:00:00",
    "calendarYear": "1999",
    "period": "Q2",
    "revenue": 1117600000,
    "costOfRevenue": 600400000,
    "grossProfit": 517200000,
    "grossProfitRatio": 0.4627773801,
    "researchAndDevelopmentExpenses": 166100000,
    "generalAndAdministrativeExpenses": 0,
    "sellingAndMarketingExpenses": 0,
    "sellingGeneralAndAdministrativeExpenses": 158100000,
    "otherExpenses": 37100000,
    "operatingExpenses": 361300000,
    "costAndExpenses": 961700000,
    "interestIncome": 0,
    "interestExpense": 0,
    "depreciationAndAmortization": 77671000,
    "ebitda": 272969000,
    "ebitdaratio": 0.2442457051,
    "operatingIncome": 193000000,
    "operatingIncomeRatio": 0.1726914817,
    "totalOtherIncomeExpensesNet": 11329000,
    "incomeBeforeTax": 205300000,
    "incomeBeforeTaxRatio": 0.1836972083,
    "incomeTaxExpense": 63600000,
    "netIncome": 143312000,
    "netIncomeRatio": 0.1282319256,
    "eps": 0.09,
    "epsdiluted": 0.085,
    "weightedAverageShsOut": 1552260000,
    "weightedAverageShsOutDil": 1639664000,
    "link": "https://www.sec.gov/Archives/edgar/data/6951/000000695199000008/0000006951-99-000008-index.html",
    "finalLink": "https://www.sec.gov/Archives/edgar/data/6951/000000695199000008/"
  },
  {
    "date": "1999-01-31",
    "symbol": "AMAT",
    "reportedCurrency": "USD",
    "cik": "0000006951",
    "fillingDate": "1999-03-09",
    "acceptedDate": "1999-03-09 00:00:00",
    "calendarYear": "1999",
    "period": "Q1",
    "revenue": 742500000,
    "costOfRevenue": 350600000,
    "grossProfit": 254000000,
    "grossProfitRatio": 0.3420875421,
    "researchAndDevelopmentExpenses": 141200000,
    "generalAndAdministrativeExpenses": 0,
    "sellingAndMarketingExpenses": 0,
    "sellingGeneralAndAdministrativeExpenses": 132300000,
    "otherExpenses": 5000000,
    "operatingExpenses": 278500000,
    "costAndExpenses": 699900000,
    "interestIncome": 0,
    "interestExpense": 0,
    "depreciationAndAmortization": 70800000,
    "ebitda": 118400000,
    "ebitdaratio": 0.1594612795,
    "operatingIncome": 42600000,
    "operatingIncomeRatio": 0.0573737374,
    "totalOtherIncomeExpensesNet": 37500000,
    "incomeBeforeTax": 80100000,
    "incomeBeforeTaxRatio": 0.1078787879,
    "incomeTaxExpense": 23800000,
    "netIncome": 52900000,
    "netIncomeRatio": 0.0712457912,
    "eps": 0.035,
    "epsdiluted": 0.035,
    "weightedAverageShsOut": 1482120000,
    "weightedAverageShsOutDil": 1552932000,
    "link": "https://www.sec.gov/Archives/edgar/data/6951/000000695199000004/0000006951-99-000004-index.html",
    "finalLink": "https://www.sec.gov/Archives/edgar/data/6951/"
  },
  {
    "date": "1998-10-25",
    "symbol": "AMAT",
    "reportedCurrency": "USD",
    "cik": "0000006951",
    "fillingDate": "1999-01-20",
    "acceptedDate": "1999-01-20 00:00:00",
    "calendarYear": "1998",
    "period": "Q4",
    "revenue": 673200000,
    "costOfRevenue": 388100000,
    "grossProfit": 285100000,
    "grossProfitRatio": 0.4234997029,
    "researchAndDevelopmentExpenses": 125600000,
    "generalAndAdministrativeExpenses": 0,
    "sellingAndMarketingExpenses": 0,
    "sellingGeneralAndAdministrativeExpenses": 130500000,
    "otherExpenses": 170000000,
    "operatingExpenses": 426100000,
    "costAndExpenses": 814200000,
    "interestIncome": 0,
    "interestExpense": 0,
    "depreciationAndAmortization": 73400000,
    "ebitda": -134800000,
    "ebitdaratio": -0.2002376708,
    "operatingIncome": -141000000,
    "operatingIncomeRatio": -0.2094474153,
    "totalOtherIncomeExpensesNet": -54000000,
    "incomeBeforeTax": -195000000,
    "incomeBeforeTaxRatio": -0.2896613191,
    "incomeTaxExpense": -66200000,
    "netIncome": -186700000,
    "netIncomeRatio": -0.277332145,
    "eps": -0.13,
    "epsdiluted": -0.12,
    "weightedAverageShsOut": 1467396000,
    "weightedAverageShsOutDil": 1514032000,
    "link": "https://www.sec.gov/Archives/edgar/data/6951/000089161899000140/0000891618-99-000140-index.html",
    "finalLink": "https://www.sec.gov/Archives/edgar/data/6951/"
  },
  {
    "date": "1998-07-26",
    "symbol": "AMAT",
    "reportedCurrency": "USD",
    "cik": "0000006951",
    "fillingDate": "1998-09-09",
    "acceptedDate": "1998-09-09 00:00:00",
    "calendarYear": "1998",
    "period": "Q3",
    "revenue": 884500000,
    "costOfRevenue": 490100000,
    "grossProfit": 394400000,
    "grossProfitRatio": 0.4459016393,
    "researchAndDevelopmentExpenses": 154000000,
    "generalAndAdministrativeExpenses": 0,
    "sellingAndMarketingExpenses": 0,
    "sellingGeneralAndAdministrativeExpenses": 149600000,
    "otherExpenses": 35000000,
    "operatingExpenses": 338600000,
    "costAndExpenses": 828700000,
    "interestIncome": 0,
    "interestExpense": 0,
    "depreciationAndAmortization": 74500000,
    "ebitda": 165300000,
    "ebitdaratio": 0.1868852459,
    "operatingIncome": 55800000,
    "operatingIncomeRatio": 0.0630864895,
    "totalOtherIncomeExpensesNet": 7600000,
    "incomeBeforeTax": 63400000,
    "incomeBeforeTaxRatio": 0.0716789146,
    "incomeTaxExpense": 15900000,
    "netIncome": 47500000,
    "netIncomeRatio": 0.0537026569,
    "eps": 0.035,
    "epsdiluted": 0.035,
    "weightedAverageShsOut": 1467768000,
    "weightedAverageShsOutDil": 1512288000,
    "link": "https://www.sec.gov/Archives/edgar/data/6951/000089161898004169/0000891618-98-004169-index.html",
    "finalLink": "https://www.sec.gov/Archives/edgar/data/6951/"
  },
  {
    "date": "1998-04-26",
    "symbol": "AMAT",
    "reportedCurrency": "USD",
    "cik": "0000006951",
    "fillingDate": "1998-06-04",
    "acceptedDate": "1998-06-04 00:00:00",
    "calendarYear": "1998",
    "period": "Q2",
    "revenue": 1176300000,
    "costOfRevenue": 622000000,
    "grossProfit": 554300000,
    "grossProfitRatio": 0.4712233274,
    "researchAndDevelopmentExpenses": 181900000,
    "generalAndAdministrativeExpenses": 0,
    "sellingAndMarketingExpenses": 0,
    "sellingGeneralAndAdministrativeExpenses": 161400000,
    "otherExpenses": 100000,
    "operatingExpenses": 343400000,
    "costAndExpenses": 965400000,
    "interestIncome": 0,
    "interestExpense": 0,
    "depreciationAndAmortization": 69700000,
    "ebitda": 280600000,
    "ebitdaratio": 0.238544589,
    "operatingIncome": 210900000,
    "operatingIncomeRatio": 0.1792909972,
    "totalOtherIncomeExpensesNet": 6400000,
    "incomeBeforeTax": 217300000,
    "incomeBeforeTaxRatio": 0.1847317861,
    "incomeTaxExpense": 76000000,
    "netIncome": 141200000,
    "netIncomeRatio": 0.1200374054,
    "eps": 0.095,
    "epsdiluted": 0.095,
    "weightedAverageShsOut": 1451384000,
    "weightedAverageShsOutDil": 1516988000,
    "link": "https://www.sec.gov/Archives/edgar/data/6951/000089161898002726/0000891618-98-002726-index.html",
    "finalLink": "https://www.sec.gov/Archives/edgar/data/6951/"
  },
  {
    "date": "1998-01-25",
    "symbol": "AMAT",
    "reportedCurrency": "USD",
    "cik": "0000006951",
    "fillingDate": "1998-03-11",
    "acceptedDate": "1998-03-11 00:00:00",
    "calendarYear": "1998",
    "period": "Q1",
    "revenue": 1307700000,
    "costOfRevenue": 611300000,
    "grossProfit": 696400000,
    "grossProfitRatio": 0.5325380439,
    "researchAndDevelopmentExpenses": 182300000,
    "generalAndAdministrativeExpenses": 0,
    "sellingAndMarketingExpenses": 0,
    "sellingGeneralAndAdministrativeExpenses": 152200000,
    "otherExpenses": 66900000,
    "operatingExpenses": 401400000,
    "costAndExpenses": 1012700000,
    "interestIncome": 0,
    "interestExpense": 0,
    "depreciationAndAmortization": 66900000,
    "ebitda": 361900000,
    "ebitdaratio": 0.2767454309,
    "operatingIncome": 295000000,
    "operatingIncomeRatio": 0.2255869083,
    "totalOtherIncomeExpensesNet": 57200000,
    "incomeBeforeTax": 352100000,
    "incomeBeforeTaxRatio": 0.2692513573,
    "incomeTaxExpense": 123300000,
    "netIncome": 228900000,
    "netIncomeRatio": 0.1750401468,
    "eps": 0.16,
    "epsdiluted": 0.15,
    "weightedAverageShsOut": 1476774000,
    "weightedAverageShsOutDil": 1526000000,
    "link": "https://www.sec.gov/Archives/edgar/data/6951/000089161898001076/0000891618-98-001076-index.html",
    "finalLink": "https://www.sec.gov/Archives/edgar/data/6951/0000891618-98-001076.txt"
  },
  {
    "date": "1997-10-26",
    "symbol": "AMAT",
    "reportedCurrency": "USD",
    "cik": "0000006951",
    "fillingDate": "1998-01-23",
    "acceptedDate": "1998-01-23 00:00:00",
    "calendarYear": "1997",
    "period": "Q4",
    "revenue": 1280400000,
    "costOfRevenue": 664100000,
    "grossProfit": 616300000,
    "grossProfitRatio": 0.4813339581,
    "researchAndDevelopmentExpenses": 175300000,
    "generalAndAdministrativeExpenses": 0,
    "sellingAndMarketingExpenses": 0,
    "sellingGeneralAndAdministrativeExpenses": 164400000,
    "otherExpenses": -100000,
    "operatingExpenses": 339600000,
    "costAndExpenses": 1003700000,
    "interestIncome": 0,
    "interestExpense": 0,
    "depreciationAndAmortization": 56900000,
    "ebitda": 333600000,
    "ebitdaratio": 0.2605435801,
    "operatingIncome": 276700000,
    "operatingIncomeRatio": 0.2161043424,
    "totalOtherIncomeExpensesNet": 400000,
    "incomeBeforeTax": 277100000,
    "incomeBeforeTaxRatio": 0.2164167448,
    "incomeTaxExpense": 96900000,
    "netIncome": 180200000,
    "netIncomeRatio": 0.1407372696,
    "eps": 0.12,
    "epsdiluted": 0.12,
    "weightedAverageShsOut": 1486780500,
    "weightedAverageShsOutDil": 1523700000,
    "link": "https://www.sec.gov/Archives/edgar/data/6951/000089161898000207/0000891618-98-000207-index.html",
    "finalLink": "https://www.sec.gov/Archives/edgar/data/6951/0000891618-98-000207.txt"
  },
  {
    "date": "1997-07-27",
    "symbol": "AMAT",
    "reportedCurrency": "USD",
    "cik": "0000006951",
    "fillingDate": "1997-09-08",
    "acceptedDate": "1997-09-08 00:00:00",
    "calendarYear": "1997",
    "period": "Q3",
    "revenue": 1057200000,
    "costOfRevenue": 558300000,
    "grossProfit": 498900000,
    "grossProfitRatio": 0.471906924,
    "researchAndDevelopmentExpenses": 143900000,
    "generalAndAdministrativeExpenses": 0,
    "sellingAndMarketingExpenses": 0,
    "sellingGeneralAndAdministrativeExpenses": 141800000,
    "otherExpenses": 16300000,
    "operatingExpenses": 302000000,
    "costAndExpenses": 860300000,
    "interestIncome": 0,
    "interestExpense": 0,
    "depreciationAndAmortization": 56700000,
    "ebitda": 253600000,
    "ebitdaratio": 0.2398789255,
    "operatingIncome": 196900000,
    "operatingIncomeRatio": 0.1862466894,
    "totalOtherIncomeExpensesNet": 90200000,
    "incomeBeforeTax": 287100000,
    "incomeBeforeTaxRatio": 0.2715664018,
    "incomeTaxExpense": 100500000,
    "netIncome": 186600000,
    "netIncomeRatio": 0.1765039728,
    "eps": 0.12,
    "epsdiluted": 0.12,
    "weightedAverageShsOut": 1516800000,
    "weightedAverageShsOutDil": 1516800000,
    "link": "https://www.sec.gov/Archives/edgar/data/6951/000089161897003709/0000891618-97-003709-index.html",
    "finalLink": "https://www.sec.gov/Archives/edgar/data/6951/"
  },
  {
    "date": "1997-04-27",
    "symbol": "AMAT",
    "reportedCurrency": "USD",
    "cik": "0000006951",
    "fillingDate": "1997-06-11",
    "acceptedDate": "1997-06-11 00:00:00",
    "calendarYear": "1997",
    "period": "Q2",
    "revenue": 900900000,
    "costOfRevenue": 486800000,
    "grossProfit": 414100000,
    "grossProfitRatio": 0.4596514597,
    "researchAndDevelopmentExpenses": 132000000,
    "generalAndAdministrativeExpenses": 0,
    "sellingAndMarketingExpenses": 0,
    "sellingGeneralAndAdministrativeExpenses": 134600000,
    "otherExpenses": -100000,
    "operatingExpenses": 266500000,
    "costAndExpenses": 753300000,
    "interestIncome": 0,
    "interestExpense": 0,
    "depreciationAndAmortization": 57300000,
    "ebitda": 204900000,
    "ebitdaratio": 0.2274392274,
    "operatingIncome": 147500000,
    "operatingIncomeRatio": 0.1637251637,
    "totalOtherIncomeExpensesNet": 9600000,
    "incomeBeforeTax": 157100000,
    "incomeBeforeTaxRatio": 0.1743811744,
    "incomeTaxExpense": 55000000,
    "netIncome": 102100000,
    "netIncomeRatio": 0.1133311133,
    "eps": 0.07,
    "epsdiluted": 0.07,
    "weightedAverageShsOut": 1503192000,
    "weightedAverageShsOutDil": 1503192000,
    "link": "https://www.sec.gov/Archives/edgar/data/6951/000089161897002559/0000891618-97-002559-index.html",
    "finalLink": "https://www.sec.gov/Archives/edgar/data/6951/"
  },
  {
    "date": "1997-01-26",
    "symbol": "AMAT",
    "reportedCurrency": "USD",
    "cik": "0000006951",
    "fillingDate": "1997-03-12",
    "acceptedDate": "1997-03-12 00:00:00",
    "calendarYear": "1997",
    "period": "Q1",
    "revenue": 835800000,
    "costOfRevenue": 464100000,
    "grossProfit": 371700000,
    "grossProfitRatio": 0.4447236181,
    "researchAndDevelopmentExpenses": 116500000,
    "generalAndAdministrativeExpenses": 0,
    "sellingAndMarketingExpenses": 0,
    "sellingGeneralAndAdministrativeExpenses": 125900000,
    "otherExpenses": 59500000,
    "operatingExpenses": 301900000,
    "costAndExpenses": 766000000,
    "interestIncome": 0,
    "interestExpense": 0,
    "depreciationAndAmortization": 48500000,
    "ebitda": 177800000,
    "ebitdaratio": 0.2127303183,
    "operatingIncome": 69800000,
    "operatingIncomeRatio": 0.0835128021,
    "totalOtherIncomeExpensesNet": 7700000,
    "incomeBeforeTax": 77500000,
    "incomeBeforeTaxRatio": 0.0927255324,
    "incomeTaxExpense": 48000000,
    "netIncome": 29600000,
    "netIncomeRatio": 0.0354151711,
    "eps": 0.02,
    "epsdiluted": 0.02,
    "weightedAverageShsOut": 1483456000,
    "weightedAverageShsOutDil": 1483456000,
    "link": "https://www.sec.gov/Archives/edgar/data/6951/000089161897001150/0000891618-97-001150-index.html",
    "finalLink": "https://www.sec.gov/Archives/edgar/data/6951/"
  },
  {
    "date": "1996-10-27",
    "symbol": "AMAT",
    "reportedCurrency": "USD",
    "cik": "0000006951",
    "fillingDate": "1997-01-24",
    "acceptedDate": "1997-01-24 00:00:00",
    "calendarYear": "1996",
    "period": "Q4",
    "revenue": 860900000,
    "costOfRevenue": 481300000,
    "grossProfit": 379600000,
    "grossProfitRatio": 0.4409339064,
    "researchAndDevelopmentExpenses": 117900000,
    "generalAndAdministrativeExpenses": 0,
    "sellingAndMarketingExpenses": 0,
    "sellingGeneralAndAdministrativeExpenses": 129800000,
    "otherExpenses": 25000000,
    "operatingExpenses": 272700000,
    "costAndExpenses": 754000000,
    "interestIncome": 0,
    "interestExpense": 0,
    "depreciationAndAmortization": 45000000,
    "ebitda": 177000000,
    "ebitdaratio": 0.205598792,
    "operatingIncome": 106900000,
    "operatingIncomeRatio": 0.1241723777,
    "totalOtherIncomeExpensesNet": -317300000,
    "incomeBeforeTax": 112600000,
    "incomeBeforeTaxRatio": 0.1307933558,
    "incomeTaxExpense": 39400000,
    "netIncome": 73100000,
    "netIncomeRatio": 0.0849111395,
    "eps": 0.0498,
    "epsdiluted": 0.0498,
    "weightedAverageShsOut": 1468856000,
    "weightedAverageShsOutDil": 1468856000,
    "link": "https://www.sec.gov/Archives/edgar/data/6951/000089161897000148/0000891618-97-000148-index.html",
    "finalLink": "https://www.sec.gov/Archives/edgar/data/6951/"
  },
  {
    "date": "1996-07-28",
    "symbol": "AMAT",
    "reportedCurrency": "USD",
    "cik": "0000006951",
    "fillingDate": "1996-09-11",
    "acceptedDate": "1996-09-11 00:00:00",
    "calendarYear": "1996",
    "period": "Q3",
    "revenue": 1115400000,
    "costOfRevenue": 542600000,
    "grossProfit": 572800000,
    "grossProfitRatio": 0.5135377443,
    "researchAndDevelopmentExpenses": 128300000,
    "generalAndAdministrativeExpenses": 0,
    "sellingAndMarketingExpenses": 0,
    "sellingGeneralAndAdministrativeExpenses": 147700000,
    "otherExpenses": 40800000,
    "operatingExpenses": 316800000,
    "costAndExpenses": 859300000,
    "interestIncome": 0,
    "interestExpense": 0,
    "depreciationAndAmortization": 40800000,
    "ebitda": 296900000,
    "ebitdaratio": 0.2661825354,
    "operatingIncome": 256100000,
    "operatingIncomeRatio": 0.2296037296,
    "totalOtherIncomeExpensesNet": 4000000,
    "incomeBeforeTax": 260100000,
    "incomeBeforeTaxRatio": 0.233189887,
    "incomeTaxExpense": 91000000,
    "netIncome": 169100000,
    "netIncomeRatio": 0.1516048055,
    "eps": 0.12,
    "epsdiluted": 0.11,
    "weightedAverageShsOut": 1470435000,
    "weightedAverageShsOutDil": 1470435000,
    "link": "https://www.sec.gov/Archives/edgar/data/6951/000089161896001990/0000891618-96-001990-index.html",
    "finalLink": "https://www.sec.gov/Archives/edgar/data/6951/"
  },
  {
    "date": "1996-04-28",
    "symbol": "AMAT",
    "reportedCurrency": "USD",
    "cik": "0000006951",
    "fillingDate": "1996-06-10",
    "acceptedDate": "1996-06-10 00:00:00",
    "calendarYear": "1996",
    "period": "Q2",
    "revenue": 1127900000,
    "costOfRevenue": 553200000,
    "grossProfit": 574700000,
    "grossProfitRatio": 0.5095309868,
    "researchAndDevelopmentExpenses": 124900000,
    "generalAndAdministrativeExpenses": 0,
    "sellingAndMarketingExpenses": 0,
    "sellingGeneralAndAdministrativeExpenses": 135400000,
    "otherExpenses": 33400000,
    "operatingExpenses": 293700000,
    "costAndExpenses": 846900000,
    "interestIncome": 0,
    "interestExpense": 0,
    "depreciationAndAmortization": 33400000,
    "ebitda": 314400000,
    "ebitdaratio": 0.278748116,
    "operatingIncome": 281000000,
    "operatingIncomeRatio": 0.2491355617,
    "totalOtherIncomeExpensesNet": 4900000,
    "incomeBeforeTax": 285800000,
    "incomeBeforeTaxRatio": 0.2533912581,
    "incomeTaxExpense": 100100000,
    "netIncome": 185800000,
    "netIncomeRatio": 0.1647309159,
    "eps": 0.13,
    "epsdiluted": 0.13,
    "weightedAverageShsOut": 1429231000,
    "weightedAverageShsOutDil": 1429231000,
    "link": "https://www.sec.gov/Archives/edgar/data/6951/000089161896000809/0000891618-96-000809-index.html",
    "finalLink": "https://www.sec.gov/Archives/edgar/data/6951/"
  },
  {
    "date": "1996-01-28",
    "symbol": "AMAT",
    "reportedCurrency": "USD",
    "cik": "0000006951",
    "fillingDate": "1996-03-04",
    "acceptedDate": "1996-03-04 00:00:00",
    "calendarYear": "1996",
    "period": "Q1",
    "revenue": 1040600000,
    "costOfRevenue": 543800000,
    "grossProfit": 496800000,
    "grossProfitRatio": 0.4774168749,
    "researchAndDevelopmentExpenses": 110400000,
    "generalAndAdministrativeExpenses": 0,
    "sellingAndMarketingExpenses": 0,
    "sellingGeneralAndAdministrativeExpenses": 126900000,
    "otherExpenses": -100000,
    "operatingExpenses": 237200000,
    "costAndExpenses": 781000000,
    "interestIncome": 0,
    "interestExpense": 0,
    "depreciationAndAmortization": 29700000,
    "ebitda": 289300000,
    "ebitdaratio": 0.278012685,
    "operatingIncome": 259600000,
    "operatingIncomeRatio": 0.2494714588,
    "totalOtherIncomeExpensesNet": 4400000,
    "incomeBeforeTax": 264000000,
    "incomeBeforeTaxRatio": 0.2536997886,
    "incomeTaxExpense": 92400000,
    "netIncome": 171600000,
    "netIncomeRatio": 0.1649048626,
    "eps": 0.12,
    "epsdiluted": 0.12,
    "weightedAverageShsOut": 1472008000,
    "weightedAverageShsOutDil": 1472008000,
    "link": "https://www.sec.gov/Archives/edgar/data/6951/000089161896000124/0000891618-96-000124-index.html",
    "finalLink": "https://www.sec.gov/Archives/edgar/data/6951/"
  },
  {
    "date": "1995-10-29",
    "symbol": "AMAT",
    "reportedCurrency": "USD",
    "cik": "0000006951",
    "fillingDate": "1996-01-12",
    "acceptedDate": "1996-01-12 00:00:00",
    "calendarYear": "1995",
    "period": "Q4",
    "revenue": 982700000,
    "costOfRevenue": 524200000,
    "grossProfit": 458500000,
    "grossProfitRatio": 0.4665716902,
    "researchAndDevelopmentExpenses": 110500000,
    "generalAndAdministrativeExpenses": 0,
    "sellingAndMarketingExpenses": 0,
    "sellingGeneralAndAdministrativeExpenses": 118500000,
    "otherExpenses": -4200000,
    "operatingExpenses": 224800000,
    "costAndExpenses": 749000000,
    "interestIncome": 0,
    "interestExpense": 0,
    "depreciationAndAmortization": 29100000,
    "ebitda": 262800000,
    "ebitdaratio": 0.2674264781,
    "operatingIncome": 233600000,
    "operatingIncomeRatio": 0.237712425,
    "totalOtherIncomeExpensesNet": 5400000,
    "incomeBeforeTax": 239000000,
    "incomeBeforeTaxRatio": 0.2432074896,
    "incomeTaxExpense": 83700000,
    "netIncome": 155400000,
    "netIncomeRatio": 0.1581357484,
    "eps": 0.11,
    "epsdiluted": 0.11,
    "weightedAverageShsOut": 1447020000,
    "weightedAverageShsOutDil": 1447020000,
    "link": "https://www.sec.gov/Archives/edgar/data/6951/000089161896000013/0000891618-96-000013-index.html",
    "finalLink": "https://www.sec.gov/Archives/edgar/data/6951/"
  }
]