[
  {
    "date": "2025-06-30",
    "symbol": "AMCR",
    "reportedCurrency": "USD",
    "cik": "0001748790",
    "fillingDate": "2025-08-15",
    "acceptedDate": "2025-08-15 16:21:59",
    "calendarYear": "2025",
    "period": "Q4",
    "revenue": 5082000000,
    "costOfRevenue": 4187000000,
    "grossProfit": 895000000,
    "grossProfitRatio": 0.176111767,
    "researchAndDevelopmentExpenses": 38000000,
    "generalAndAdministrativeExpenses": 0,
    "sellingAndMarketingExpenses": 0,
    "sellingGeneralAndAdministrativeExpenses": 292000000,
    "otherExpenses": 478000000,
    "operatingExpenses": 808000000,
    "costAndExpenses": 4995000000,
    "interestIncome": 19000000,
    "interestExpense": 144000000,
    "depreciationAndAmortization": 323000000,
    "ebitda": 420000000,
    "ebitdaratio": 0.0826446281,
    "operatingIncome": 87000000,
    "operatingIncomeRatio": 0.0171192444,
    "totalOtherIncomeExpensesNet": -134000000,
    "incomeBeforeTax": -47000000,
    "incomeBeforeTaxRatio": -0.0092483274,
    "incomeTaxExpense": -6000000,
    "netIncome": -39000000,
    "netIncomeRatio": -0.007674144,
    "eps": -0.0245,
    "epsdiluted": -0.0245,
    "weightedAverageShsOut": 1589000000,
    "weightedAverageShsOutDil": 1593000000,
    "link": "https://www.sec.gov/Archives/edgar/data/1748790/000174879025000023/0001748790-25-000023-index.htm",
    "finalLink": "https://www.sec.gov/Archives/edgar/data/1748790/000174879025000023/amcr-20250630.htm"
  },
  {
    "date": "2025-03-31",
    "symbol": "AMCR",
    "reportedCurrency": "USD",
    "cik": "0001748790",
    "fillingDate": "2025-05-01",
    "acceptedDate": "2025-05-01 06:09:40",
    "calendarYear": "2025",
    "period": "Q3",
    "revenue": 3333000000,
    "costOfRevenue": 2679000000,
    "grossProfit": 654000000,
    "grossProfitRatio": 0.196219622,
    "researchAndDevelopmentExpenses": 27000000,
    "generalAndAdministrativeExpenses": 0,
    "sellingAndMarketingExpenses": 0,
    "sellingGeneralAndAdministrativeExpenses": 303000000,
    "otherExpenses": 11000000,
    "operatingExpenses": 341000000,
    "costAndExpenses": 3020000000,
    "interestIncome": 10000000,
    "interestExpense": 85000000,
    "depreciationAndAmortization": 132000000,
    "ebitda": 454000000,
    "ebitdaratio": 0.1362136214,
    "operatingIncome": 313000000,
    "operatingIncomeRatio": 0.0939093909,
    "totalOtherIncomeExpensesNet": -76000000,
    "incomeBeforeTax": 237000000,
    "incomeBeforeTaxRatio": 0.0711071107,
    "incomeTaxExpense": 40000000,
    "netIncome": 196000000,
    "netIncomeRatio": 0.0588058806,
    "eps": 0.14,
    "epsdiluted": 0.14,
    "weightedAverageShsOut": 1443000000,
    "weightedAverageShsOutDil": 1446000000,
    "link": "https://www.sec.gov/Archives/edgar/data/1748790/000174879025000016/0001748790-25-000016-index.htm",
    "finalLink": "https://www.sec.gov/Archives/edgar/data/1748790/000174879025000016/amcr-20250331.htm"
  },
  {
    "date": "2024-12-31",
    "symbol": "AMCR",
    "reportedCurrency": "USD",
    "cik": "0001748790",
    "fillingDate": "2025-02-05",
    "acceptedDate": "2025-02-05 06:07:19",
    "calendarYear": "2025",
    "period": "Q2",
    "revenue": 3241000000,
    "costOfRevenue": 2615000000,
    "grossProfit": 626000000,
    "grossProfitRatio": 0.1931502623,
    "researchAndDevelopmentExpenses": 27000000,
    "generalAndAdministrativeExpenses": 0,
    "sellingAndMarketingExpenses": 0,
    "sellingGeneralAndAdministrativeExpenses": 295000000,
    "otherExpenses": 7000000,
    "operatingExpenses": 329000000,
    "costAndExpenses": 2944000000,
    "interestIncome": 9000000,
    "interestExpense": 81000000,
    "depreciationAndAmortization": 126000000,
    "ebitda": 431000000,
    "ebitdaratio": 0.132983647,
    "operatingIncome": 297000000,
    "operatingIncomeRatio": 0.0916383832,
    "totalOtherIncomeExpensesNet": -73000000,
    "incomeBeforeTax": 224000000,
    "incomeBeforeTaxRatio": 0.0691144708,
    "incomeTaxExpense": 58000000,
    "netIncome": 163000000,
    "netIncomeRatio": 0.0502931194,
    "eps": -0.14,
    "epsdiluted": -0.14,
    "weightedAverageShsOut": 1442000000,
    "weightedAverageShsOutDil": 1445000000,
    "link": "https://www.sec.gov/Archives/edgar/data/1748790/000174879025000010/0001748790-25-000010-index.htm",
    "finalLink": "https://www.sec.gov/Archives/edgar/data/1748790/000174879025000010/amcr-20241231.htm"
  },
  {
    "date": "2024-09-30",
    "symbol": "AMCR",
    "reportedCurrency": "USD",
    "cik": "0001748790",
    "fillingDate": "2024-11-01",
    "acceptedDate": "2024-11-01 06:26:12",
    "calendarYear": "2025",
    "period": "Q1",
    "revenue": 3353000000,
    "costOfRevenue": 2694000000,
    "grossProfit": 659000000,
    "grossProfitRatio": 0.1965404116,
    "researchAndDevelopmentExpenses": 28000000,
    "generalAndAdministrativeExpenses": 0,
    "sellingAndMarketingExpenses": 0,
    "sellingGeneralAndAdministrativeExpenses": 315000000,
    "otherExpenses": 4000000,
    "operatingExpenses": 347000000,
    "costAndExpenses": 3041000000,
    "interestIncome": 11000000,
    "interestExpense": 86000000,
    "depreciationAndAmortization": 141000000,
    "ebitda": 463000000,
    "ebitdaratio": 0.1380852967,
    "operatingIncome": 312000000,
    "operatingIncomeRatio": 0.0930509991,
    "totalOtherIncomeExpensesNet": -76000000,
    "incomeBeforeTax": 236000000,
    "incomeBeforeTaxRatio": 0.0703847301,
    "incomeTaxExpense": 43000000,
    "netIncome": 191000000,
    "netIncomeRatio": 0.0569639129,
    "eps": 0.13,
    "epsdiluted": 0.13,
    "weightedAverageShsOut": 1439000000,
    "weightedAverageShsOutDil": 1444000000,
    "link": "https://www.sec.gov/Archives/edgar/data/1748790/000174879024000034/0001748790-24-000034-index.htm",
    "finalLink": "https://www.sec.gov/Archives/edgar/data/1748790/000174879024000034/amcr-20240930.htm"
  },
  {
    "date": "2024-06-30",
    "symbol": "AMCR",
    "reportedCurrency": "USD",
    "cik": "0001748790",
    "fillingDate": "2024-08-16",
    "acceptedDate": "2024-08-16 06:40:20",
    "calendarYear": "2024",
    "period": "Q4",
    "revenue": 3535000000,
    "costOfRevenue": 2781000000,
    "grossProfit": 754000000,
    "grossProfitRatio": 0.2132956153,
    "researchAndDevelopmentExpenses": 26000000,
    "generalAndAdministrativeExpenses": 0,
    "sellingAndMarketingExpenses": 0,
    "sellingGeneralAndAdministrativeExpenses": 329000000,
    "otherExpenses": 4000000,
    "operatingExpenses": 359000000,
    "costAndExpenses": 3140000000,
    "interestIncome": 7000000,
    "interestExpense": 85000000,
    "depreciationAndAmortization": 147000000,
    "ebitda": 550000000,
    "ebitdaratio": 0.1555869873,
    "operatingIncome": 395000000,
    "operatingIncomeRatio": 0.1117397454,
    "totalOtherIncomeExpensesNet": -77000000,
    "incomeBeforeTax": 318000000,
    "incomeBeforeTaxRatio": 0.0899575672,
    "incomeTaxExpense": 56000000,
    "netIncome": 257000000,
    "netIncomeRatio": 0.0727015559,
    "eps": 0.18,
    "epsdiluted": 0.18,
    "weightedAverageShsOut": 1439000000,
    "weightedAverageShsOutDil": 1443000000,
    "link": "https://www.sec.gov/Archives/edgar/data/1748790/000174879024000022/0001748790-24-000022-index.htm",
    "finalLink": "https://www.sec.gov/Archives/edgar/data/1748790/000174879024000022/amcr-20240630.htm"
  },
  {
    "date": "2024-03-31",
    "symbol": "AMCR",
    "reportedCurrency": "USD",
    "cik": "0001748790",
    "fillingDate": "2024-05-01",
    "acceptedDate": "2024-05-01 06:22:11",
    "calendarYear": "2024",
    "period": "Q3",
    "revenue": 3411000000,
    "costOfRevenue": 2719000000,
    "grossProfit": 692000000,
    "grossProfitRatio": 0.2028730578,
    "researchAndDevelopmentExpenses": 25000000,
    "generalAndAdministrativeExpenses": 0,
    "sellingAndMarketingExpenses": 0,
    "sellingGeneralAndAdministrativeExpenses": 330000000,
    "otherExpenses": 30000000,
    "operatingExpenses": 385000000,
    "costAndExpenses": 3104000000,
    "interestIncome": 10000000,
    "interestExpense": 89000000,
    "depreciationAndAmortization": 153000000,
    "ebitda": 472000000,
    "ebitdaratio": 0.1383758429,
    "operatingIncome": 307000000,
    "operatingIncomeRatio": 0.0900029317,
    "totalOtherIncomeExpensesNet": -77000000,
    "incomeBeforeTax": 230000000,
    "incomeBeforeTaxRatio": 0.0674289065,
    "incomeTaxExpense": 40000000,
    "netIncome": 187000000,
    "netIncomeRatio": 0.0548226327,
    "eps": 0.13,
    "epsdiluted": 0.13,
    "weightedAverageShsOut": 1439000000,
    "weightedAverageShsOutDil": 1440000000,
    "link": "https://www.sec.gov/Archives/edgar/data/1748790/000174879024000016/0001748790-24-000016-index.htm",
    "finalLink": "https://www.sec.gov/Archives/edgar/data/1748790/000174879024000016/amcr-20240331.htm"
  },
  {
    "date": "2023-12-31",
    "symbol": "AMCR",
    "reportedCurrency": "USD",
    "cik": "0001748790",
    "fillingDate": "2024-02-07",
    "acceptedDate": "2024-02-07 06:14:07",
    "calendarYear": "2024",
    "period": "Q2",
    "revenue": 3251000000,
    "costOfRevenue": 2630000000,
    "grossProfit": 621000000,
    "grossProfitRatio": 0.1910181483,
    "researchAndDevelopmentExpenses": 28000000,
    "generalAndAdministrativeExpenses": 0,
    "sellingAndMarketingExpenses": 0,
    "sellingGeneralAndAdministrativeExpenses": 299000000,
    "otherExpenses": 52000000,
    "operatingExpenses": 379000000,
    "costAndExpenses": 3009000000,
    "interestIncome": 11000000,
    "interestExpense": 89000000,
    "depreciationAndAmortization": 146000000,
    "ebitda": 400000000,
    "ebitdaratio": 0.1230390649,
    "operatingIncome": 242000000,
    "operatingIncomeRatio": 0.0744386343,
    "totalOtherIncomeExpensesNet": -77000000,
    "incomeBeforeTax": 165000000,
    "incomeBeforeTaxRatio": 0.0507536143,
    "incomeTaxExpense": 28000000,
    "netIncome": 134000000,
    "netIncomeRatio": 0.0412180867,
    "eps": 0.0924,
    "epsdiluted": 0.0924,
    "weightedAverageShsOut": 1439000000,
    "weightedAverageShsOutDil": 1440000000,
    "link": "https://www.sec.gov/Archives/edgar/data/1748790/000174879024000006/0001748790-24-000006-index.htm",
    "finalLink": "https://www.sec.gov/Archives/edgar/data/1748790/000174879024000006/amcr-20231231.htm"
  },
  {
    "date": "2023-09-30",
    "symbol": "AMCR",
    "reportedCurrency": "USD",
    "cik": "0001748790",
    "fillingDate": "2023-11-01",
    "acceptedDate": "2023-11-01 06:22:47",
    "calendarYear": "2024",
    "period": "Q1",
    "revenue": 3443000000,
    "costOfRevenue": 2798000000,
    "grossProfit": 645000000,
    "grossProfitRatio": 0.187336625,
    "researchAndDevelopmentExpenses": 27000000,
    "generalAndAdministrativeExpenses": 0,
    "sellingAndMarketingExpenses": 0,
    "sellingGeneralAndAdministrativeExpenses": 302000000,
    "otherExpenses": 46000000,
    "operatingExpenses": 375000000,
    "costAndExpenses": 3173000000,
    "interestIncome": 10000000,
    "interestExpense": 85000000,
    "depreciationAndAmortization": 149000000,
    "ebitda": 428000000,
    "ebitdaratio": 0.1243101946,
    "operatingIncome": 270000000,
    "operatingIncomeRatio": 0.0784199826,
    "totalOtherIncomeExpensesNet": -76000000,
    "incomeBeforeTax": 194000000,
    "incomeBeforeTaxRatio": 0.0563462097,
    "incomeTaxExpense": 39000000,
    "netIncome": 152000000,
    "netIncomeRatio": 0.0441475457,
    "eps": 0.1,
    "epsdiluted": 0.1,
    "weightedAverageShsOut": 1439000000,
    "weightedAverageShsOutDil": 1439000000,
    "link": "https://www.sec.gov/Archives/edgar/data/1748790/000174879023000036/0001748790-23-000036-index.htm",
    "finalLink": "https://www.sec.gov/Archives/edgar/data/1748790/000174879023000036/amcr-20230930.htm"
  },
  {
    "date": "2023-06-30",
    "symbol": "AMCR",
    "reportedCurrency": "USD",
    "cik": "0001748790",
    "fillingDate": "2023-08-17",
    "acceptedDate": "2023-08-17 06:32:56",
    "calendarYear": "2023",
    "period": "Q4",
    "revenue": 3673000000,
    "costOfRevenue": 2951000000,
    "grossProfit": 722000000,
    "grossProfitRatio": 0.1965695617,
    "researchAndDevelopmentExpenses": 25000000,
    "generalAndAdministrativeExpenses": 0,
    "sellingAndMarketingExpenses": 0,
    "sellingGeneralAndAdministrativeExpenses": 329000000,
    "otherExpenses": 43000000,
    "operatingExpenses": 397000000,
    "costAndExpenses": 3348000000,
    "interestIncome": 0,
    "interestExpense": 70000000,
    "depreciationAndAmortization": 158000000,
    "ebitda": 476000000,
    "ebitdaratio": 0.1295943371,
    "operatingIncome": 325000000,
    "operatingIncomeRatio": 0.0884835285,
    "totalOtherIncomeExpensesNet": -73000000,
    "incomeBeforeTax": 252000000,
    "incomeBeforeTaxRatio": 0.0686087667,
    "incomeTaxExpense": 68000000,
    "netIncome": 180000000,
    "netIncomeRatio": 0.0490062619,
    "eps": 0.12,
    "epsdiluted": 0.12,
    "weightedAverageShsOut": 1447000000,
    "weightedAverageShsOutDil": 1447773000,
    "link": "https://www.sec.gov/Archives/edgar/data/1748790/000174879023000030/0001748790-23-000030-index.htm",
    "finalLink": "https://www.sec.gov/Archives/edgar/data/1748790/000174879023000030/amcr-20230630.htm"
  },
  {
    "date": "2023-03-31",
    "symbol": "AMCR",
    "reportedCurrency": "USD",
    "cik": "0001748790",
    "fillingDate": "2023-05-03",
    "acceptedDate": "2023-05-03 06:28:20",
    "calendarYear": "2023",
    "period": "Q3",
    "revenue": 3667000000,
    "costOfRevenue": 2994000000,
    "grossProfit": 673000000,
    "grossProfitRatio": 0.1835287701,
    "researchAndDevelopmentExpenses": 27000000,
    "generalAndAdministrativeExpenses": 0,
    "sellingAndMarketingExpenses": 0,
    "sellingGeneralAndAdministrativeExpenses": 317000000,
    "otherExpenses": 47000000,
    "operatingExpenses": 391000000,
    "costAndExpenses": 3385000000,
    "interestIncome": 15000000,
    "interestExpense": 86000000,
    "depreciationAndAmortization": 144000000,
    "ebitda": 443000000,
    "ebitdaratio": 0.1208071993,
    "operatingIncome": 282000000,
    "operatingIncomeRatio": 0.0769020998,
    "totalOtherIncomeExpensesNet": -69000000,
    "incomeBeforeTax": 213000000,
    "incomeBeforeTaxRatio": 0.0580856286,
    "incomeTaxExpense": 34000000,
    "netIncome": 177000000,
    "netIncomeRatio": 0.0482683392,
    "eps": 0.12,
    "epsdiluted": 0.12,
    "weightedAverageShsOut": 1470000000,
    "weightedAverageShsOutDil": 1476000000,
    "link": "https://www.sec.gov/Archives/edgar/data/1748790/000174879023000021/0001748790-23-000021-index.htm",
    "finalLink": "https://www.sec.gov/Archives/edgar/data/1748790/000174879023000021/amcr-20230331.htm"
  },
  {
    "date": "2022-12-31",
    "symbol": "AMCR",
    "reportedCurrency": "USD",
    "cik": "0001748790",
    "fillingDate": "2023-02-08",
    "acceptedDate": "2023-02-08 06:21:39",
    "calendarYear": "2023",
    "period": "Q2",
    "revenue": 3642000000,
    "costOfRevenue": 2980000000,
    "grossProfit": 662000000,
    "grossProfitRatio": 0.1817682592,
    "researchAndDevelopmentExpenses": 24000000,
    "generalAndAdministrativeExpenses": 0,
    "sellingAndMarketingExpenses": 0,
    "sellingGeneralAndAdministrativeExpenses": 298000000,
    "otherExpenses": -219000000,
    "operatingExpenses": 103000000,
    "costAndExpenses": 3083000000,
    "interestIncome": 11000000,
    "interestExpense": 79000000,
    "depreciationAndAmortization": 133000000,
    "ebitda": 706000000,
    "ebitdaratio": 0.1938495332,
    "operatingIncome": 559000000,
    "operatingIncomeRatio": 0.153487095,
    "totalOtherIncomeExpensesNet": -65000000,
    "incomeBeforeTax": 494000000,
    "incomeBeforeTaxRatio": 0.1356397584,
    "incomeTaxExpense": 33000000,
    "netIncome": 459000000,
    "netIncomeRatio": 0.126029654,
    "eps": 0.31,
    "epsdiluted": 0.31,
    "weightedAverageShsOut": 1475000000,
    "weightedAverageShsOutDil": 1485000000,
    "link": "https://www.sec.gov/Archives/edgar/data/1748790/000174879023000007/0001748790-23-000007-index.htm",
    "finalLink": "https://www.sec.gov/Archives/edgar/data/1748790/000174879023000007/amcr-20221231.htm"
  },
  {
    "date": "2022-09-30",
    "symbol": "AMCR",
    "reportedCurrency": "USD",
    "cik": "0001748790",
    "fillingDate": "2022-11-02",
    "acceptedDate": "2022-11-02 06:15:39",
    "calendarYear": "2023",
    "period": "Q1",
    "revenue": 3712000000,
    "costOfRevenue": 3044000000,
    "grossProfit": 668000000,
    "grossProfitRatio": 0.1799568966,
    "researchAndDevelopmentExpenses": 25000000,
    "generalAndAdministrativeExpenses": 0,
    "sellingAndMarketingExpenses": 0,
    "sellingGeneralAndAdministrativeExpenses": 302000000,
    "otherExpenses": -1000000,
    "operatingExpenses": 326000000,
    "costAndExpenses": 3370000000,
    "interestIncome": 9000000,
    "interestExpense": 59000000,
    "depreciationAndAmortization": 151000000,
    "ebitda": 502000000,
    "ebitdaratio": 0.135237069,
    "operatingIncome": 342000000,
    "operatingIncomeRatio": 0.0921336207,
    "totalOtherIncomeExpensesNet": -50000000,
    "incomeBeforeTax": 292000000,
    "incomeBeforeTaxRatio": 0.0786637931,
    "incomeTaxExpense": 58000000,
    "netIncome": 232000000,
    "netIncomeRatio": 0.0625,
    "eps": 0.16,
    "epsdiluted": 0.16,
    "weightedAverageShsOut": 1474000000,
    "weightedAverageShsOutDil": 1486000000,
    "link": "https://www.sec.gov/Archives/edgar/data/1748790/000174879022000034/0001748790-22-000034-index.htm",
    "finalLink": "https://www.sec.gov/Archives/edgar/data/1748790/000174879022000034/amcr-20220930.htm"
  },
  {
    "date": "2022-06-30",
    "symbol": "AMCR",
    "reportedCurrency": "USD",
    "cik": "0001748790",
    "fillingDate": "2022-08-18",
    "acceptedDate": "2022-08-18 06:32:42",
    "calendarYear": "2022",
    "period": "Q4",
    "revenue": 3909000000,
    "costOfRevenue": 3115000000,
    "grossProfit": 794000000,
    "grossProfitRatio": 0.2031210028,
    "researchAndDevelopmentExpenses": 24000000,
    "generalAndAdministrativeExpenses": 0,
    "sellingAndMarketingExpenses": 0,
    "sellingGeneralAndAdministrativeExpenses": 342000000,
    "otherExpenses": 176000000,
    "operatingExpenses": 542000000,
    "costAndExpenses": 3657000000,
    "interestIncome": 9000000,
    "interestExpense": 44000000,
    "depreciationAndAmortization": 146000000,
    "ebitda": 406000000,
    "ebitdaratio": 0.1038628805,
    "operatingIncome": 252000000,
    "operatingIncomeRatio": 0.0644666155,
    "totalOtherIncomeExpensesNet": -36000000,
    "incomeBeforeTax": 216000000,
    "incomeBeforeTaxRatio": 0.055257099,
    "incomeTaxExpense": 104000000,
    "netIncome": 109000000,
    "netIncomeRatio": 0.0278843694,
    "eps": 0.074,
    "epsdiluted": 0.073,
    "weightedAverageShsOut": 1485000000,
    "weightedAverageShsOutDil": 1501000000,
    "link": "https://www.sec.gov/Archives/edgar/data/1748790/000174879022000024/0001748790-22-000024-index.htm",
    "finalLink": "https://www.sec.gov/Archives/edgar/data/1748790/000174879022000024/amcr-20220630.htm"
  },
  {
    "date": "2022-03-31",
    "symbol": "AMCR",
    "reportedCurrency": "USD",
    "cik": "0001748790",
    "fillingDate": "2022-05-04",
    "acceptedDate": "2022-05-04 06:28:10",
    "calendarYear": "2022",
    "period": "Q3",
    "revenue": 3708000000,
    "costOfRevenue": 2977000000,
    "grossProfit": 731000000,
    "grossProfitRatio": 0.1971413161,
    "researchAndDevelopmentExpenses": 24000000,
    "generalAndAdministrativeExpenses": 0,
    "sellingAndMarketingExpenses": 0,
    "sellingGeneralAndAdministrativeExpenses": 326000000,
    "otherExpenses": 12000000,
    "operatingExpenses": 362000000,
    "costAndExpenses": 3339000000,
    "interestIncome": 5000000,
    "interestExpense": 36000000,
    "depreciationAndAmortization": 147000000,
    "ebitda": 526000000,
    "ebitdaratio": 0.1418554477,
    "operatingIncome": 369000000,
    "operatingIncomeRatio": 0.0995145631,
    "totalOtherIncomeExpensesNet": -26000000,
    "incomeBeforeTax": 343000000,
    "incomeBeforeTaxRatio": 0.0925026969,
    "incomeTaxExpense": 72000000,
    "netIncome": 269000000,
    "netIncomeRatio": 0.0725458468,
    "eps": 0.18,
    "epsdiluted": 0.18,
    "weightedAverageShsOut": 1503000000,
    "weightedAverageShsOutDil": 1507000000,
    "link": "https://www.sec.gov/Archives/edgar/data/1748790/000174879022000017/0001748790-22-000017-index.htm",
    "finalLink": "https://www.sec.gov/Archives/edgar/data/1748790/000174879022000017/amcr-20220331.htm"
  },
  {
    "date": "2021-12-31",
    "symbol": "AMCR",
    "reportedCurrency": "USD",
    "cik": "0001748790",
    "fillingDate": "2022-02-03",
    "acceptedDate": "2022-02-03 06:17:17",
    "calendarYear": "2022",
    "period": "Q2",
    "revenue": 3507000000,
    "costOfRevenue": 2862000000,
    "grossProfit": 645000000,
    "grossProfitRatio": 0.1839178785,
    "researchAndDevelopmentExpenses": 23000000,
    "generalAndAdministrativeExpenses": 0,
    "sellingAndMarketingExpenses": 0,
    "sellingGeneralAndAdministrativeExpenses": 303000000,
    "otherExpenses": -3000000,
    "operatingExpenses": 323000000,
    "costAndExpenses": 3185000000,
    "interestIncome": 5000000,
    "interestExpense": 39000000,
    "depreciationAndAmortization": 155000000,
    "ebitda": 484000000,
    "ebitdaratio": 0.1380096949,
    "operatingIncome": 322000000,
    "operatingIncomeRatio": 0.0918163673,
    "totalOtherIncomeExpensesNet": -32000000,
    "incomeBeforeTax": 290000000,
    "incomeBeforeTaxRatio": 0.0826917593,
    "incomeTaxExpense": 61000000,
    "netIncome": 225000000,
    "netIncomeRatio": 0.0641573995,
    "eps": 0.15,
    "epsdiluted": 0.15,
    "weightedAverageShsOut": 1520000000,
    "weightedAverageShsOutDil": 1524000000,
    "link": "https://www.sec.gov/Archives/edgar/data/1748790/000174879022000010/0001748790-22-000010-index.htm",
    "finalLink": "https://www.sec.gov/Archives/edgar/data/1748790/000174879022000010/amcr-20211231.htm"
  },
  {
    "date": "2021-09-30",
    "symbol": "AMCR",
    "reportedCurrency": "USD",
    "cik": "0001748790",
    "fillingDate": "2021-11-04",
    "acceptedDate": "2021-11-04 06:18:13",
    "calendarYear": "2022",
    "period": "Q1",
    "revenue": 3420000000,
    "costOfRevenue": 2770000000,
    "grossProfit": 650000000,
    "grossProfitRatio": 0.1900584795,
    "researchAndDevelopmentExpenses": 25000000,
    "generalAndAdministrativeExpenses": 0,
    "sellingAndMarketingExpenses": 0,
    "sellingGeneralAndAdministrativeExpenses": 313000000,
    "otherExpenses": 16000000,
    "operatingExpenses": 354000000,
    "costAndExpenses": 3124000000,
    "interestIncome": 5000000,
    "interestExpense": 40000000,
    "depreciationAndAmortization": 177000000,
    "ebitda": 483000000,
    "ebitdaratio": 0.1412280702,
    "operatingIncome": 296000000,
    "operatingIncomeRatio": 0.0865497076,
    "totalOtherIncomeExpensesNet": -30000000,
    "incomeBeforeTax": 266000000,
    "incomeBeforeTaxRatio": 0.0777777778,
    "incomeTaxExpense": 63000000,
    "netIncome": 202000000,
    "netIncomeRatio": 0.0590643275,
    "eps": 0.13,
    "epsdiluted": 0.13,
    "weightedAverageShsOut": 1530000000,
    "weightedAverageShsOutDil": 1534000000,
    "link": "https://www.sec.gov/Archives/edgar/data/1748790/000174879021000038/0001748790-21-000038-index.htm",
    "finalLink": "https://www.sec.gov/Archives/edgar/data/1748790/000174879021000038/amcr-20210930.htm"
  },
  {
    "date": "2021-06-30",
    "symbol": "AMCR",
    "reportedCurrency": "USD",
    "cik": "0001748790",
    "fillingDate": "2021-08-24",
    "acceptedDate": "2021-08-24 06:11:18",
    "calendarYear": "2021",
    "period": "Q4",
    "revenue": 3454000000,
    "costOfRevenue": 2709000000,
    "grossProfit": 745000000,
    "grossProfitRatio": 0.2156919514,
    "researchAndDevelopmentExpenses": 26000000,
    "generalAndAdministrativeExpenses": 0,
    "sellingAndMarketingExpenses": 0,
    "sellingGeneralAndAdministrativeExpenses": 330000000,
    "otherExpenses": 24000000,
    "operatingExpenses": 380000000,
    "costAndExpenses": 3089000000,
    "interestIncome": 4000000,
    "interestExpense": 40000000,
    "depreciationAndAmortization": 148000000,
    "ebitda": 521000000,
    "ebitdaratio": 0.1508396063,
    "operatingIncome": 365000000,
    "operatingIncomeRatio": 0.1056745802,
    "totalOtherIncomeExpensesNet": -32000000,
    "incomeBeforeTax": 333000000,
    "incomeBeforeTaxRatio": 0.0964099595,
    "incomeTaxExpense": 74000000,
    "netIncome": 255000000,
    "netIncomeRatio": 0.0738274464,
    "eps": 0.17,
    "epsdiluted": 0.17,
    "weightedAverageShsOut": 1530000000,
    "weightedAverageShsOutDil": 1534000000,
    "link": "https://www.sec.gov/Archives/edgar/data/1748790/000174879021000031/0001748790-21-000031-index.htm",
    "finalLink": "https://www.sec.gov/Archives/edgar/data/1748790/000174879021000031/amcr-20210630.htm"
  },
  {
    "date": "2021-03-31",
    "symbol": "AMCR",
    "reportedCurrency": "USD",
    "cik": "0001748790",
    "fillingDate": "2021-05-06",
    "acceptedDate": "2021-05-06 06:22:25",
    "calendarYear": "2021",
    "period": "Q3",
    "revenue": 3207000000,
    "costOfRevenue": 2525000000,
    "grossProfit": 682000000,
    "grossProfitRatio": 0.2126598067,
    "researchAndDevelopmentExpenses": 25000000,
    "generalAndAdministrativeExpenses": 0,
    "sellingAndMarketingExpenses": 0,
    "sellingGeneralAndAdministrativeExpenses": 325000000,
    "otherExpenses": -41000000,
    "operatingExpenses": 309000000,
    "costAndExpenses": 2834000000,
    "interestIncome": 3000000,
    "interestExpense": 36000000,
    "depreciationAndAmortization": 139000000,
    "ebitda": 516000000,
    "ebitdaratio": 0.1608980355,
    "operatingIncome": 373000000,
    "operatingIncomeRatio": 0.1163080761,
    "totalOtherIncomeExpensesNet": -32000000,
    "incomeBeforeTax": 341000000,
    "incomeBeforeTaxRatio": 0.1063299033,
    "incomeTaxExpense": 71000000,
    "netIncome": 267000000,
    "netIncomeRatio": 0.0832553789,
    "eps": 0.17,
    "epsdiluted": 0.17,
    "weightedAverageShsOut": 1549000000,
    "weightedAverageShsOutDil": 1550000000,
    "link": "https://www.sec.gov/Archives/edgar/data/1748790/000174879021000021/0001748790-21-000021-index.htm",
    "finalLink": "https://www.sec.gov/Archives/edgar/data/1748790/000174879021000021/amcr-20210331.htm"
  },
  {
    "date": "2020-12-31",
    "symbol": "AMCR",
    "reportedCurrency": "USD",
    "cik": "0001748790",
    "fillingDate": "2021-02-04",
    "acceptedDate": "2021-02-04 06:05:19",
    "calendarYear": "2021",
    "period": "Q2",
    "revenue": 3103000000,
    "costOfRevenue": 2452000000,
    "grossProfit": 651000000,
    "grossProfitRatio": 0.2097969707,
    "researchAndDevelopmentExpenses": 23000000,
    "generalAndAdministrativeExpenses": 0,
    "sellingAndMarketingExpenses": 0,
    "sellingGeneralAndAdministrativeExpenses": 308000000,
    "otherExpenses": 13000000,
    "operatingExpenses": 344000000,
    "costAndExpenses": 2796000000,
    "interestIncome": 4000000,
    "interestExpense": 37000000,
    "depreciationAndAmortization": 142000000,
    "ebitda": 456000000,
    "ebitdaratio": 0.1469545601,
    "operatingIncome": 307000000,
    "operatingIncomeRatio": 0.0989365131,
    "totalOtherIncomeExpensesNet": -30000000,
    "incomeBeforeTax": 277000000,
    "incomeBeforeTaxRatio": 0.0892684499,
    "incomeTaxExpense": 55000000,
    "netIncome": 219000000,
    "netIncomeRatio": 0.0705768611,
    "eps": 0.14,
    "epsdiluted": 0.14,
    "weightedAverageShsOut": 1560000000,
    "weightedAverageShsOutDil": 1570000000,
    "link": "https://www.sec.gov/Archives/edgar/data/1748790/000174879021000012/0001748790-21-000012-index.htm",
    "finalLink": "https://www.sec.gov/Archives/edgar/data/1748790/000174879021000012/amcr-20201231.htm"
  },
  {
    "date": "2020-09-30",
    "symbol": "AMCR",
    "reportedCurrency": "USD",
    "cik": "0001748790",
    "fillingDate": "2020-11-06",
    "acceptedDate": "2020-11-06 16:36:10",
    "calendarYear": "2021",
    "period": "Q1",
    "revenue": 3097000000,
    "costOfRevenue": 2443000000,
    "grossProfit": 654000000,
    "grossProfitRatio": 0.211172102,
    "researchAndDevelopmentExpenses": 26000000,
    "generalAndAdministrativeExpenses": 0,
    "sellingAndMarketingExpenses": 0,
    "sellingGeneralAndAdministrativeExpenses": 329000000,
    "otherExpenses": 23000000,
    "operatingExpenses": 378000000,
    "costAndExpenses": 2821000000,
    "interestIncome": 3000000,
    "interestExpense": 40000000,
    "depreciationAndAmortization": 145000000,
    "ebitda": 427000000,
    "ebitdaratio": 0.1378753633,
    "operatingIncome": 276000000,
    "operatingIncomeRatio": 0.0891185018,
    "totalOtherIncomeExpensesNet": -34000000,
    "incomeBeforeTax": 242000000,
    "incomeBeforeTaxRatio": 0.0781401356,
    "incomeTaxExpense": 61000000,
    "netIncome": 198000000,
    "netIncomeRatio": 0.0639328382,
    "eps": 0.13,
    "epsdiluted": 0.13,
    "weightedAverageShsOut": 1569000000,
    "weightedAverageShsOutDil": 1569000000,
    "link": "https://www.sec.gov/Archives/edgar/data/1748790/000174879020000035/0001748790-20-000035-index.htm",
    "finalLink": "https://www.sec.gov/Archives/edgar/data/1748790/000174879020000035/amcr-20200930.htm"
  },
  {
    "date": "2020-06-30",
    "symbol": "AMCR",
    "reportedCurrency": "USD",
    "cik": "0001748790",
    "fillingDate": "2020-08-27",
    "acceptedDate": "2020-08-27 13:43:47",
    "calendarYear": "2020",
    "period": "Q4",
    "revenue": 3142700000,
    "costOfRevenue": 2423200000,
    "grossProfit": 719500000,
    "grossProfitRatio": 0.2289432653,
    "researchAndDevelopmentExpenses": 23000000,
    "generalAndAdministrativeExpenses": 0,
    "sellingAndMarketingExpenses": 0,
    "sellingGeneralAndAdministrativeExpenses": 351400000,
    "otherExpenses": 35200000,
    "operatingExpenses": 409600000,
    "costAndExpenses": 2832800000,
    "interestIncome": 3900000,
    "interestExpense": 49100000,
    "depreciationAndAmortization": 152300000,
    "ebitda": 464600000,
    "ebitdaratio": 0.1478346645,
    "operatingIncome": 309900000,
    "operatingIncomeRatio": 0.0986094759,
    "totalOtherIncomeExpensesNet": -46700000,
    "incomeBeforeTax": 263200000,
    "incomeBeforeTaxRatio": 0.083749642,
    "incomeTaxExpense": 63900000,
    "netIncome": 178900000,
    "netIncomeRatio": 0.0569255736,
    "eps": 0.11,
    "epsdiluted": 0.11,
    "weightedAverageShsOut": 1561000000,
    "weightedAverageShsOutDil": 1565000000,
    "link": "https://www.sec.gov/Archives/edgar/data/1748790/000174879020000025/0001748790-20-000025-index.htm",
    "finalLink": "https://www.sec.gov/Archives/edgar/data/1748790/000174879020000025/amcr-20200630.htm"
  },
  {
    "date": "2020-03-31",
    "symbol": "AMCR",
    "reportedCurrency": "USD",
    "cik": "0001748790",
    "fillingDate": "2020-05-11",
    "acceptedDate": "2020-05-11 17:24:06",
    "calendarYear": "2020",
    "period": "Q3",
    "revenue": 3141000000,
    "costOfRevenue": 2489000000,
    "grossProfit": 652000000,
    "grossProfitRatio": 0.2075772047,
    "researchAndDevelopmentExpenses": 25000000,
    "generalAndAdministrativeExpenses": 0,
    "sellingAndMarketingExpenses": 0,
    "sellingGeneralAndAdministrativeExpenses": 354000000,
    "otherExpenses": 2000000,
    "operatingExpenses": 381000000,
    "costAndExpenses": 2870000000,
    "interestIncome": 5000000,
    "interestExpense": 45800000,
    "depreciationAndAmortization": 167000000,
    "ebitda": 449000000,
    "ebitdaratio": 0.1429481057,
    "operatingIncome": 271000000,
    "operatingIncomeRatio": 0.0862782553,
    "totalOtherIncomeExpensesNet": -35000000,
    "incomeBeforeTax": 236000000,
    "incomeBeforeTaxRatio": 0.0751353072,
    "incomeTaxExpense": 56000000,
    "netIncome": 181500000,
    "netIncomeRatio": 0.0577841452,
    "eps": 0.11,
    "epsdiluted": 0.11,
    "weightedAverageShsOut": 1593700000,
    "weightedAverageShsOutDil": 1594700000,
    "link": "https://www.sec.gov/Archives/edgar/data/1748790/000174879020000018/0001748790-20-000018-index.htm",
    "finalLink": "https://www.sec.gov/Archives/edgar/data/1748790/000174879020000018/amcr-20200331.htm"
  },
  {
    "date": "2019-12-31",
    "symbol": "AMCR",
    "reportedCurrency": "USD",
    "cik": "0001748790",
    "fillingDate": "2020-02-11",
    "acceptedDate": "2020-02-11 16:41:07",
    "calendarYear": "2020",
    "period": "Q2",
    "revenue": 3043000000,
    "costOfRevenue": 2426000000,
    "grossProfit": 617000000,
    "grossProfitRatio": 0.2027604338,
    "researchAndDevelopmentExpenses": 23000000,
    "generalAndAdministrativeExpenses": 0,
    "sellingAndMarketingExpenses": 0,
    "sellingGeneralAndAdministrativeExpenses": 309000000,
    "otherExpenses": 13000000,
    "operatingExpenses": 345000000,
    "costAndExpenses": 2771000000,
    "interestIncome": 6300000,
    "interestExpense": 52300000,
    "depreciationAndAmortization": 148000000,
    "ebitda": 430000000,
    "ebitdaratio": 0.1413079198,
    "operatingIncome": 272000000,
    "operatingIncomeRatio": 0.0893854749,
    "totalOtherIncomeExpensesNet": -42000000,
    "incomeBeforeTax": 230000000,
    "incomeBeforeTaxRatio": 0.0755833059,
    "incomeTaxExpense": 45000000,
    "netIncome": 185600000,
    "netIncomeRatio": 0.0609924417,
    "eps": 0.12,
    "epsdiluted": 0.12,
    "weightedAverageShsOut": 1613400000,
    "weightedAverageShsOutDil": 1615400000,
    "link": "https://www.sec.gov/Archives/edgar/data/1748790/000174879020000010/0001748790-20-000010-index.htm",
    "finalLink": "https://www.sec.gov/Archives/edgar/data/1748790/000174879020000010/amcor2q2020form10-qxde.htm"
  },
  {
    "date": "2019-09-30",
    "symbol": "AMCR",
    "reportedCurrency": "USD",
    "cik": "0001748790",
    "fillingDate": "2019-11-07",
    "acceptedDate": "2019-11-07 17:11:38",
    "calendarYear": "2020",
    "period": "Q1",
    "revenue": 3141000000,
    "costOfRevenue": 2594000000,
    "grossProfit": 547000000,
    "grossProfitRatio": 0.1741483604,
    "researchAndDevelopmentExpenses": 26000000,
    "generalAndAdministrativeExpenses": 0,
    "sellingAndMarketingExpenses": 0,
    "sellingGeneralAndAdministrativeExpenses": 371000000,
    "otherExpenses": 9000000,
    "operatingExpenses": 406000000,
    "costAndExpenses": 3000000000,
    "interestIncome": 6700000,
    "interestExpense": 59700000,
    "depreciationAndAmortization": 184000000,
    "ebitda": 340000000,
    "ebitdaratio": 0.1082457816,
    "operatingIncome": 141000000,
    "operatingIncomeRatio": 0.0448901624,
    "totalOtherIncomeExpensesNet": -45000000,
    "incomeBeforeTax": 96000000,
    "incomeBeforeTaxRatio": 0.0305635148,
    "incomeTaxExpense": 22000000,
    "netIncome": 66000000,
    "netIncomeRatio": 0.0210124164,
    "eps": 0.041,
    "epsdiluted": 0.041,
    "weightedAverageShsOut": 1623500000,
    "weightedAverageShsOutDil": 1626100000,
    "link": "https://www.sec.gov/Archives/edgar/data/1748790/000174879019000007/0001748790-19-000007-index.htm",
    "finalLink": "https://www.sec.gov/Archives/edgar/data/1748790/000174879019000007/amcor1q2020form10-qxse.htm"
  },
  {
    "date": "2019-06-30",
    "symbol": "AMCR",
    "reportedCurrency": "USD",
    "cik": "0001748790",
    "fillingDate": "2019-09-03",
    "acceptedDate": "2019-09-03 07:55:13",
    "calendarYear": "2019",
    "period": "Q4",
    "revenue": 2602900000,
    "costOfRevenue": 2068000000,
    "grossProfit": 534900000,
    "grossProfitRatio": 0.205501556,
    "researchAndDevelopmentExpenses": 16700000,
    "generalAndAdministrativeExpenses": 0,
    "sellingAndMarketingExpenses": 0,
    "sellingGeneralAndAdministrativeExpenses": 374800000,
    "otherExpenses": -68200000,
    "operatingExpenses": 323300000,
    "costAndExpenses": 2391300000,
    "interestIncome": 5200000,
    "interestExpense": 48600000,
    "depreciationAndAmortization": 183400000,
    "ebitda": 399500000,
    "ebitdaratio": 0.153482654,
    "operatingIncome": 211600000,
    "operatingIncomeRatio": 0.0812939414,
    "totalOtherIncomeExpensesNet": -44100000,
    "incomeBeforeTax": 172700000,
    "incomeBeforeTaxRatio": 0.0663490722,
    "incomeTaxExpense": 90700000,
    "netIncome": 80600000,
    "netIncomeRatio": 0.0309654616,
    "eps": 0.05,
    "epsdiluted": 0.05,
    "weightedAverageShsOut": 1623200000,
    "weightedAverageShsOutDil": 1626100000,
    "link": "https://www.sec.gov/Archives/edgar/data/1748790/000174879019000003/0001748790-19-000003-index.htm",
    "finalLink": "https://www.sec.gov/Archives/edgar/data/1748790/000174879019000003/amcor-2019form10xkxjune302.htm"
  },
  {
    "date": "2019-03-31",
    "symbol": "AMCR",
    "reportedCurrency": "USD",
    "cik": "0001748790",
    "fillingDate": "2019-05-09",
    "acceptedDate": "2019-05-09 16:54:58",
    "calendarYear": "2019",
    "period": "Q3",
    "revenue": 2309900000,
    "costOfRevenue": 1890100000,
    "grossProfit": 419800000,
    "grossProfitRatio": 0.1817394692,
    "researchAndDevelopmentExpenses": 15800000,
    "generalAndAdministrativeExpenses": 0,
    "sellingAndMarketingExpenses": 220600000,
    "sellingGeneralAndAdministrativeExpenses": 220600000,
    "otherExpenses": 2100000,
    "operatingExpenses": 238500000,
    "costAndExpenses": 2128600000,
    "interestIncome": 3500000,
    "interestExpense": 51100000,
    "depreciationAndAmortization": 82600000,
    "ebitda": 268500000,
    "ebitdaratio": 0.1162387982,
    "operatingIncome": 181300000,
    "operatingIncomeRatio": 0.0784882462,
    "totalOtherIncomeExpensesNet": -46500000,
    "incomeBeforeTax": 134800000,
    "incomeBeforeTaxRatio": 0.0583575047,
    "incomeTaxExpense": 28000000,
    "netIncome": 112600000,
    "netIncomeRatio": 0.048746699,
    "eps": 0.097,
    "epsdiluted": 0.097,
    "weightedAverageShsOut": 1160825000,
    "weightedAverageShsOutDil": 1439000000,
    "link": "https://www.sec.gov/Archives/edgar/data/1748790/000110465919028242/0001104659-19-028242-index.htm",
    "finalLink": "https://www.sec.gov/Archives/edgar/data/1748790/000110465919028242/a19-8886_110q.htm"
  },
  {
    "date": "2018-12-31",
    "symbol": "AMCR",
    "reportedCurrency": "USD",
    "cik": "0001748790",
    "fillingDate": "2018-12-31",
    "acceptedDate": "2018-12-31 00:00:00",
    "calendarYear": "2019",
    "period": "Q2",
    "revenue": 2285400000,
    "costOfRevenue": 1832400000,
    "grossProfit": 453000000,
    "grossProfitRatio": 0.1982147545,
    "researchAndDevelopmentExpenses": 17300000,
    "generalAndAdministrativeExpenses": 0,
    "sellingAndMarketingExpenses": 0,
    "sellingGeneralAndAdministrativeExpenses": 205300000,
    "otherExpenses": 8900000,
    "operatingExpenses": 231500000,
    "costAndExpenses": 2063900000,
    "interestIncome": 5200000,
    "interestExpense": 52100000,
    "depreciationAndAmortization": 0,
    "ebitda": 232400000,
    "ebitdaratio": 0.1016889822,
    "operatingIncome": 221500000,
    "operatingIncomeRatio": 0.0969195764,
    "totalOtherIncomeExpensesNet": -41200000,
    "incomeBeforeTax": 180300000,
    "incomeBeforeTaxRatio": 0.0788920977,
    "incomeTaxExpense": 31100000,
    "netIncome": 138600000,
    "netIncomeRatio": 0.0606458388,
    "eps": 0.12,
    "epsdiluted": 0.12,
    "weightedAverageShsOut": 1439000000,
    "weightedAverageShsOutDil": 1439000000,
    "link": "",
    "finalLink": ""
  },
  {
    "date": "2018-09-30",
    "symbol": "AMCR",
    "reportedCurrency": "USD",
    "cik": "0001748790",
    "fillingDate": "2018-09-30",
    "acceptedDate": "2018-09-30 00:00:00",
    "calendarYear": "2019",
    "period": "Q1",
    "revenue": 0,
    "costOfRevenue": 0,
    "grossProfit": 0,
    "grossProfitRatio": 0,
    "researchAndDevelopmentExpenses": 0,
    "generalAndAdministrativeExpenses": 0,
    "sellingAndMarketingExpenses": 0,
    "sellingGeneralAndAdministrativeExpenses": 0,
    "otherExpenses": 0,
    "operatingExpenses": 0,
    "costAndExpenses": 0,
    "interestIncome": 0,
    "interestExpense": 0,
    "depreciationAndAmortization": 0,
    "ebitda": 0,
    "ebitdaratio": 0,
    "operatingIncome": 0,
    "operatingIncomeRatio": 0,
    "totalOtherIncomeExpensesNet": 0,
    "incomeBeforeTax": 123200000,
    "incomeBeforeTaxRatio": 0,
    "incomeTaxExpense": 21700000,
    "netIncome": 98200000,
    "netIncomeRatio": 0,
    "eps": 0.0682,
    "epsdiluted": 0.0682,
    "weightedAverageShsOut": 1158600000,
    "weightedAverageShsOutDil": 1158600000,
    "link": "",
    "finalLink": ""
  },
  {
    "date": "2018-06-30",
    "symbol": "AMCR",
    "reportedCurrency": "USD",
    "cik": "0001748790",
    "fillingDate": "2018-06-30",
    "acceptedDate": "2018-06-30 00:00:00",
    "calendarYear": "2018",
    "period": "Q4",
    "revenue": 0,
    "costOfRevenue": 0,
    "grossProfit": 0,
    "grossProfitRatio": 0,
    "researchAndDevelopmentExpenses": 0,
    "generalAndAdministrativeExpenses": 141950000,
    "sellingAndMarketingExpenses": 52600000,
    "sellingGeneralAndAdministrativeExpenses": 0,
    "otherExpenses": 0,
    "operatingExpenses": 0,
    "costAndExpenses": 0,
    "interestIncome": 0,
    "interestExpense": 0,
    "depreciationAndAmortization": 0,
    "ebitda": 0,
    "ebitdaratio": 0,
    "operatingIncome": 0,
    "operatingIncomeRatio": 0,
    "totalOtherIncomeExpensesNet": 0,
    "incomeBeforeTax": 176700000,
    "incomeBeforeTaxRatio": 0,
    "incomeTaxExpense": 23550000,
    "netIncome": 149250000,
    "netIncomeRatio": 0,
    "eps": 0.13,
    "epsdiluted": 0.13,
    "weightedAverageShsOut": 1157040000,
    "weightedAverageShsOutDil": 1162600000,
    "link": null,
    "finalLink": null
  },
  {
    "date": "2018-03-31",
    "symbol": "AMCR",
    "reportedCurrency": "USD",
    "cik": "0001748790",
    "fillingDate": "2018-03-31",
    "acceptedDate": "2018-03-30 20:00:00",
    "calendarYear": "2018",
    "period": "Q3",
    "revenue": 2408450000,
    "costOfRevenue": 1927500000,
    "grossProfit": 480950000,
    "grossProfitRatio": 0.1996927484,
    "researchAndDevelopmentExpenses": 18400000,
    "generalAndAdministrativeExpenses": 141950000,
    "sellingAndMarketingExpenses": 52600000,
    "sellingGeneralAndAdministrativeExpenses": 199550000,
    "otherExpenses": 3900000,
    "operatingExpenses": 254300000,
    "costAndExpenses": 2149350000,
    "interestIncome": 49950000,
    "interestExpense": 0,
    "depreciationAndAmortization": 86550000,
    "ebitda": 365350000,
    "ebitdaratio": 0.1516950736,
    "operatingIncome": 278800000,
    "operatingIncomeRatio": 0.1157590982,
    "totalOtherIncomeExpensesNet": -82400000,
    "incomeBeforeTax": 176700000,
    "incomeBeforeTaxRatio": 0.0733666881,
    "incomeTaxExpense": 23550000,
    "netIncome": 149250000,
    "netIncomeRatio": 0.0619693164,
    "eps": 0.12,
    "epsdiluted": 0.13,
    "weightedAverageShsOut": 1194038000,
    "weightedAverageShsOutDil": 1162600000,
    "link": null,
    "finalLink": null
  },
  {
    "date": "2017-12-31",
    "symbol": "AMCR",
    "reportedCurrency": "USD",
    "cik": "0001748790",
    "fillingDate": "2017-12-31",
    "acceptedDate": "2017-12-30 19:00:00",
    "calendarYear": "2018",
    "period": "Q2",
    "revenue": 2251100000,
    "costOfRevenue": 1777500000,
    "grossProfit": 473600000,
    "grossProfitRatio": 0.2103860335,
    "researchAndDevelopmentExpenses": 17400000,
    "generalAndAdministrativeExpenses": 123200000,
    "sellingAndMarketingExpenses": 50600000,
    "sellingGeneralAndAdministrativeExpenses": 171800000,
    "otherExpenses": 0,
    "operatingExpenses": 187800000,
    "costAndExpenses": 1965300000,
    "interestIncome": 49300000,
    "interestExpense": 0,
    "depreciationAndAmortization": 82100000,
    "ebitda": 365400000,
    "ebitdaratio": 0.1623206432,
    "operatingIncome": 283300000,
    "operatingIncomeRatio": 0.1258495846,
    "totalOtherIncomeExpensesNet": -97500000,
    "incomeBeforeTax": 188300000,
    "incomeBeforeTaxRatio": 0.0836479943,
    "incomeTaxExpense": 40000000,
    "netIncome": 144600000,
    "netIncomeRatio": 0.0642352628,
    "eps": 0.13,
    "epsdiluted": 0.12,
    "weightedAverageShsOut": 1154906000,
    "weightedAverageShsOutDil": 1159600000,
    "link": null,
    "finalLink": null
  },
  {
    "date": "2017-09-30",
    "symbol": "AMCR",
    "reportedCurrency": "USD",
    "cik": "0001748790",
    "fillingDate": "2017-09-30",
    "acceptedDate": "2017-09-29 20:00:00",
    "calendarYear": "2018",
    "period": "Q1",
    "revenue": 2251100000,
    "costOfRevenue": 1829800000,
    "grossProfit": 421300000,
    "grossProfitRatio": 0.1871529474,
    "researchAndDevelopmentExpenses": 18500000,
    "generalAndAdministrativeExpenses": 160700000,
    "sellingAndMarketingExpenses": 54600000,
    "sellingGeneralAndAdministrativeExpenses": 213300000,
    "otherExpenses": -400000,
    "operatingExpenses": 231400000,
    "costAndExpenses": 2039700000,
    "interestIncome": 47700000,
    "interestExpense": 0,
    "depreciationAndAmortization": 97500000,
    "ebitda": 299500000,
    "ebitdaratio": 0.1330460664,
    "operatingIncome": 202000000,
    "operatingIncomeRatio": 0.0897339079,
    "totalOtherIncomeExpensesNet": -26200000,
    "incomeBeforeTax": 163700000,
    "incomeBeforeTaxRatio": 0.0727200036,
    "incomeTaxExpense": 31700000,
    "netIncome": 130800000,
    "netIncomeRatio": 0.0581049265,
    "eps": 0.11,
    "epsdiluted": 0.11,
    "weightedAverageShsOut": 1189091000,
    "weightedAverageShsOutDil": 1162000000,
    "link": null,
    "finalLink": null
  },
  {
    "date": "2017-06-30",
    "symbol": "AMCR",
    "reportedCurrency": "USD",
    "cik": "0001748790",
    "fillingDate": "2017-06-30",
    "acceptedDate": "2017-06-30 00:00:00",
    "calendarYear": "2017",
    "period": "Q4",
    "revenue": 0,
    "costOfRevenue": 0,
    "grossProfit": 0,
    "grossProfitRatio": 0,
    "researchAndDevelopmentExpenses": 0,
    "generalAndAdministrativeExpenses": 123600000,
    "sellingAndMarketingExpenses": 54950000,
    "sellingGeneralAndAdministrativeExpenses": 0,
    "otherExpenses": 0,
    "operatingExpenses": 0,
    "costAndExpenses": 0,
    "interestIncome": 0,
    "interestExpense": 0,
    "depreciationAndAmortization": 0,
    "ebitda": 0,
    "ebitdaratio": 0,
    "operatingIncome": 0,
    "operatingIncomeRatio": 0,
    "totalOtherIncomeExpensesNet": 0,
    "incomeBeforeTax": 195600000,
    "incomeBeforeTaxRatio": 0,
    "incomeTaxExpense": 35550000,
    "netIncome": 155200000,
    "netIncomeRatio": 0,
    "eps": 0.13,
    "epsdiluted": 0.13,
    "weightedAverageShsOut": 1165604000,
    "weightedAverageShsOutDil": 1165604000,
    "link": null,
    "finalLink": null
  },
  {
    "date": "2017-03-31",
    "symbol": "AMCR",
    "reportedCurrency": "USD",
    "cik": "0001748790",
    "fillingDate": "2017-03-31",
    "acceptedDate": "2017-03-30 20:00:00",
    "calendarYear": "2017",
    "period": "Q3",
    "revenue": 2316850000,
    "costOfRevenue": 1825800000,
    "grossProfit": 491050000,
    "grossProfitRatio": 0.211947256,
    "researchAndDevelopmentExpenses": 20800000,
    "generalAndAdministrativeExpenses": 123600000,
    "sellingAndMarketingExpenses": 54950000,
    "sellingGeneralAndAdministrativeExpenses": 178550000,
    "otherExpenses": 49500000,
    "operatingExpenses": 253400000,
    "costAndExpenses": 2079200000,
    "interestIncome": 42050000,
    "interestExpense": 0,
    "depreciationAndAmortization": 87100000,
    "ebitda": 375650000,
    "ebitdaratio": 0.1621382481,
    "operatingIncome": 288550000,
    "operatingIncomeRatio": 0.1245441008,
    "totalOtherIncomeExpensesNet": -46600000,
    "incomeBeforeTax": 195600000,
    "incomeBeforeTaxRatio": 0.0844249736,
    "incomeTaxExpense": 35550000,
    "netIncome": 155200000,
    "netIncomeRatio": 0.0669875046,
    "eps": 0.13,
    "epsdiluted": 0.13,
    "weightedAverageShsOut": 1165604000,
    "weightedAverageShsOutDil": 1165604000,
    "link": null,
    "finalLink": null
  },
  {
    "date": "2016-12-31",
    "symbol": "AMCR",
    "reportedCurrency": "USD",
    "cik": "0001748790",
    "fillingDate": "2016-12-31",
    "acceptedDate": "2016-12-30 19:00:00",
    "calendarYear": "2017",
    "period": "Q2",
    "revenue": 2233650000,
    "costOfRevenue": 1768800000,
    "grossProfit": 464850000,
    "grossProfitRatio": 0.2081122826,
    "researchAndDevelopmentExpenses": 16650000,
    "generalAndAdministrativeExpenses": 188350000,
    "sellingAndMarketingExpenses": 53900000,
    "sellingGeneralAndAdministrativeExpenses": 242250000,
    "otherExpenses": 0,
    "operatingExpenses": 230700000,
    "costAndExpenses": 1999500000,
    "interestIncome": 46900000,
    "interestExpense": 0,
    "depreciationAndAmortization": 88200000,
    "ebitda": 319900000,
    "ebitdaratio": 0.1432184989,
    "operatingIncome": 231700000,
    "operatingIncomeRatio": 0.1037315605,
    "totalOtherIncomeExpensesNet": -46900000,
    "incomeBeforeTax": 187250000,
    "incomeBeforeTaxRatio": 0.083831397,
    "incomeTaxExpense": 40300000,
    "netIncome": 143300000,
    "netIncomeRatio": 0.0641550825,
    "eps": 0.12,
    "epsdiluted": 0.12,
    "weightedAverageShsOut": 1155805000,
    "weightedAverageShsOutDil": 1155805000,
    "link": null,
    "finalLink": null
  },
  {
    "date": "2016-09-30",
    "symbol": "AMCR",
    "reportedCurrency": "USD",
    "cik": "0001748790",
    "fillingDate": "2016-09-30",
    "acceptedDate": "2016-09-29 20:00:00",
    "calendarYear": "2017",
    "period": "Q1",
    "revenue": 2233650000,
    "costOfRevenue": 1768800000,
    "grossProfit": 464850000,
    "grossProfitRatio": 0.2081122826,
    "researchAndDevelopmentExpenses": 16650000,
    "generalAndAdministrativeExpenses": 188350000,
    "sellingAndMarketingExpenses": 53900000,
    "sellingGeneralAndAdministrativeExpenses": 242250000,
    "otherExpenses": 0,
    "operatingExpenses": 230700000,
    "costAndExpenses": 1999500000,
    "interestIncome": 46900000,
    "interestExpense": 0,
    "depreciationAndAmortization": 88200000,
    "ebitda": 319900000,
    "ebitdaratio": 0.1432184989,
    "operatingIncome": 231700000,
    "operatingIncomeRatio": 0.1037315605,
    "totalOtherIncomeExpensesNet": -46900000,
    "incomeBeforeTax": 187250000,
    "incomeBeforeTaxRatio": 0.083831397,
    "incomeTaxExpense": 40300000,
    "netIncome": 143300000,
    "netIncomeRatio": 0.0641550825,
    "eps": 0.12,
    "epsdiluted": 0.12,
    "weightedAverageShsOut": 1169796000,
    "weightedAverageShsOutDil": 1169796000,
    "link": null,
    "finalLink": null
  },
  {
    "date": "2016-06-30",
    "symbol": "AMCR",
    "reportedCurrency": "USD",
    "cik": "0001748790",
    "fillingDate": "2016-06-30",
    "acceptedDate": "2016-06-30 00:00:00",
    "calendarYear": "2016",
    "period": "Q4",
    "revenue": 0,
    "costOfRevenue": 0,
    "grossProfit": 0,
    "grossProfitRatio": 0,
    "researchAndDevelopmentExpenses": 0,
    "generalAndAdministrativeExpenses": 196900000,
    "sellingAndMarketingExpenses": 53450000,
    "sellingGeneralAndAdministrativeExpenses": 0,
    "otherExpenses": 0,
    "operatingExpenses": 0,
    "costAndExpenses": 0,
    "interestIncome": 0,
    "interestExpense": 0,
    "depreciationAndAmortization": 0,
    "ebitda": 0,
    "ebitdaratio": 0,
    "operatingIncome": 0,
    "operatingIncomeRatio": 0,
    "totalOtherIncomeExpensesNet": 0,
    "incomeBeforeTax": -950000,
    "incomeBeforeTaxRatio": 0,
    "incomeTaxExpense": 23500000,
    "netIncome": -30700000,
    "netIncomeRatio": 0,
    "eps": -0.0265,
    "epsdiluted": -0.0265,
    "weightedAverageShsOut": 1158369000,
    "weightedAverageShsOutDil": 1158369000,
    "link": null,
    "finalLink": null
  },
  {
    "date": "2016-03-31",
    "symbol": "AMCR",
    "reportedCurrency": "USD",
    "cik": "0001748790",
    "fillingDate": "2016-03-31",
    "acceptedDate": "2016-03-30 20:00:00",
    "calendarYear": "2016",
    "period": "Q3",
    "revenue": 2436800000,
    "costOfRevenue": 1896650000,
    "grossProfit": 540150000,
    "grossProfitRatio": 0.2216636573,
    "researchAndDevelopmentExpenses": 19900000,
    "generalAndAdministrativeExpenses": 196900000,
    "sellingAndMarketingExpenses": 53450000,
    "sellingGeneralAndAdministrativeExpenses": 250350000,
    "otherExpenses": 226550000,
    "operatingExpenses": 501300000,
    "costAndExpenses": 2397950000,
    "interestIncome": 39800000,
    "interestExpense": 0,
    "depreciationAndAmortization": 81900000,
    "ebitda": 368400000,
    "ebitdaratio": 0.1511818779,
    "operatingIncome": 43350000,
    "operatingIncomeRatio": 0.0177897242,
    "totalOtherIncomeExpensesNet": -44300000,
    "incomeBeforeTax": -950000,
    "incomeBeforeTaxRatio": -0.0003898555,
    "incomeTaxExpense": 23500000,
    "netIncome": -30700000,
    "netIncomeRatio": -0.0125984898,
    "eps": -0.0265,
    "epsdiluted": -0.0265,
    "weightedAverageShsOut": 1158369000,
    "weightedAverageShsOutDil": 1158369000,
    "link": null,
    "finalLink": null
  },
  {
    "date": "2015-12-31",
    "symbol": "AMCR",
    "reportedCurrency": "USD",
    "cik": "0001748790",
    "fillingDate": "2015-12-31",
    "acceptedDate": "2015-12-30 19:00:00",
    "calendarYear": "2016",
    "period": "Q2",
    "revenue": 2273850000,
    "costOfRevenue": 1816600000,
    "grossProfit": 457250000,
    "grossProfitRatio": 0.2010906612,
    "researchAndDevelopmentExpenses": 16750000,
    "generalAndAdministrativeExpenses": 174850000,
    "sellingAndMarketingExpenses": 51600000,
    "sellingGeneralAndAdministrativeExpenses": 226450000,
    "otherExpenses": 0,
    "operatingExpenses": 212750000,
    "costAndExpenses": 2029350000,
    "interestIncome": 39100000,
    "interestExpense": 0,
    "depreciationAndAmortization": 90750000,
    "ebitda": 329650000,
    "ebitdaratio": 0.1449743827,
    "operatingIncome": 238900000,
    "operatingIncomeRatio": 0.1050640983,
    "totalOtherIncomeExpensesNet": -39100000,
    "incomeBeforeTax": 205400000,
    "incomeBeforeTaxRatio": 0.0903313763,
    "incomeTaxExpense": 44150000,
    "netIncome": 152750000,
    "netIncomeRatio": 0.0671768147,
    "eps": 0.13,
    "epsdiluted": 0.13,
    "weightedAverageShsOut": 1184109000,
    "weightedAverageShsOutDil": 1184109000,
    "link": null,
    "finalLink": null
  },
  {
    "date": "2015-09-30",
    "symbol": "AMCR",
    "reportedCurrency": "USD",
    "cik": "0001748790",
    "fillingDate": "2015-09-30",
    "acceptedDate": "2015-09-29 20:00:00",
    "calendarYear": "2016",
    "period": "Q1",
    "revenue": 2273850000,
    "costOfRevenue": 1816600000,
    "grossProfit": 457250000,
    "grossProfitRatio": 0.2010906612,
    "researchAndDevelopmentExpenses": 16750000,
    "generalAndAdministrativeExpenses": 174850000,
    "sellingAndMarketingExpenses": 51600000,
    "sellingGeneralAndAdministrativeExpenses": 226450000,
    "otherExpenses": 0,
    "operatingExpenses": 212750000,
    "costAndExpenses": 2029350000,
    "interestIncome": 39100000,
    "interestExpense": 0,
    "depreciationAndAmortization": 90750000,
    "ebitda": 329650000,
    "ebitdaratio": 0.1449743827,
    "operatingIncome": 238900000,
    "operatingIncomeRatio": 0.1050640983,
    "totalOtherIncomeExpensesNet": -39100000,
    "incomeBeforeTax": 205400000,
    "incomeBeforeTaxRatio": 0.0903313763,
    "incomeTaxExpense": 44150000,
    "netIncome": 152750000,
    "netIncomeRatio": 0.0671768147,
    "eps": 0.13,
    "epsdiluted": 0.13,
    "weightedAverageShsOut": 1184109000,
    "weightedAverageShsOutDil": 1184109000,
    "link": null,
    "finalLink": null
  },
  {
    "date": "2015-06-30",
    "symbol": "AMCR",
    "reportedCurrency": "USD",
    "cik": "0001748790",
    "fillingDate": "2015-06-30",
    "acceptedDate": "2015-06-30 00:00:00",
    "calendarYear": "2015",
    "period": "Q4",
    "revenue": 0,
    "costOfRevenue": 0,
    "grossProfit": 0,
    "grossProfitRatio": 0,
    "researchAndDevelopmentExpenses": 0,
    "generalAndAdministrativeExpenses": 196400000,
    "sellingAndMarketingExpenses": 52800000,
    "sellingGeneralAndAdministrativeExpenses": 0,
    "otherExpenses": 0,
    "operatingExpenses": 0,
    "costAndExpenses": 0,
    "interestIncome": 0,
    "interestExpense": 0,
    "depreciationAndAmortization": 0,
    "ebitda": 0,
    "ebitdaratio": 0,
    "operatingIncome": 0,
    "operatingIncomeRatio": 0,
    "totalOtherIncomeExpensesNet": 0,
    "incomeBeforeTax": 234450000,
    "incomeBeforeTaxRatio": 0,
    "incomeTaxExpense": 48150000,
    "netIncome": 179500000,
    "netIncomeRatio": 0,
    "eps": 0.15,
    "epsdiluted": 0.15,
    "weightedAverageShsOut": 1223864000,
    "weightedAverageShsOutDil": 1223864000,
    "link": null,
    "finalLink": null
  },
  {
    "date": "2015-03-31",
    "symbol": "AMCR",
    "reportedCurrency": "USD",
    "cik": "0001748790",
    "fillingDate": "2015-03-31",
    "acceptedDate": "2015-03-30 20:00:00",
    "calendarYear": "2015",
    "period": "Q3",
    "revenue": 2401400000,
    "costOfRevenue": 1894050000,
    "grossProfit": 507350000,
    "grossProfitRatio": 0.211272591,
    "researchAndDevelopmentExpenses": 17150000,
    "generalAndAdministrativeExpenses": 196400000,
    "sellingAndMarketingExpenses": 52800000,
    "sellingGeneralAndAdministrativeExpenses": 249200000,
    "otherExpenses": 0,
    "operatingExpenses": 234200000,
    "costAndExpenses": 2133300000,
    "interestIncome": 33650000,
    "interestExpense": 0,
    "depreciationAndAmortization": 79700000,
    "ebitda": 335650000,
    "ebitdaratio": 0.1397726326,
    "operatingIncome": 255950000,
    "operatingIncomeRatio": 0.1065836595,
    "totalOtherIncomeExpensesNet": -38700000,
    "incomeBeforeTax": 234450000,
    "incomeBeforeTaxRatio": 0.0976305488,
    "incomeTaxExpense": 48150000,
    "netIncome": 179500000,
    "netIncomeRatio": 0.0747480636,
    "eps": 0.15,
    "epsdiluted": 0.15,
    "weightedAverageShsOut": 1223864000,
    "weightedAverageShsOutDil": 1223864000,
    "link": null,
    "finalLink": null
  },
  {
    "date": "2014-12-31",
    "symbol": "AMCR",
    "reportedCurrency": "USD",
    "cik": "0001748790",
    "fillingDate": "2014-12-31",
    "acceptedDate": "2014-12-30 19:00:00",
    "calendarYear": "2015",
    "period": "Q2",
    "revenue": 2404500000,
    "costOfRevenue": 1945750000,
    "grossProfit": 458750000,
    "grossProfitRatio": 0.1907881056,
    "researchAndDevelopmentExpenses": 16300000,
    "generalAndAdministrativeExpenses": 168150000,
    "sellingAndMarketingExpenses": 54550000,
    "sellingGeneralAndAdministrativeExpenses": 222700000,
    "otherExpenses": -39650000,
    "operatingExpenses": 199350000,
    "costAndExpenses": 2145100000,
    "interestIncome": 45900000,
    "interestExpense": 0,
    "depreciationAndAmortization": 92600000,
    "ebitda": 344750000,
    "ebitdaratio": 0.1433770015,
    "operatingIncome": 252150000,
    "operatingIncomeRatio": 0.1048658765,
    "totalOtherIncomeExpensesNet": -45900000,
    "incomeBeforeTax": 213500000,
    "incomeBeforeTaxRatio": 0.0887918486,
    "incomeTaxExpense": 45850000,
    "netIncome": 160650000,
    "netIncomeRatio": 0.0668122271,
    "eps": 0.13,
    "epsdiluted": 0.13,
    "weightedAverageShsOut": 1226336000,
    "weightedAverageShsOutDil": 1226336000,
    "link": null,
    "finalLink": null
  },
  {
    "date": "2014-09-30",
    "symbol": "AMCR",
    "reportedCurrency": "USD",
    "cik": "0001748790",
    "fillingDate": "2014-09-30",
    "acceptedDate": "2014-09-29 20:00:00",
    "calendarYear": "2015",
    "period": "Q1",
    "revenue": 2404500000,
    "costOfRevenue": 1945750000,
    "grossProfit": 458750000,
    "grossProfitRatio": 0.1907881056,
    "researchAndDevelopmentExpenses": 16300000,
    "generalAndAdministrativeExpenses": 168150000,
    "sellingAndMarketingExpenses": 54550000,
    "sellingGeneralAndAdministrativeExpenses": 222700000,
    "otherExpenses": -39650000,
    "operatingExpenses": 199350000,
    "costAndExpenses": 2145100000,
    "interestIncome": 45900000,
    "interestExpense": 0,
    "depreciationAndAmortization": 92600000,
    "ebitda": 344750000,
    "ebitdaratio": 0.1433770015,
    "operatingIncome": 252150000,
    "operatingIncomeRatio": 0.1048658765,
    "totalOtherIncomeExpensesNet": -45900000,
    "incomeBeforeTax": 213500000,
    "incomeBeforeTaxRatio": 0.0887918486,
    "incomeTaxExpense": 45850000,
    "netIncome": 160650000,
    "netIncomeRatio": 0.0668122271,
    "eps": 0.13,
    "epsdiluted": 0.13,
    "weightedAverageShsOut": 1226336000,
    "weightedAverageShsOutDil": 1226336000,
    "link": null,
    "finalLink": null
  },
  {
    "date": "2014-06-30",
    "symbol": "AMCR",
    "reportedCurrency": "USD",
    "cik": "0001748790",
    "fillingDate": "2014-06-30",
    "acceptedDate": "2014-06-30 00:00:00",
    "calendarYear": "2014",
    "period": "Q4",
    "revenue": 0,
    "costOfRevenue": 0,
    "grossProfit": 0,
    "grossProfitRatio": 0,
    "researchAndDevelopmentExpenses": 0,
    "generalAndAdministrativeExpenses": 177200000,
    "sellingAndMarketingExpenses": 56700000,
    "sellingGeneralAndAdministrativeExpenses": 0,
    "otherExpenses": 0,
    "operatingExpenses": 0,
    "costAndExpenses": 0,
    "interestIncome": 0,
    "interestExpense": 0,
    "depreciationAndAmortization": 0,
    "ebitda": 0,
    "ebitdaratio": 0,
    "operatingIncome": 0,
    "operatingIncomeRatio": 0,
    "totalOtherIncomeExpensesNet": 0,
    "incomeBeforeTax": 247350000,
    "incomeBeforeTaxRatio": 0,
    "incomeTaxExpense": 50900000,
    "netIncome": 188350000,
    "netIncomeRatio": 0,
    "eps": 0.16,
    "epsdiluted": 0.16,
    "weightedAverageShsOut": 1205178000,
    "weightedAverageShsOutDil": 1205178000,
    "link": null,
    "finalLink": null
  },
  {
    "date": "2014-03-31",
    "symbol": "AMCR",
    "reportedCurrency": "USD",
    "cik": "0001748790",
    "fillingDate": "2014-03-31",
    "acceptedDate": "2014-03-30 20:00:00",
    "calendarYear": "2014",
    "period": "Q3",
    "revenue": 2584050000,
    "costOfRevenue": 2081150000,
    "grossProfit": 502900000,
    "grossProfitRatio": 0.1946169772,
    "researchAndDevelopmentExpenses": 18250000,
    "generalAndAdministrativeExpenses": 177200000,
    "sellingAndMarketingExpenses": 56700000,
    "sellingGeneralAndAdministrativeExpenses": 233900000,
    "otherExpenses": -44450000,
    "operatingExpenses": 214200000,
    "costAndExpenses": 2295350000,
    "interestIncome": 41350000,
    "interestExpense": 0,
    "depreciationAndAmortization": 93850000,
    "ebitda": 355450000,
    "ebitdaratio": 0.1375553879,
    "operatingIncome": 261600000,
    "operatingIncomeRatio": 0.1012364312,
    "totalOtherIncomeExpensesNet": -47850000,
    "incomeBeforeTax": 247350000,
    "incomeBeforeTaxRatio": 0.095721832,
    "incomeTaxExpense": 50900000,
    "netIncome": 188350000,
    "netIncomeRatio": 0.0728894565,
    "eps": 0.16,
    "epsdiluted": 0.16,
    "weightedAverageShsOut": 1205178000,
    "weightedAverageShsOutDil": 1205178000,
    "link": null,
    "finalLink": null
  },
  {
    "date": "2013-12-31",
    "symbol": "AMCR",
    "reportedCurrency": "USD",
    "cik": "0001748790",
    "fillingDate": "2013-12-31",
    "acceptedDate": "2013-12-30 19:00:00",
    "calendarYear": "2014",
    "period": "Q2",
    "revenue": 2398200000,
    "costOfRevenue": 1960150000,
    "grossProfit": 438050000,
    "grossProfitRatio": 0.1826578267,
    "researchAndDevelopmentExpenses": 17050000,
    "generalAndAdministrativeExpenses": 144150000,
    "sellingAndMarketingExpenses": 55100000,
    "sellingGeneralAndAdministrativeExpenses": 199250000,
    "otherExpenses": 0,
    "operatingExpenses": 192200000,
    "costAndExpenses": 2152350000,
    "interestIncome": 48750000,
    "interestExpense": 0,
    "depreciationAndAmortization": 93250000,
    "ebitda": 334900000,
    "ebitdaratio": 0.1396464015,
    "operatingIncome": 241650000,
    "operatingIncomeRatio": 0.1007630723,
    "totalOtherIncomeExpensesNet": -48750000,
    "incomeBeforeTax": 197100000,
    "incomeBeforeTaxRatio": 0.08218664,
    "incomeTaxExpense": 40200000,
    "netIncome": 150550000,
    "netIncomeRatio": 0.0627762489,
    "eps": 0.13,
    "epsdiluted": 0.13,
    "weightedAverageShsOut": 1205893000,
    "weightedAverageShsOutDil": 1205893000,
    "link": null,
    "finalLink": null
  },
  {
    "date": "2013-09-30",
    "symbol": "AMCR",
    "reportedCurrency": "USD",
    "cik": "0001748790",
    "fillingDate": "2013-09-30",
    "acceptedDate": "2013-09-29 20:00:00",
    "calendarYear": "2014",
    "period": "Q1",
    "revenue": 2398200000,
    "costOfRevenue": 1960150000,
    "grossProfit": 438050000,
    "grossProfitRatio": 0.1826578267,
    "researchAndDevelopmentExpenses": 17050000,
    "generalAndAdministrativeExpenses": 144150000,
    "sellingAndMarketingExpenses": 55100000,
    "sellingGeneralAndAdministrativeExpenses": 199250000,
    "otherExpenses": 0,
    "operatingExpenses": 192200000,
    "costAndExpenses": 2152350000,
    "interestIncome": 48750000,
    "interestExpense": 0,
    "depreciationAndAmortization": 93250000,
    "ebitda": 334900000,
    "ebitdaratio": 0.1396464015,
    "operatingIncome": 241650000,
    "operatingIncomeRatio": 0.1007630723,
    "totalOtherIncomeExpensesNet": -48750000,
    "incomeBeforeTax": 197100000,
    "incomeBeforeTaxRatio": 0.08218664,
    "incomeTaxExpense": 40200000,
    "netIncome": 150550000,
    "netIncomeRatio": 0.0627762489,
    "eps": 0.12,
    "epsdiluted": 0.12,
    "weightedAverageShsOut": 1206608000,
    "weightedAverageShsOutDil": 1206608000,
    "link": null,
    "finalLink": null
  },
  {
    "date": "2013-06-30",
    "symbol": "AMCR",
    "reportedCurrency": "USD",
    "cik": "0001748790",
    "fillingDate": "2013-06-30",
    "acceptedDate": "2013-06-30 00:00:00",
    "calendarYear": "2013",
    "period": "Q4",
    "revenue": 0,
    "costOfRevenue": 0,
    "grossProfit": 0,
    "grossProfitRatio": 0,
    "researchAndDevelopmentExpenses": 0,
    "generalAndAdministrativeExpenses": 157871000,
    "sellingAndMarketingExpenses": 47100000,
    "sellingGeneralAndAdministrativeExpenses": 0,
    "otherExpenses": 0,
    "operatingExpenses": 0,
    "costAndExpenses": 0,
    "interestIncome": 0,
    "interestExpense": 0,
    "depreciationAndAmortization": 0,
    "ebitda": 0,
    "ebitdaratio": 0,
    "operatingIncome": 0,
    "operatingIncomeRatio": 0,
    "totalOtherIncomeExpensesNet": 0,
    "incomeBeforeTax": 196823000,
    "incomeBeforeTaxRatio": 0,
    "incomeTaxExpense": 43072000,
    "netIncome": 146382000,
    "netIncomeRatio": 0,
    "eps": 0.12,
    "epsdiluted": 0.12,
    "weightedAverageShsOut": 1231193000,
    "weightedAverageShsOutDil": 1231283000,
    "link": null,
    "finalLink": null
  },
  {
    "date": "2013-03-31",
    "symbol": "AMCR",
    "reportedCurrency": "USD",
    "cik": "0001748790",
    "fillingDate": "2013-03-31",
    "acceptedDate": "2013-03-30 20:00:00",
    "calendarYear": "2013",
    "period": "Q3",
    "revenue": 2571949000,
    "costOfRevenue": 2087432000,
    "grossProfit": 484517000,
    "grossProfitRatio": 0.1883851507,
    "researchAndDevelopmentExpenses": 17226000,
    "generalAndAdministrativeExpenses": 179495000,
    "sellingAndMarketingExpenses": 53552000,
    "sellingGeneralAndAdministrativeExpenses": 236898000,
    "otherExpenses": 0,
    "operatingExpenses": 224824000,
    "costAndExpenses": 2312256000,
    "interestIncome": 35909000,
    "interestExpense": 0,
    "depreciationAndAmortization": 93833000,
    "ebitda": 349831000,
    "ebitdaratio": 0.1360178604,
    "operatingIncome": 255998000,
    "operatingIncomeRatio": 0.0995346331,
    "totalOtherIncomeExpensesNet": -32214000,
    "incomeBeforeTax": 223784000,
    "incomeBeforeTaxRatio": 0.0870095014,
    "incomeTaxExpense": 48972000,
    "netIncome": 166432000,
    "netIncomeRatio": 0.0647104589,
    "eps": 0.14,
    "epsdiluted": 0.14,
    "weightedAverageShsOut": 1231193000,
    "weightedAverageShsOutDil": 1231283000,
    "link": null,
    "finalLink": null
  },
  {
    "date": "2012-12-31",
    "symbol": "AMCR",
    "reportedCurrency": "USD",
    "cik": "0001748790",
    "fillingDate": "2012-12-31",
    "acceptedDate": "2012-12-30 19:00:00",
    "calendarYear": "2013",
    "period": "Q2",
    "revenue": 2358823000,
    "costOfRevenue": 1934693000,
    "grossProfit": 424129000,
    "grossProfitRatio": 0.1798053521,
    "researchAndDevelopmentExpenses": 17131000,
    "generalAndAdministrativeExpenses": 145876000,
    "sellingAndMarketingExpenses": 53107000,
    "sellingGeneralAndAdministrativeExpenses": 198983000,
    "otherExpenses": 0,
    "operatingExpenses": 192649000,
    "costAndExpenses": 2127343000,
    "interestIncome": 44593000,
    "interestExpense": 0,
    "depreciationAndAmortization": 92665000,
    "ebitda": 317708000,
    "ebitdaratio": 0.1346892073,
    "operatingIncome": 225043000,
    "operatingIncomeRatio": 0.0954047845,
    "totalOtherIncomeExpensesNet": -38156000,
    "incomeBeforeTax": 186887000,
    "incomeBeforeTaxRatio": 0.0792289205,
    "incomeTaxExpense": 40959000,
    "netIncome": 139854000,
    "netIncomeRatio": 0.059289739,
    "eps": 0.11,
    "epsdiluted": 0.11,
    "weightedAverageShsOut": 1218717000,
    "weightedAverageShsOutDil": 1218717000,
    "link": null,
    "finalLink": null
  },
  {
    "date": "2012-09-30",
    "symbol": "AMCR",
    "reportedCurrency": "USD",
    "cik": "0001748790",
    "fillingDate": "2012-09-30",
    "acceptedDate": "2012-09-29 20:00:00",
    "calendarYear": "2013",
    "period": "Q1",
    "revenue": 2357354000,
    "costOfRevenue": 1933489000,
    "grossProfit": 423865000,
    "grossProfitRatio": 0.1798054089,
    "researchAndDevelopmentExpenses": 17121000,
    "generalAndAdministrativeExpenses": 145785000,
    "sellingAndMarketingExpenses": 53074000,
    "sellingGeneralAndAdministrativeExpenses": 198859000,
    "otherExpenses": 0,
    "operatingExpenses": 192529000,
    "costAndExpenses": 1740960000,
    "interestIncome": 0,
    "interestExpense": 44565000,
    "depreciationAndAmortization": 92607000,
    "ebitda": 317510000,
    "ebitdaratio": 0.1346891472,
    "operatingIncome": 224903000,
    "operatingIncomeRatio": 0.095404848,
    "totalOtherIncomeExpensesNet": -38132000,
    "incomeBeforeTax": 186770000,
    "incomeBeforeTaxRatio": 0.0792286606,
    "incomeTaxExpense": 40934000,
    "netIncome": 139767000,
    "netIncomeRatio": 0.05928978,
    "eps": 0.11,
    "epsdiluted": 0.11,
    "weightedAverageShsOut": 1218717000,
    "weightedAverageShsOutDil": 1218717000,
    "link": null,
    "finalLink": null
  }
]