[
  {
    "date": "2025-06-28",
    "symbol": "AMD",
    "reportedCurrency": "USD",
    "cik": "0000002488",
    "fillingDate": "2025-08-06",
    "acceptedDate": "2025-08-05 18:08:21",
    "calendarYear": "2025",
    "period": "Q2",
    "revenue": 7685000000,
    "costOfRevenue": 4626000000,
    "grossProfit": 3059000000,
    "grossProfitRatio": 0.3980481457,
    "researchAndDevelopmentExpenses": 1894000000,
    "generalAndAdministrativeExpenses": 0,
    "sellingAndMarketingExpenses": 0,
    "sellingGeneralAndAdministrativeExpenses": 991000000,
    "otherExpenses": 308000000,
    "operatingExpenses": 3193000000,
    "costAndExpenses": 7819000000,
    "interestIncome": 0,
    "interestExpense": 38000000,
    "depreciationAndAmortization": 757000000,
    "ebitda": 729000000,
    "ebitdaratio": 0.0948601171,
    "operatingIncome": -134000000,
    "operatingIncomeRatio": -0.0174365647,
    "totalOtherIncomeExpensesNet": 68000000,
    "incomeBeforeTax": -66000000,
    "incomeBeforeTaxRatio": -0.0085881588,
    "incomeTaxExpense": -834000000,
    "netIncome": 872000000,
    "netIncomeRatio": 0.1134677944,
    "eps": 0.54,
    "epsdiluted": 0.54,
    "weightedAverageShsOut": 1623000000,
    "weightedAverageShsOutDil": 1630000000,
    "link": "https://www.sec.gov/Archives/edgar/data/2488/000000248825000108/0000002488-25-000108-index.htm",
    "finalLink": "https://www.sec.gov/Archives/edgar/data/2488/000000248825000108/amd-20250628.htm"
  },
  {
    "date": "2025-03-29",
    "symbol": "AMD",
    "reportedCurrency": "USD",
    "cik": "0000002488",
    "fillingDate": "2025-05-07",
    "acceptedDate": "2025-05-06 18:04:48",
    "calendarYear": "2025",
    "period": "Q1",
    "revenue": 7438000000,
    "costOfRevenue": 4018000000,
    "grossProfit": 3420000000,
    "grossProfitRatio": 0.4598010218,
    "researchAndDevelopmentExpenses": 1728000000,
    "generalAndAdministrativeExpenses": 0,
    "sellingAndMarketingExpenses": 0,
    "sellingGeneralAndAdministrativeExpenses": 886000000,
    "otherExpenses": 0,
    "operatingExpenses": 2614000000,
    "costAndExpenses": 6632000000,
    "interestIncome": 0,
    "interestExpense": 20000000,
    "depreciationAndAmortization": 742000000,
    "ebitda": 1587000000,
    "ebitdaratio": 0.2133638075,
    "operatingIncome": 806000000,
    "operatingIncomeRatio": 0.108362463,
    "totalOtherIncomeExpensesNet": 26000000,
    "incomeBeforeTax": 832000000,
    "incomeBeforeTaxRatio": 0.1118580264,
    "incomeTaxExpense": 123000000,
    "netIncome": 709000000,
    "netIncomeRatio": 0.0953213229,
    "eps": 0.44,
    "epsdiluted": 0.44,
    "weightedAverageShsOut": 1620000000,
    "weightedAverageShsOutDil": 1626000000,
    "link": "https://www.sec.gov/Archives/edgar/data/2488/000000248825000047/0000002488-25-000047-index.htm",
    "finalLink": "https://www.sec.gov/Archives/edgar/data/2488/000000248825000047/amd-20250329.htm"
  },
  {
    "date": "2024-12-28",
    "symbol": "AMD",
    "reportedCurrency": "USD",
    "cik": "0000002488",
    "fillingDate": "2025-02-05",
    "acceptedDate": "2025-02-05 16:42:57",
    "calendarYear": "2024",
    "period": "Q4",
    "revenue": 7658000000,
    "costOfRevenue": 4108000000,
    "grossProfit": 3550000000,
    "grossProfitRatio": 0.4635675111,
    "researchAndDevelopmentExpenses": 1712000000,
    "generalAndAdministrativeExpenses": 0,
    "sellingAndMarketingExpenses": 0,
    "sellingGeneralAndAdministrativeExpenses": 746000000,
    "otherExpenses": 0,
    "operatingExpenses": 2458000000,
    "costAndExpenses": 6566000000,
    "interestIncome": 0,
    "interestExpense": 19000000,
    "depreciationAndAmortization": 786000000,
    "ebitda": 1694000000,
    "ebitdaratio": 0.2212065814,
    "operatingIncome": 1092000000,
    "operatingIncomeRatio": 0.1425959781,
    "totalOtherIncomeExpensesNet": -191000000,
    "incomeBeforeTax": 901000000,
    "incomeBeforeTaxRatio": 0.1176547401,
    "incomeTaxExpense": 419000000,
    "netIncome": 482000000,
    "netIncomeRatio": 0.0629407156,
    "eps": 0.3,
    "epsdiluted": 0.29,
    "weightedAverageShsOut": 1623000000,
    "weightedAverageShsOutDil": 1634000000,
    "link": "https://www.sec.gov/Archives/edgar/data/2488/000000248825000012/0000002488-25-000012-index.htm",
    "finalLink": "https://www.sec.gov/Archives/edgar/data/2488/000000248825000012/amd-20241228.htm"
  },
  {
    "date": "2024-09-28",
    "symbol": "AMD",
    "reportedCurrency": "USD",
    "cik": "0000002488",
    "fillingDate": "2024-10-30",
    "acceptedDate": "2024-10-30 16:26:03",
    "calendarYear": "2024",
    "period": "Q3",
    "revenue": 6819000000,
    "costOfRevenue": 3752000000,
    "grossProfit": 3067000000,
    "grossProfitRatio": 0.4497726939,
    "researchAndDevelopmentExpenses": 1636000000,
    "generalAndAdministrativeExpenses": 0,
    "sellingAndMarketingExpenses": 0,
    "sellingGeneralAndAdministrativeExpenses": 721000000,
    "otherExpenses": 0,
    "operatingExpenses": 2357000000,
    "costAndExpenses": 6109000000,
    "interestIncome": 0,
    "interestExpense": 23000000,
    "depreciationAndAmortization": 786000000,
    "ebitda": 1546000000,
    "ebitdaratio": 0.2267194603,
    "operatingIncome": 710000000,
    "operatingIncomeRatio": 0.1041208388,
    "totalOtherIncomeExpensesNet": 34000000,
    "incomeBeforeTax": 744000000,
    "incomeBeforeTaxRatio": 0.1091069072,
    "incomeTaxExpense": -27000000,
    "netIncome": 771000000,
    "netIncomeRatio": 0.113066432,
    "eps": 0.48,
    "epsdiluted": 0.47,
    "weightedAverageShsOut": 1620000000,
    "weightedAverageShsOutDil": 1636000000,
    "link": "https://www.sec.gov/Archives/edgar/data/2488/000000248824000163/0000002488-24-000163-index.htm",
    "finalLink": "https://www.sec.gov/Archives/edgar/data/2488/000000248824000163/amd-20240928.htm"
  },
  {
    "date": "2024-06-29",
    "symbol": "AMD",
    "reportedCurrency": "USD",
    "cik": "0000002488",
    "fillingDate": "2024-07-31",
    "acceptedDate": "2024-07-31 16:20:22",
    "calendarYear": "2024",
    "period": "Q2",
    "revenue": 5835000000,
    "costOfRevenue": 3343000000,
    "grossProfit": 2492000000,
    "grossProfitRatio": 0.4270779777,
    "researchAndDevelopmentExpenses": 1583000000,
    "generalAndAdministrativeExpenses": 0,
    "sellingAndMarketingExpenses": 0,
    "sellingGeneralAndAdministrativeExpenses": 650000000,
    "otherExpenses": 0,
    "operatingExpenses": 2233000000,
    "costAndExpenses": 5576000000,
    "interestIncome": 0,
    "interestExpense": 25000000,
    "depreciationAndAmortization": 821000000,
    "ebitda": 1145000000,
    "ebitdaratio": 0.1962296487,
    "operatingIncome": 259000000,
    "operatingIncomeRatio": 0.0443873179,
    "totalOtherIncomeExpensesNet": 47000000,
    "incomeBeforeTax": 306000000,
    "incomeBeforeTaxRatio": 0.0524421594,
    "incomeTaxExpense": 41000000,
    "netIncome": 265000000,
    "netIncomeRatio": 0.0454155955,
    "eps": 0.16,
    "epsdiluted": 0.16,
    "weightedAverageShsOut": 1618000000,
    "weightedAverageShsOutDil": 1637000000,
    "link": "https://www.sec.gov/Archives/edgar/data/2488/000000248824000123/0000002488-24-000123-index.htm",
    "finalLink": "https://www.sec.gov/Archives/edgar/data/2488/000000248824000123/amd-20240629.htm"
  },
  {
    "date": "2024-03-30",
    "symbol": "AMD",
    "reportedCurrency": "USD",
    "cik": "0000002488",
    "fillingDate": "2024-05-01",
    "acceptedDate": "2024-05-01 16:10:44",
    "calendarYear": "2024",
    "period": "Q1",
    "revenue": 5473000000,
    "costOfRevenue": 3305000000,
    "grossProfit": 2168000000,
    "grossProfitRatio": 0.3961264389,
    "researchAndDevelopmentExpenses": 1525000000,
    "generalAndAdministrativeExpenses": 0,
    "sellingAndMarketingExpenses": 0,
    "sellingGeneralAndAdministrativeExpenses": 581000000,
    "otherExpenses": 0,
    "operatingExpenses": 2106000000,
    "costAndExpenses": 5411000000,
    "interestIncome": 0,
    "interestExpense": 25000000,
    "depreciationAndAmortization": 784000000,
    "ebitda": 873000000,
    "ebitdaratio": 0.1595103234,
    "operatingIncome": 62000000,
    "operatingIncomeRatio": 0.0113283391,
    "totalOtherIncomeExpensesNet": 9000000,
    "incomeBeforeTax": 71000000,
    "incomeBeforeTaxRatio": 0.0129727754,
    "incomeTaxExpense": -52000000,
    "netIncome": 123000000,
    "netIncomeRatio": 0.0224739631,
    "eps": 0.0761,
    "epsdiluted": 0.075,
    "weightedAverageShsOut": 1617000000,
    "weightedAverageShsOutDil": 1639000000,
    "link": "https://www.sec.gov/Archives/edgar/data/2488/000000248824000056/0000002488-24-000056-index.htm",
    "finalLink": "https://www.sec.gov/Archives/edgar/data/2488/000000248824000056/amd-20240330.htm"
  },
  {
    "date": "2023-12-30",
    "symbol": "AMD",
    "reportedCurrency": "USD",
    "cik": "0000002488",
    "fillingDate": "2024-01-31",
    "acceptedDate": "2024-01-31 17:16:39",
    "calendarYear": "2023",
    "period": "Q4",
    "revenue": 6168000000,
    "costOfRevenue": 3676000000,
    "grossProfit": 2492000000,
    "grossProfitRatio": 0.4040207523,
    "researchAndDevelopmentExpenses": 1511000000,
    "generalAndAdministrativeExpenses": 0,
    "sellingAndMarketingExpenses": 0,
    "sellingGeneralAndAdministrativeExpenses": 584000000,
    "otherExpenses": 0,
    "operatingExpenses": 2095000000,
    "costAndExpenses": 5771000000,
    "interestIncome": 0,
    "interestExpense": 27000000,
    "depreciationAndAmortization": 824000000,
    "ebitda": 1215000000,
    "ebitdaratio": 0.1969844358,
    "operatingIncome": 397000000,
    "operatingIncomeRatio": 0.0643644617,
    "totalOtherIncomeExpensesNet": -27000000,
    "incomeBeforeTax": 370000000,
    "incomeBeforeTaxRatio": 0.0599870298,
    "incomeTaxExpense": -297000000,
    "netIncome": 667000000,
    "netIncomeRatio": 0.1081387808,
    "eps": 0.41,
    "epsdiluted": 0.41,
    "weightedAverageShsOut": 1616000000,
    "weightedAverageShsOutDil": 1628000000,
    "link": "https://www.sec.gov/Archives/edgar/data/2488/000000248824000012/0000002488-24-000012-index.htm",
    "finalLink": "https://www.sec.gov/Archives/edgar/data/2488/000000248824000012/amd-20231230.htm"
  },
  {
    "date": "2023-09-30",
    "symbol": "AMD",
    "reportedCurrency": "USD",
    "cik": "0000002488",
    "fillingDate": "2023-11-01",
    "acceptedDate": "2023-11-01 16:20:28",
    "calendarYear": "2023",
    "period": "Q3",
    "revenue": 5800000000,
    "costOfRevenue": 3503000000,
    "grossProfit": 2297000000,
    "grossProfitRatio": 0.3960344828,
    "researchAndDevelopmentExpenses": 1507000000,
    "generalAndAdministrativeExpenses": 0,
    "sellingAndMarketingExpenses": 0,
    "sellingGeneralAndAdministrativeExpenses": 537000000,
    "otherExpenses": 0,
    "operatingExpenses": 2044000000,
    "costAndExpenses": 5547000000,
    "interestIncome": 0,
    "interestExpense": 26000000,
    "depreciationAndAmortization": 848000000,
    "ebitda": 1131000000,
    "ebitdaratio": 0.195,
    "operatingIncome": 253000000,
    "operatingIncomeRatio": 0.0436206897,
    "totalOtherIncomeExpensesNet": 7000000,
    "incomeBeforeTax": 260000000,
    "incomeBeforeTaxRatio": 0.0448275862,
    "incomeTaxExpense": -39000000,
    "netIncome": 299000000,
    "netIncomeRatio": 0.0515517241,
    "eps": 0.18,
    "epsdiluted": 0.18,
    "weightedAverageShsOut": 1616000000,
    "weightedAverageShsOutDil": 1629000000,
    "link": "https://www.sec.gov/Archives/edgar/data/2488/000000248823000195/0000002488-23-000195-index.htm",
    "finalLink": "https://www.sec.gov/Archives/edgar/data/2488/000000248823000195/amd-20230930.htm"
  },
  {
    "date": "2023-07-01",
    "symbol": "AMD",
    "reportedCurrency": "USD",
    "cik": "0000002488",
    "fillingDate": "2023-08-02",
    "acceptedDate": "2023-08-02 17:12:01",
    "calendarYear": "2023",
    "period": "Q2",
    "revenue": 5359000000,
    "costOfRevenue": 3397000000,
    "grossProfit": 1962000000,
    "grossProfitRatio": 0.3661130808,
    "researchAndDevelopmentExpenses": 1443000000,
    "generalAndAdministrativeExpenses": 0,
    "sellingAndMarketingExpenses": 0,
    "sellingGeneralAndAdministrativeExpenses": 513000000,
    "otherExpenses": 0,
    "operatingExpenses": 1956000000,
    "costAndExpenses": 5353000000,
    "interestIncome": 0,
    "interestExpense": 28000000,
    "depreciationAndAmortization": 873000000,
    "ebitda": 899000000,
    "ebitdaratio": 0.1677551782,
    "operatingIncome": 6000000,
    "operatingIncomeRatio": 0.0011196119,
    "totalOtherIncomeExpensesNet": -2000000,
    "incomeBeforeTax": 4000000,
    "incomeBeforeTaxRatio": 0.0007464079,
    "incomeTaxExpense": -23000000,
    "netIncome": 27000000,
    "netIncomeRatio": 0.0050382534,
    "eps": 0.0167,
    "epsdiluted": 0.0166,
    "weightedAverageShsOut": 1612000000,
    "weightedAverageShsOutDil": 1627000000,
    "link": "https://www.sec.gov/Archives/edgar/data/2488/000000248823000139/0000002488-23-000139-index.htm",
    "finalLink": "https://www.sec.gov/Archives/edgar/data/2488/000000248823000139/amd-20230701.htm"
  },
  {
    "date": "2023-04-01",
    "symbol": "AMD",
    "reportedCurrency": "USD",
    "cik": "0000002488",
    "fillingDate": "2023-05-03",
    "acceptedDate": "2023-05-03 16:28:42",
    "calendarYear": "2023",
    "period": "Q1",
    "revenue": 5353000000,
    "costOfRevenue": 3512000000,
    "grossProfit": 1841000000,
    "grossProfitRatio": 0.3439192976,
    "researchAndDevelopmentExpenses": 1411000000,
    "generalAndAdministrativeExpenses": 0,
    "sellingAndMarketingExpenses": 0,
    "sellingGeneralAndAdministrativeExpenses": 474000000,
    "otherExpenses": 0,
    "operatingExpenses": 1885000000,
    "costAndExpenses": 5397000000,
    "interestIncome": 0,
    "interestExpense": 25000000,
    "depreciationAndAmortization": 1006000000,
    "ebitda": 904000000,
    "ebitdaratio": 0.1688772651,
    "operatingIncome": -44000000,
    "operatingIncomeRatio": -0.0082196899,
    "totalOtherIncomeExpensesNet": -82000000,
    "incomeBeforeTax": -126000000,
    "incomeBeforeTaxRatio": -0.0235382029,
    "incomeTaxExpense": 13000000,
    "netIncome": -139000000,
    "netIncomeRatio": -0.0259667476,
    "eps": -0.0863,
    "epsdiluted": -0.0863,
    "weightedAverageShsOut": 1611000000,
    "weightedAverageShsOutDil": 1611000000,
    "link": "https://www.sec.gov/Archives/edgar/data/2488/000000248823000076/0000002488-23-000076-index.htm",
    "finalLink": "https://www.sec.gov/Archives/edgar/data/2488/000000248823000076/amd-20230401.htm"
  },
  {
    "date": "2022-12-31",
    "symbol": "AMD",
    "reportedCurrency": "USD",
    "cik": "0000002488",
    "fillingDate": "2023-02-27",
    "acceptedDate": "2023-02-27 16:20:39",
    "calendarYear": "2022",
    "period": "Q4",
    "revenue": 5599000000,
    "costOfRevenue": 3797000000,
    "grossProfit": 1802000000,
    "grossProfitRatio": 0.3218431863,
    "researchAndDevelopmentExpenses": 1366000000,
    "generalAndAdministrativeExpenses": 0,
    "sellingAndMarketingExpenses": 0,
    "sellingGeneralAndAdministrativeExpenses": 538000000,
    "otherExpenses": 0,
    "operatingExpenses": 1904000000,
    "costAndExpenses": 5701000000,
    "interestIncome": 0,
    "interestExpense": 19000000,
    "depreciationAndAmortization": 1245000000,
    "ebitda": 1128000000,
    "ebitdaratio": 0.2014645472,
    "operatingIncome": -102000000,
    "operatingIncomeRatio": -0.0182175388,
    "totalOtherIncomeExpensesNet": -31000000,
    "incomeBeforeTax": -133000000,
    "incomeBeforeTaxRatio": -0.0237542418,
    "incomeTaxExpense": -154000000,
    "netIncome": 21000000,
    "netIncomeRatio": 0.0037506698,
    "eps": 0.013,
    "epsdiluted": 0.013,
    "weightedAverageShsOut": 1613000000,
    "weightedAverageShsOutDil": 1618000000,
    "link": "https://www.sec.gov/Archives/edgar/data/2488/000000248823000047/0000002488-23-000047-index.htm",
    "finalLink": "https://www.sec.gov/Archives/edgar/data/2488/000000248823000047/amd-20221231.htm"
  },
  {
    "date": "2022-09-24",
    "symbol": "AMD",
    "reportedCurrency": "USD",
    "cik": "0000002488",
    "fillingDate": "2022-11-02",
    "acceptedDate": "2022-11-02 16:35:10",
    "calendarYear": "2022",
    "period": "Q3",
    "revenue": 5565000000,
    "costOfRevenue": 3801000000,
    "grossProfit": 1764000000,
    "grossProfitRatio": 0.3169811321,
    "researchAndDevelopmentExpenses": 1279000000,
    "generalAndAdministrativeExpenses": 0,
    "sellingAndMarketingExpenses": 0,
    "sellingGeneralAndAdministrativeExpenses": 506000000,
    "otherExpenses": 0,
    "operatingExpenses": 1785000000,
    "costAndExpenses": 5586000000,
    "interestIncome": 0,
    "interestExpense": 31000000,
    "depreciationAndAmortization": 1188000000,
    "ebitda": 1146000000,
    "ebitdaratio": 0.2059299191,
    "operatingIncome": -21000000,
    "operatingIncomeRatio": -0.0037735849,
    "totalOtherIncomeExpensesNet": -48000000,
    "incomeBeforeTax": -69000000,
    "incomeBeforeTaxRatio": -0.0123989218,
    "incomeTaxExpense": -135000000,
    "netIncome": 66000000,
    "netIncomeRatio": 0.0118598383,
    "eps": 0.0409,
    "epsdiluted": 0.0406,
    "weightedAverageShsOut": 1615000000,
    "weightedAverageShsOutDil": 1625000000,
    "link": "https://www.sec.gov/Archives/edgar/data/2488/000000248822000170/0000002488-22-000170-index.htm",
    "finalLink": "https://www.sec.gov/Archives/edgar/data/2488/000000248822000170/amd-20220924.htm"
  },
  {
    "date": "2022-06-25",
    "symbol": "AMD",
    "reportedCurrency": "USD",
    "cik": "0000002488",
    "fillingDate": "2022-08-03",
    "acceptedDate": "2022-08-03 17:15:57",
    "calendarYear": "2022",
    "period": "Q2",
    "revenue": 6550000000,
    "costOfRevenue": 4138000000,
    "grossProfit": 2412000000,
    "grossProfitRatio": 0.3682442748,
    "researchAndDevelopmentExpenses": 1300000000,
    "generalAndAdministrativeExpenses": 0,
    "sellingAndMarketingExpenses": 0,
    "sellingGeneralAndAdministrativeExpenses": 451000000,
    "otherExpenses": 0,
    "operatingExpenses": 1751000000,
    "costAndExpenses": 5889000000,
    "interestIncome": 0,
    "interestExpense": 25000000,
    "depreciationAndAmortization": 1201000000,
    "ebitda": 1723000000,
    "ebitdaratio": 0.2630534351,
    "operatingIncome": 661000000,
    "operatingIncomeRatio": 0.1009160305,
    "totalOtherIncomeExpensesNet": -160000000,
    "incomeBeforeTax": 501000000,
    "incomeBeforeTaxRatio": 0.0764885496,
    "incomeTaxExpense": 54000000,
    "netIncome": 447000000,
    "netIncomeRatio": 0.0682442748,
    "eps": 0.28,
    "epsdiluted": 0.27,
    "weightedAverageShsOut": 1618000000,
    "weightedAverageShsOutDil": 1632000000,
    "link": "https://www.sec.gov/Archives/edgar/data/2488/000000248822000123/0000002488-22-000123-index.htm",
    "finalLink": "https://www.sec.gov/Archives/edgar/data/2488/000000248822000123/amd-20220625.htm"
  },
  {
    "date": "2022-03-26",
    "symbol": "AMD",
    "reportedCurrency": "USD",
    "cik": "0000002488",
    "fillingDate": "2022-05-04",
    "acceptedDate": "2022-05-04 16:50:40",
    "calendarYear": "2022",
    "period": "Q1",
    "revenue": 5887000000,
    "costOfRevenue": 3362000000,
    "grossProfit": 2525000000,
    "grossProfitRatio": 0.4289111602,
    "researchAndDevelopmentExpenses": 1060000000,
    "generalAndAdministrativeExpenses": 0,
    "sellingAndMarketingExpenses": 0,
    "sellingGeneralAndAdministrativeExpenses": 597000000,
    "otherExpenses": 0,
    "operatingExpenses": 1657000000,
    "costAndExpenses": 5019000000,
    "interestIncome": 0,
    "interestExpense": 13000000,
    "depreciationAndAmortization": 628000000,
    "ebitda": 1537000000,
    "ebitdaratio": 0.2610837438,
    "operatingIncome": 868000000,
    "operatingIncomeRatio": 0.1474435196,
    "totalOtherIncomeExpensesNet": 31000000,
    "incomeBeforeTax": 899000000,
    "incomeBeforeTaxRatio": 0.1527093596,
    "incomeTaxExpense": 113000000,
    "netIncome": 786000000,
    "netIncomeRatio": 0.1335145235,
    "eps": 0.56,
    "epsdiluted": 0.56,
    "weightedAverageShsOut": 1393000000,
    "weightedAverageShsOutDil": 1410000000,
    "link": "https://www.sec.gov/Archives/edgar/data/2488/000000248822000078/0000002488-22-000078-index.htm",
    "finalLink": "https://www.sec.gov/Archives/edgar/data/2488/000000248822000078/amd-20220326.htm"
  },
  {
    "date": "2021-12-25",
    "symbol": "AMD",
    "reportedCurrency": "USD",
    "cik": "0000002488",
    "fillingDate": "2022-02-03",
    "acceptedDate": "2022-02-03 17:22:50",
    "calendarYear": "2021",
    "period": "Q4",
    "revenue": 4826000000,
    "costOfRevenue": 2400000000,
    "grossProfit": 2426000000,
    "grossProfitRatio": 0.5026937422,
    "researchAndDevelopmentExpenses": 811000000,
    "generalAndAdministrativeExpenses": 0,
    "sellingAndMarketingExpenses": 0,
    "sellingGeneralAndAdministrativeExpenses": 403000000,
    "otherExpenses": 0,
    "operatingExpenses": 1214000000,
    "costAndExpenses": 3614000000,
    "interestIncome": 0,
    "interestExpense": 8000000,
    "depreciationAndAmortization": 134000000,
    "ebitda": 1345000000,
    "ebitdaratio": 0.2786987153,
    "operatingIncome": 1212000000,
    "operatingIncomeRatio": 0.2511396602,
    "totalOtherIncomeExpensesNet": -9000000,
    "incomeBeforeTax": 1203000000,
    "incomeBeforeTaxRatio": 0.2492747617,
    "incomeTaxExpense": 229000000,
    "netIncome": 974000000,
    "netIncomeRatio": 0.2018234563,
    "eps": 0.81,
    "epsdiluted": 0.8,
    "weightedAverageShsOut": 1208000000,
    "weightedAverageShsOutDil": 1222000000,
    "link": "https://www.sec.gov/Archives/edgar/data/2488/000000248822000016/0000002488-22-000016-index.htm",
    "finalLink": "https://www.sec.gov/Archives/edgar/data/2488/000000248822000016/amd-20211225.htm"
  },
  {
    "date": "2021-09-25",
    "symbol": "AMD",
    "reportedCurrency": "USD",
    "cik": "0000002488",
    "fillingDate": "2021-10-27",
    "acceptedDate": "2021-10-27 16:37:56",
    "calendarYear": "2021",
    "period": "Q3",
    "revenue": 4313000000,
    "costOfRevenue": 2227000000,
    "grossProfit": 2086000000,
    "grossProfitRatio": 0.4836540691,
    "researchAndDevelopmentExpenses": 765000000,
    "generalAndAdministrativeExpenses": 0,
    "sellingAndMarketingExpenses": 0,
    "sellingGeneralAndAdministrativeExpenses": 368000000,
    "otherExpenses": 0,
    "operatingExpenses": 1133000000,
    "costAndExpenses": 3360000000,
    "interestIncome": 0,
    "interestExpense": 7000000,
    "depreciationAndAmortization": 112000000,
    "ebitda": 1122000000,
    "ebitdaratio": 0.2601437514,
    "operatingIncome": 953000000,
    "operatingIncomeRatio": 0.2209598887,
    "totalOtherIncomeExpensesNet": 52000000,
    "incomeBeforeTax": 1005000000,
    "incomeBeforeTaxRatio": 0.2330164619,
    "incomeTaxExpense": 82000000,
    "netIncome": 923000000,
    "netIncomeRatio": 0.2140041734,
    "eps": 0.76,
    "epsdiluted": 0.75,
    "weightedAverageShsOut": 1214000000,
    "weightedAverageShsOutDil": 1230000000,
    "link": "https://www.sec.gov/Archives/edgar/data/2488/000000248821000178/0000002488-21-000178-index.htm",
    "finalLink": "https://www.sec.gov/Archives/edgar/data/2488/000000248821000178/amd-20210925.htm"
  },
  {
    "date": "2021-06-26",
    "symbol": "AMD",
    "reportedCurrency": "USD",
    "cik": "0000002488",
    "fillingDate": "2021-07-28",
    "acceptedDate": "2021-07-28 16:46:31",
    "calendarYear": "2021",
    "period": "Q2",
    "revenue": 3850000000,
    "costOfRevenue": 2020000000,
    "grossProfit": 1830000000,
    "grossProfitRatio": 0.4753246753,
    "researchAndDevelopmentExpenses": 659000000,
    "generalAndAdministrativeExpenses": 0,
    "sellingAndMarketingExpenses": 0,
    "sellingGeneralAndAdministrativeExpenses": 331000000,
    "otherExpenses": 0,
    "operatingExpenses": 990000000,
    "costAndExpenses": 3010000000,
    "interestIncome": 0,
    "interestExpense": 10000000,
    "depreciationAndAmortization": 110000000,
    "ebitda": 941000000,
    "ebitdaratio": 0.2444155844,
    "operatingIncome": 840000000,
    "operatingIncomeRatio": 0.2181818182,
    "totalOtherIncomeExpensesNet": -17000000,
    "incomeBeforeTax": 823000000,
    "incomeBeforeTaxRatio": 0.2137662338,
    "incomeTaxExpense": 113000000,
    "netIncome": 710000000,
    "netIncomeRatio": 0.1844155844,
    "eps": 0.58,
    "epsdiluted": 0.58,
    "weightedAverageShsOut": 1216000000,
    "weightedAverageShsOutDil": 1232000000,
    "link": "https://www.sec.gov/Archives/edgar/data/2488/000000248821000116/0000002488-21-000116-index.htm",
    "finalLink": "https://www.sec.gov/Archives/edgar/data/2488/000000248821000116/amd-20210626.htm"
  },
  {
    "date": "2021-03-27",
    "symbol": "AMD",
    "reportedCurrency": "USD",
    "cik": "0000002488",
    "fillingDate": "2021-04-28",
    "acceptedDate": "2021-04-28 16:39:55",
    "calendarYear": "2021",
    "period": "Q1",
    "revenue": 3445000000,
    "costOfRevenue": 1858000000,
    "grossProfit": 1587000000,
    "grossProfitRatio": 0.4606676343,
    "researchAndDevelopmentExpenses": 610000000,
    "generalAndAdministrativeExpenses": 0,
    "sellingAndMarketingExpenses": 0,
    "sellingGeneralAndAdministrativeExpenses": 304000000,
    "otherExpenses": 0,
    "operatingExpenses": 914000000,
    "costAndExpenses": 2772000000,
    "interestIncome": 0,
    "interestExpense": 9000000,
    "depreciationAndAmortization": 107000000,
    "ebitda": 758000000,
    "ebitdaratio": 0.2200290276,
    "operatingIncome": 673000000,
    "operatingIncomeRatio": 0.1953555878,
    "totalOtherIncomeExpensesNet": -29000000,
    "incomeBeforeTax": 644000000,
    "incomeBeforeTaxRatio": 0.1869375907,
    "incomeTaxExpense": 89000000,
    "netIncome": 555000000,
    "netIncomeRatio": 0.1611030479,
    "eps": 0.46,
    "epsdiluted": 0.45,
    "weightedAverageShsOut": 1213000000,
    "weightedAverageShsOutDil": 1231000000,
    "link": "https://www.sec.gov/Archives/edgar/data/2488/000000248821000056/0000002488-21-000056-index.htm",
    "finalLink": "https://www.sec.gov/Archives/edgar/data/2488/000000248821000056/amd-20210327.htm"
  },
  {
    "date": "2020-12-26",
    "symbol": "AMD",
    "reportedCurrency": "USD",
    "cik": "0000002488",
    "fillingDate": "2021-01-29",
    "acceptedDate": "2021-01-29 17:24:00",
    "calendarYear": "2020",
    "period": "Q4",
    "revenue": 3244000000,
    "costOfRevenue": 1793000000,
    "grossProfit": 1451000000,
    "grossProfitRatio": 0.4472872996,
    "researchAndDevelopmentExpenses": 573000000,
    "generalAndAdministrativeExpenses": 0,
    "sellingAndMarketingExpenses": 0,
    "sellingGeneralAndAdministrativeExpenses": 294000000,
    "otherExpenses": 0,
    "operatingExpenses": 867000000,
    "costAndExpenses": 2660000000,
    "interestIncome": 0,
    "interestExpense": 9000000,
    "depreciationAndAmortization": 101000000,
    "ebitda": 656000000,
    "ebitdaratio": 0.2022194821,
    "operatingIncome": 584000000,
    "operatingIncomeRatio": 0.1800246609,
    "totalOtherIncomeExpensesNet": -35000000,
    "incomeBeforeTax": 549000000,
    "incomeBeforeTaxRatio": 0.1692355117,
    "incomeTaxExpense": -1232000000,
    "netIncome": 1781000000,
    "netIncomeRatio": 0.5490135635,
    "eps": 1.48,
    "epsdiluted": 1.45,
    "weightedAverageShsOut": 1205000000,
    "weightedAverageShsOutDil": 1226000000,
    "link": "https://www.sec.gov/Archives/edgar/data/2488/000162828021001185/0001628280-21-001185-index.htm",
    "finalLink": "https://www.sec.gov/Archives/edgar/data/2488/000162828021001185/amd-20201226.htm"
  },
  {
    "date": "2020-09-26",
    "symbol": "AMD",
    "reportedCurrency": "USD",
    "cik": "0000002488",
    "fillingDate": "2020-10-28",
    "acceptedDate": "2020-10-28 16:59:17",
    "calendarYear": "2020",
    "period": "Q3",
    "revenue": 2801000000,
    "costOfRevenue": 1571000000,
    "grossProfit": 1230000000,
    "grossProfitRatio": 0.4391288825,
    "researchAndDevelopmentExpenses": 508000000,
    "generalAndAdministrativeExpenses": 0,
    "sellingAndMarketingExpenses": 0,
    "sellingGeneralAndAdministrativeExpenses": 273000000,
    "otherExpenses": 0,
    "operatingExpenses": 781000000,
    "costAndExpenses": 2352000000,
    "interestIncome": 0,
    "interestExpense": 11000000,
    "depreciationAndAmortization": 93000000,
    "ebitda": 505000000,
    "ebitdaratio": 0.1802927526,
    "operatingIncome": 449000000,
    "operatingIncomeRatio": 0.1602998929,
    "totalOtherIncomeExpensesNet": -47000000,
    "incomeBeforeTax": 402000000,
    "incomeBeforeTaxRatio": 0.1435201714,
    "incomeTaxExpense": 12000000,
    "netIncome": 390000000,
    "netIncomeRatio": 0.1392359871,
    "eps": 0.33,
    "epsdiluted": 0.32,
    "weightedAverageShsOut": 1184000000,
    "weightedAverageShsOutDil": 1215000000,
    "link": "https://www.sec.gov/Archives/edgar/data/2488/000000248820000164/0000002488-20-000164-index.htm",
    "finalLink": "https://www.sec.gov/Archives/edgar/data/2488/000000248820000164/amd-20200926.htm"
  },
  {
    "date": "2020-06-27",
    "symbol": "AMD",
    "reportedCurrency": "USD",
    "cik": "0000002488",
    "fillingDate": "2020-07-29",
    "acceptedDate": "2020-07-29 16:52:29",
    "calendarYear": "2020",
    "period": "Q2",
    "revenue": 1932000000,
    "costOfRevenue": 1084000000,
    "grossProfit": 848000000,
    "grossProfitRatio": 0.4389233954,
    "researchAndDevelopmentExpenses": 460000000,
    "generalAndAdministrativeExpenses": 0,
    "sellingAndMarketingExpenses": 0,
    "sellingGeneralAndAdministrativeExpenses": 215000000,
    "otherExpenses": 0,
    "operatingExpenses": 675000000,
    "costAndExpenses": 1759000000,
    "interestIncome": 0,
    "interestExpense": 14000000,
    "depreciationAndAmortization": 82000000,
    "ebitda": 256000000,
    "ebitdaratio": 0.132505176,
    "operatingIncome": 173000000,
    "operatingIncomeRatio": 0.0895445135,
    "totalOtherIncomeExpensesNet": -12000000,
    "incomeBeforeTax": 161000000,
    "incomeBeforeTaxRatio": 0.0833333333,
    "incomeTaxExpense": 4000000,
    "netIncome": 157000000,
    "netIncomeRatio": 0.08126294,
    "eps": 0.13,
    "epsdiluted": 0.13,
    "weightedAverageShsOut": 1174000000,
    "weightedAverageShsOutDil": 1227000000,
    "link": "https://www.sec.gov/Archives/edgar/data/2488/000000248820000103/0000002488-20-000103-index.htm",
    "finalLink": "https://www.sec.gov/Archives/edgar/data/2488/000000248820000103/amd-20200627.htm"
  },
  {
    "date": "2020-03-28",
    "symbol": "AMD",
    "reportedCurrency": "USD",
    "cik": "0000002488",
    "fillingDate": "2020-04-29",
    "acceptedDate": "2020-04-29 16:33:04",
    "calendarYear": "2020",
    "period": "Q1",
    "revenue": 1786000000,
    "costOfRevenue": 968000000,
    "grossProfit": 818000000,
    "grossProfitRatio": 0.4580067189,
    "researchAndDevelopmentExpenses": 442000000,
    "generalAndAdministrativeExpenses": 0,
    "sellingAndMarketingExpenses": 0,
    "sellingGeneralAndAdministrativeExpenses": 199000000,
    "otherExpenses": 0,
    "operatingExpenses": 641000000,
    "costAndExpenses": 1609000000,
    "interestIncome": 0,
    "interestExpense": 13000000,
    "depreciationAndAmortization": 78000000,
    "ebitda": 259000000,
    "ebitdaratio": 0.1450167973,
    "operatingIncome": 177000000,
    "operatingIncomeRatio": 0.0991041433,
    "totalOtherIncomeExpensesNet": -9000000,
    "incomeBeforeTax": 168000000,
    "incomeBeforeTaxRatio": 0.0940649496,
    "incomeTaxExpense": 6000000,
    "netIncome": 162000000,
    "netIncomeRatio": 0.0907054871,
    "eps": 0.14,
    "epsdiluted": 0.14,
    "weightedAverageShsOut": 1170000000,
    "weightedAverageShsOutDil": 1224000000,
    "link": "https://www.sec.gov/Archives/edgar/data/2488/000000248820000051/0000002488-20-000051-index.htm",
    "finalLink": "https://www.sec.gov/Archives/edgar/data/2488/000000248820000051/amdq1fy2010q.htm"
  },
  {
    "date": "2019-12-28",
    "symbol": "AMD",
    "reportedCurrency": "USD",
    "cik": "0000002488",
    "fillingDate": "2020-02-04",
    "acceptedDate": "2020-02-04 17:21:47",
    "calendarYear": "2019",
    "period": "Q4",
    "revenue": 2127000000,
    "costOfRevenue": 1177000000,
    "grossProfit": 950000000,
    "grossProfitRatio": 0.4466384579,
    "researchAndDevelopmentExpenses": 396000000,
    "generalAndAdministrativeExpenses": 0,
    "sellingAndMarketingExpenses": 0,
    "sellingGeneralAndAdministrativeExpenses": 194000000,
    "otherExpenses": 0,
    "operatingExpenses": 590000000,
    "costAndExpenses": 1767000000,
    "interestIncome": 0,
    "interestExpense": 18000000,
    "depreciationAndAmortization": 73000000,
    "ebitda": 296000000,
    "ebitdaratio": 0.1391631406,
    "operatingIncome": 360000000,
    "operatingIncomeRatio": 0.1692524683,
    "totalOtherIncomeExpensesNet": -155000000,
    "incomeBeforeTax": 205000000,
    "incomeBeforeTaxRatio": 0.0963798778,
    "incomeTaxExpense": 35000000,
    "netIncome": 170000000,
    "netIncomeRatio": 0.0799247767,
    "eps": 0.15,
    "epsdiluted": 0.15,
    "weightedAverageShsOut": 1140000000,
    "weightedAverageShsOutDil": 1188000000,
    "link": "https://www.sec.gov/Archives/edgar/data/2488/000000248820000008/0000002488-20-000008-index.htm",
    "finalLink": "https://www.sec.gov/Archives/edgar/data/2488/000000248820000008/amdform10-kfy2019.htm"
  },
  {
    "date": "2019-09-28",
    "symbol": "AMD",
    "reportedCurrency": "USD",
    "cik": "0000002488",
    "fillingDate": "2019-10-30",
    "acceptedDate": "2019-10-30 16:17:03",
    "calendarYear": "2019",
    "period": "Q3",
    "revenue": 1801000000,
    "costOfRevenue": 1024000000,
    "grossProfit": 777000000,
    "grossProfitRatio": 0.431426985,
    "researchAndDevelopmentExpenses": 405000000,
    "generalAndAdministrativeExpenses": 0,
    "sellingAndMarketingExpenses": 0,
    "sellingGeneralAndAdministrativeExpenses": 184000000,
    "otherExpenses": 0,
    "operatingExpenses": 589000000,
    "costAndExpenses": 1613000000,
    "interestIncome": 0,
    "interestExpense": 24000000,
    "depreciationAndAmortization": 69000000,
    "ebitda": 219000000,
    "ebitdaratio": 0.1215991116,
    "operatingIncome": 188000000,
    "operatingIncomeRatio": 0.104386452,
    "totalOtherIncomeExpensesNet": -61000000,
    "incomeBeforeTax": 127000000,
    "incomeBeforeTaxRatio": 0.0705163798,
    "incomeTaxExpense": 7000000,
    "netIncome": 120000000,
    "netIncomeRatio": 0.0666296502,
    "eps": 0.11,
    "epsdiluted": 0.11,
    "weightedAverageShsOut": 1097000000,
    "weightedAverageShsOutDil": 1117000000,
    "link": "https://www.sec.gov/Archives/edgar/data/2488/000000248819000159/0000002488-19-000159-index.htm",
    "finalLink": "https://www.sec.gov/Archives/edgar/data/2488/000000248819000159/amd0928201910q.htm"
  },
  {
    "date": "2019-06-29",
    "symbol": "AMD",
    "reportedCurrency": "USD",
    "cik": "0000002488",
    "fillingDate": "2019-07-31",
    "acceptedDate": "2019-07-31 16:27:08",
    "calendarYear": "2019",
    "period": "Q2",
    "revenue": 1531000000,
    "costOfRevenue": 910000000,
    "grossProfit": 621000000,
    "grossProfitRatio": 0.4056172436,
    "researchAndDevelopmentExpenses": 371000000,
    "generalAndAdministrativeExpenses": 0,
    "sellingAndMarketingExpenses": 0,
    "sellingGeneralAndAdministrativeExpenses": 189000000,
    "otherExpenses": 0,
    "operatingExpenses": 560000000,
    "costAndExpenses": 1470000000,
    "interestIncome": 0,
    "interestExpense": 25000000,
    "depreciationAndAmortization": 61000000,
    "ebitda": 123000000,
    "ebitdaratio": 0.0803396473,
    "operatingIncome": 61000000,
    "operatingIncomeRatio": 0.0398432397,
    "totalOtherIncomeExpensesNet": -24000000,
    "incomeBeforeTax": 37000000,
    "incomeBeforeTaxRatio": 0.024167211,
    "incomeTaxExpense": 2000000,
    "netIncome": 35000000,
    "netIncomeRatio": 0.0228608752,
    "eps": 0.0323,
    "epsdiluted": 0.0316,
    "weightedAverageShsOut": 1084000000,
    "weightedAverageShsOutDil": 1109000000,
    "link": "https://www.sec.gov/Archives/edgar/data/2488/000000248819000104/0000002488-19-000104-index.htm",
    "finalLink": "https://www.sec.gov/Archives/edgar/data/2488/000000248819000104/amd0629201910q.htm"
  },
  {
    "date": "2019-03-30",
    "symbol": "AMD",
    "reportedCurrency": "USD",
    "cik": "0000002488",
    "fillingDate": "2019-05-01",
    "acceptedDate": "2019-05-01 16:36:40",
    "calendarYear": "2019",
    "period": "Q1",
    "revenue": 1272000000,
    "costOfRevenue": 751000000,
    "grossProfit": 521000000,
    "grossProfitRatio": 0.409591195,
    "researchAndDevelopmentExpenses": 371000000,
    "generalAndAdministrativeExpenses": 0,
    "sellingAndMarketingExpenses": 0,
    "sellingGeneralAndAdministrativeExpenses": 170000000,
    "otherExpenses": 0,
    "operatingExpenses": 541000000,
    "costAndExpenses": 1292000000,
    "interestIncome": 0,
    "interestExpense": 27000000,
    "depreciationAndAmortization": 55000000,
    "ebitda": 86000000,
    "ebitdaratio": 0.0676100629,
    "operatingIncome": -20000000,
    "operatingIncomeRatio": -0.0157232704,
    "totalOtherIncomeExpensesNet": 23000000,
    "incomeBeforeTax": 3000000,
    "incomeBeforeTaxRatio": 0.0023584906,
    "incomeTaxExpense": -13000000,
    "netIncome": 16000000,
    "netIncomeRatio": 0.0125786164,
    "eps": 0.0153,
    "epsdiluted": 0.0146,
    "weightedAverageShsOut": 1044000000,
    "weightedAverageShsOutDil": 1094000000,
    "link": "https://www.sec.gov/Archives/edgar/data/2488/000000248819000045/0000002488-19-000045-index.htm",
    "finalLink": "https://www.sec.gov/Archives/edgar/data/2488/000000248819000045/amd0330201910q.htm"
  },
  {
    "date": "2018-12-29",
    "symbol": "AMD",
    "reportedCurrency": "USD",
    "cik": "0000002488",
    "fillingDate": "2019-02-08",
    "acceptedDate": "2019-02-08 16:44:26",
    "calendarYear": "2018",
    "period": "Q4",
    "revenue": 1419000000,
    "costOfRevenue": 882000000,
    "grossProfit": 537000000,
    "grossProfitRatio": 0.378435518,
    "researchAndDevelopmentExpenses": 367000000,
    "generalAndAdministrativeExpenses": 0,
    "sellingAndMarketingExpenses": 0,
    "sellingGeneralAndAdministrativeExpenses": 137000000,
    "otherExpenses": 0,
    "operatingExpenses": 504000000,
    "costAndExpenses": 1386000000,
    "interestIncome": 0,
    "interestExpense": 29000000,
    "depreciationAndAmortization": 43000000,
    "ebitda": 75000000,
    "ebitdaratio": 0.0528541226,
    "operatingIncome": 33000000,
    "operatingIncomeRatio": 0.023255814,
    "totalOtherIncomeExpensesNet": -30000000,
    "incomeBeforeTax": 3000000,
    "incomeBeforeTaxRatio": 0.0021141649,
    "incomeTaxExpense": -35000000,
    "netIncome": 38000000,
    "netIncomeRatio": 0.0267794221,
    "eps": 0.0379,
    "epsdiluted": 0.0379,
    "weightedAverageShsOut": 1002000000,
    "weightedAverageShsOutDil": 1079000000,
    "link": "https://www.sec.gov/Archives/edgar/data/2488/000000248819000011/0000002488-19-000011-index.htm",
    "finalLink": "https://www.sec.gov/Archives/edgar/data/2488/000000248819000011/amd-12292018x10k.htm"
  },
  {
    "date": "2018-09-29",
    "symbol": "AMD",
    "reportedCurrency": "USD",
    "cik": "0000002488",
    "fillingDate": "2018-10-31",
    "acceptedDate": "2018-10-31 16:15:18",
    "calendarYear": "2018",
    "period": "Q3",
    "revenue": 1653000000,
    "costOfRevenue": 992000000,
    "grossProfit": 661000000,
    "grossProfitRatio": 0.3998790079,
    "researchAndDevelopmentExpenses": 359000000,
    "generalAndAdministrativeExpenses": 0,
    "sellingAndMarketingExpenses": 0,
    "sellingGeneralAndAdministrativeExpenses": 147000000,
    "otherExpenses": 0,
    "operatingExpenses": 506000000,
    "costAndExpenses": 1498000000,
    "interestIncome": 0,
    "interestExpense": 30000000,
    "depreciationAndAmortization": 41000000,
    "ebitda": 185000000,
    "ebitdaratio": 0.1119177253,
    "operatingIncome": 155000000,
    "operatingIncomeRatio": 0.093768905,
    "totalOtherIncomeExpensesNet": -41000000,
    "incomeBeforeTax": 114000000,
    "incomeBeforeTaxRatio": 0.0689655172,
    "incomeTaxExpense": 12000000,
    "netIncome": 102000000,
    "netIncomeRatio": 0.0617059891,
    "eps": 0.1,
    "epsdiluted": 0.09,
    "weightedAverageShsOut": 987000000,
    "weightedAverageShsOutDil": 1076000000,
    "link": "https://www.sec.gov/Archives/edgar/data/2488/000000248818000189/0000002488-18-000189-index.htm",
    "finalLink": "https://www.sec.gov/Archives/edgar/data/2488/000000248818000189/amd0929201810q.htm"
  },
  {
    "date": "2018-06-30",
    "symbol": "AMD",
    "reportedCurrency": "USD",
    "cik": "0000002488",
    "fillingDate": "2018-08-02",
    "acceptedDate": "2018-08-02 16:28:52",
    "calendarYear": "2018",
    "period": "Q2",
    "revenue": 1756000000,
    "costOfRevenue": 1104000000,
    "grossProfit": 652000000,
    "grossProfitRatio": 0.3712984055,
    "researchAndDevelopmentExpenses": 358000000,
    "generalAndAdministrativeExpenses": 0,
    "sellingAndMarketingExpenses": 0,
    "sellingGeneralAndAdministrativeExpenses": 142000000,
    "otherExpenses": 0,
    "operatingExpenses": 500000000,
    "costAndExpenses": 1604000000,
    "interestIncome": 0,
    "interestExpense": 31000000,
    "depreciationAndAmortization": 42000000,
    "ebitda": 196000000,
    "ebitdaratio": 0.1116173121,
    "operatingIncome": 152000000,
    "operatingIncomeRatio": 0.0865603645,
    "totalOtherIncomeExpensesNet": -30000000,
    "incomeBeforeTax": 122000000,
    "incomeBeforeTaxRatio": 0.069476082,
    "incomeTaxExpense": 6000000,
    "netIncome": 116000000,
    "netIncomeRatio": 0.0660592255,
    "eps": 0.12,
    "epsdiluted": 0.11,
    "weightedAverageShsOut": 972000000,
    "weightedAverageShsOutDil": 1147000000,
    "link": "https://www.sec.gov/Archives/edgar/data/2488/000000248818000128/0000002488-18-000128-index.htm",
    "finalLink": "https://www.sec.gov/Archives/edgar/data/2488/000000248818000128/amd0630201810q.htm"
  },
  {
    "date": "2018-03-31",
    "symbol": "AMD",
    "reportedCurrency": "USD",
    "cik": "0000002488",
    "fillingDate": "2018-05-03",
    "acceptedDate": "2018-05-03 16:45:08",
    "calendarYear": "2018",
    "period": "Q1",
    "revenue": 1647000000,
    "costOfRevenue": 1050000000,
    "grossProfit": 597000000,
    "grossProfitRatio": 0.3624772313,
    "researchAndDevelopmentExpenses": 346000000,
    "generalAndAdministrativeExpenses": 0,
    "sellingAndMarketingExpenses": 0,
    "sellingGeneralAndAdministrativeExpenses": 135000000,
    "otherExpenses": 0,
    "operatingExpenses": 481000000,
    "costAndExpenses": 1531000000,
    "interestIncome": 0,
    "interestExpense": 31000000,
    "depreciationAndAmortization": 44000000,
    "ebitda": 165000000,
    "ebitdaratio": 0.1001821494,
    "operatingIncome": 116000000,
    "operatingIncomeRatio": 0.0704310868,
    "totalOtherIncomeExpensesNet": -27000000,
    "incomeBeforeTax": 89000000,
    "incomeBeforeTaxRatio": 0.0540376442,
    "incomeTaxExpense": 8000000,
    "netIncome": 81000000,
    "netIncomeRatio": 0.0491803279,
    "eps": 0.0837,
    "epsdiluted": 0.08,
    "weightedAverageShsOut": 968000000,
    "weightedAverageShsOutDil": 1039000000,
    "link": "https://www.sec.gov/Archives/edgar/data/2488/000000248818000068/0000002488-18-000068-index.htm",
    "finalLink": "https://www.sec.gov/Archives/edgar/data/2488/000000248818000068/amd0331201810q.htm"
  },
  {
    "date": "2017-12-30",
    "symbol": "AMD",
    "reportedCurrency": "USD",
    "cik": "0000002488",
    "fillingDate": "2018-02-27",
    "acceptedDate": "2018-02-27 16:18:58",
    "calendarYear": "2017",
    "period": "Q4",
    "revenue": 1340000000,
    "costOfRevenue": 888000000,
    "grossProfit": 452000000,
    "grossProfitRatio": 0.3373134328,
    "researchAndDevelopmentExpenses": 323000000,
    "generalAndAdministrativeExpenses": 0,
    "sellingAndMarketingExpenses": 0,
    "sellingGeneralAndAdministrativeExpenses": 134000000,
    "otherExpenses": 0,
    "operatingExpenses": 457000000,
    "costAndExpenses": 1345000000,
    "interestIncome": 0,
    "interestExpense": 31000000,
    "depreciationAndAmortization": 39000000,
    "ebitda": 123000000,
    "ebitdaratio": 0.0917910448,
    "operatingIncome": -5000000,
    "operatingIncomeRatio": -0.0037313433,
    "totalOtherIncomeExpensesNet": -26000000,
    "incomeBeforeTax": -31000000,
    "incomeBeforeTaxRatio": -0.0231343284,
    "incomeTaxExpense": -8000000,
    "netIncome": -19000000,
    "netIncomeRatio": -0.0141791045,
    "eps": -0.02,
    "epsdiluted": -0.02,
    "weightedAverageShsOut": 965000000,
    "weightedAverageShsOutDil": 965000000,
    "link": "https://www.sec.gov/Archives/edgar/data/2488/000000248818000042/0000002488-18-000042-index.htm",
    "finalLink": "https://www.sec.gov/Archives/edgar/data/2488/000000248818000042/amd-12302017x10k.htm"
  },
  {
    "date": "2017-09-30",
    "symbol": "AMD",
    "reportedCurrency": "USD",
    "cik": "0000002488",
    "fillingDate": "2017-11-02",
    "acceptedDate": "2017-11-02 17:00:49",
    "calendarYear": "2017",
    "period": "Q3",
    "revenue": 1584000000,
    "costOfRevenue": 1013000000,
    "grossProfit": 571000000,
    "grossProfitRatio": 0.360479798,
    "researchAndDevelopmentExpenses": 323000000,
    "generalAndAdministrativeExpenses": 0,
    "sellingAndMarketingExpenses": 0,
    "sellingGeneralAndAdministrativeExpenses": 133000000,
    "otherExpenses": 0,
    "operatingExpenses": 456000000,
    "costAndExpenses": 1469000000,
    "interestIncome": 0,
    "interestExpense": 31000000,
    "depreciationAndAmortization": 36000000,
    "ebitda": 152000000,
    "ebitdaratio": 0.095959596,
    "operatingIncome": 115000000,
    "operatingIncomeRatio": 0.0726010101,
    "totalOtherIncomeExpensesNet": -32000000,
    "incomeBeforeTax": 83000000,
    "incomeBeforeTaxRatio": 0.0523989899,
    "incomeTaxExpense": 22000000,
    "netIncome": 61000000,
    "netIncomeRatio": 0.038510101,
    "eps": 0.0637,
    "epsdiluted": 0.0595,
    "weightedAverageShsOut": 957000000,
    "weightedAverageShsOutDil": 1042000000,
    "link": "https://www.sec.gov/Archives/edgar/data/2488/000000248817000227/0000002488-17-000227-index.htm",
    "finalLink": "https://www.sec.gov/Archives/edgar/data/2488/000000248817000227/amd0930201710q.htm"
  },
  {
    "date": "2017-07-01",
    "symbol": "AMD",
    "reportedCurrency": "USD",
    "cik": "0000002488",
    "fillingDate": "2017-08-03",
    "acceptedDate": "2017-08-03 16:43:29",
    "calendarYear": "2017",
    "period": "Q2",
    "revenue": 1151000000,
    "costOfRevenue": 765000000,
    "grossProfit": 386000000,
    "grossProfitRatio": 0.335360556,
    "researchAndDevelopmentExpenses": 285000000,
    "generalAndAdministrativeExpenses": 0,
    "sellingAndMarketingExpenses": 0,
    "sellingGeneralAndAdministrativeExpenses": 127000000,
    "otherExpenses": 0,
    "operatingExpenses": 412000000,
    "costAndExpenses": 1177000000,
    "interestIncome": 0,
    "interestExpense": 32000000,
    "depreciationAndAmortization": 35000000,
    "ebitda": 31000000,
    "ebitdaratio": 0.0269331017,
    "operatingIncome": -26000000,
    "operatingIncomeRatio": -0.022589053,
    "totalOtherIncomeExpensesNet": -13000000,
    "incomeBeforeTax": -39000000,
    "incomeBeforeTaxRatio": -0.0338835795,
    "incomeTaxExpense": 3000000,
    "netIncome": -42000000,
    "netIncomeRatio": -0.0364900087,
    "eps": -0.0444,
    "epsdiluted": -0.0444,
    "weightedAverageShsOut": 945000000,
    "weightedAverageShsOutDil": 945000000,
    "link": "https://www.sec.gov/Archives/edgar/data/2488/000000248817000156/0000002488-17-000156-index.htm",
    "finalLink": "https://www.sec.gov/Archives/edgar/data/2488/000000248817000156/amd0701201710q.htm"
  },
  {
    "date": "2017-04-01",
    "symbol": "AMD",
    "reportedCurrency": "USD",
    "cik": "0000002488",
    "fillingDate": "2017-05-08",
    "acceptedDate": "2017-05-08 16:35:05",
    "calendarYear": "2017",
    "period": "Q1",
    "revenue": 984000000,
    "costOfRevenue": 653000000,
    "grossProfit": 331000000,
    "grossProfitRatio": 0.3363821138,
    "researchAndDevelopmentExpenses": 267000000,
    "generalAndAdministrativeExpenses": 0,
    "sellingAndMarketingExpenses": 0,
    "sellingGeneralAndAdministrativeExpenses": 121000000,
    "otherExpenses": 0,
    "operatingExpenses": 388000000,
    "costAndExpenses": 1041000000,
    "interestIncome": 0,
    "interestExpense": 32000000,
    "depreciationAndAmortization": 34000000,
    "ebitda": 40000000,
    "ebitdaratio": 0.0406504065,
    "operatingIncome": -57000000,
    "operatingIncomeRatio": -0.0579268293,
    "totalOtherIncomeExpensesNet": -9000000,
    "incomeBeforeTax": -66000000,
    "incomeBeforeTaxRatio": -0.0670731707,
    "incomeTaxExpense": 5000000,
    "netIncome": -73000000,
    "netIncomeRatio": -0.0741869919,
    "eps": -0.08,
    "epsdiluted": -0.08,
    "weightedAverageShsOut": 939000000,
    "weightedAverageShsOutDil": 939000000,
    "link": "https://www.sec.gov/Archives/edgar/data/2488/000000248817000107/0000002488-17-000107-index.htm",
    "finalLink": "https://www.sec.gov/Archives/edgar/data/2488/000000248817000107/amd0401201710q.htm"
  },
  {
    "date": "2016-12-31",
    "symbol": "AMD",
    "reportedCurrency": "USD",
    "cik": "0000002488",
    "fillingDate": "2017-02-21",
    "acceptedDate": "2017-02-21 16:52:14",
    "calendarYear": "2016",
    "period": "Q4",
    "revenue": 1106000000,
    "costOfRevenue": 755000000,
    "grossProfit": 351000000,
    "grossProfitRatio": 0.3173598553,
    "researchAndDevelopmentExpenses": 263000000,
    "generalAndAdministrativeExpenses": 0,
    "sellingAndMarketingExpenses": 0,
    "sellingGeneralAndAdministrativeExpenses": 121000000,
    "otherExpenses": 0,
    "operatingExpenses": 384000000,
    "costAndExpenses": 1139000000,
    "interestIncome": 0,
    "interestExpense": 34000000,
    "depreciationAndAmortization": 34000000,
    "ebitda": 24000000,
    "ebitdaratio": 0.0216998192,
    "operatingIncome": -33000000,
    "operatingIncomeRatio": -0.0298372514,
    "totalOtherIncomeExpensesNet": -11000000,
    "incomeBeforeTax": -44000000,
    "incomeBeforeTaxRatio": -0.0397830018,
    "incomeTaxExpense": 5000000,
    "netIncome": -51000000,
    "netIncomeRatio": -0.0461121157,
    "eps": -0.0548,
    "epsdiluted": -0.0548,
    "weightedAverageShsOut": 931000000,
    "weightedAverageShsOutDil": 931000000,
    "link": "https://www.sec.gov/Archives/edgar/data/2488/000000248817000043/0000002488-17-000043-index.htm",
    "finalLink": "https://www.sec.gov/Archives/edgar/data/2488/000000248817000043/amd-12312016x10k.htm"
  },
  {
    "date": "2016-09-24",
    "symbol": "AMD",
    "reportedCurrency": "USD",
    "cik": "0000002488",
    "fillingDate": "2016-10-26",
    "acceptedDate": "2016-10-26 17:15:05",
    "calendarYear": "2016",
    "period": "Q3",
    "revenue": 1307000000,
    "costOfRevenue": 1248000000,
    "grossProfit": 59000000,
    "grossProfitRatio": 0.0451415455,
    "researchAndDevelopmentExpenses": 260000000,
    "generalAndAdministrativeExpenses": 0,
    "sellingAndMarketingExpenses": 0,
    "sellingGeneralAndAdministrativeExpenses": 117000000,
    "otherExpenses": 0,
    "operatingExpenses": 377000000,
    "costAndExpenses": 1625000000,
    "interestIncome": 0,
    "interestExpense": 41000000,
    "depreciationAndAmortization": 33000000,
    "ebitda": -323000000,
    "ebitdaratio": -0.247130834,
    "operatingIncome": -318000000,
    "operatingIncomeRatio": -0.2433052793,
    "totalOtherIncomeExpensesNet": -79000000,
    "incomeBeforeTax": -397000000,
    "incomeBeforeTaxRatio": -0.3037490436,
    "incomeTaxExpense": 4000000,
    "netIncome": -406000000,
    "netIncomeRatio": -0.3106350421,
    "eps": -0.5,
    "epsdiluted": -0.5,
    "weightedAverageShsOut": 815000000,
    "weightedAverageShsOutDil": 815000000,
    "link": "https://www.sec.gov/Archives/edgar/data/2488/000000248816000263/0000002488-16-000263-index.htm",
    "finalLink": "https://www.sec.gov/Archives/edgar/data/2488/000000248816000263/amd0924201610q.htm"
  },
  {
    "date": "2016-06-25",
    "symbol": "AMD",
    "reportedCurrency": "USD",
    "cik": "0000002488",
    "fillingDate": "2016-07-26",
    "acceptedDate": "2016-07-25 18:22:04",
    "calendarYear": "2016",
    "period": "Q2",
    "revenue": 1027000000,
    "costOfRevenue": 708000000,
    "grossProfit": 319000000,
    "grossProfitRatio": 0.3106134372,
    "researchAndDevelopmentExpenses": 243000000,
    "generalAndAdministrativeExpenses": 0,
    "sellingAndMarketingExpenses": 0,
    "sellingGeneralAndAdministrativeExpenses": 117000000,
    "otherExpenses": -33000000,
    "operatingExpenses": 327000000,
    "costAndExpenses": 1035000000,
    "interestIncome": 0,
    "interestExpense": 41000000,
    "depreciationAndAmortization": 33000000,
    "ebitda": 175000000,
    "ebitdaratio": 0.170399221,
    "operatingIncome": -8000000,
    "operatingIncomeRatio": -0.0077896787,
    "totalOtherIncomeExpensesNet": 109000000,
    "incomeBeforeTax": 101000000,
    "incomeBeforeTaxRatio": 0.0983446933,
    "incomeTaxExpense": 29000000,
    "netIncome": 69000000,
    "netIncomeRatio": 0.0671859786,
    "eps": 0.09,
    "epsdiluted": 0.08,
    "weightedAverageShsOut": 794000000,
    "weightedAverageShsOutDil": 821000000,
    "link": "https://www.sec.gov/Archives/edgar/data/2488/000000248816000213/0000002488-16-000213-index.htm",
    "finalLink": "https://www.sec.gov/Archives/edgar/data/2488/000000248816000213/amd0625201610q.htm"
  },
  {
    "date": "2016-03-26",
    "symbol": "AMD",
    "reportedCurrency": "USD",
    "cik": "0000002488",
    "fillingDate": "2016-04-28",
    "acceptedDate": "2016-04-28 16:23:25",
    "calendarYear": "2016",
    "period": "Q1",
    "revenue": 832000000,
    "costOfRevenue": 563000000,
    "grossProfit": 269000000,
    "grossProfitRatio": 0.3233173077,
    "researchAndDevelopmentExpenses": 242000000,
    "generalAndAdministrativeExpenses": 0,
    "sellingAndMarketingExpenses": 0,
    "sellingGeneralAndAdministrativeExpenses": 105000000,
    "otherExpenses": -10000000,
    "operatingExpenses": 337000000,
    "costAndExpenses": 900000000,
    "interestIncome": 0,
    "interestExpense": 40000000,
    "depreciationAndAmortization": 33000000,
    "ebitda": -35000000,
    "ebitdaratio": -0.0420673077,
    "operatingIncome": -68000000,
    "operatingIncomeRatio": -0.0817307692,
    "totalOtherIncomeExpensesNet": -40000000,
    "incomeBeforeTax": -108000000,
    "incomeBeforeTaxRatio": -0.1298076923,
    "incomeTaxExpense": 1000000,
    "netIncome": -109000000,
    "netIncomeRatio": -0.1310096154,
    "eps": -0.14,
    "epsdiluted": -0.14,
    "weightedAverageShsOut": 793000000,
    "weightedAverageShsOutDil": 793000000,
    "link": "https://www.sec.gov/Archives/edgar/data/2488/000000248816000124/0000002488-16-000124-index.htm",
    "finalLink": "https://www.sec.gov/Archives/edgar/data/2488/000000248816000124/amd0326201610q.htm"
  },
  {
    "date": "2015-12-26",
    "symbol": "AMD",
    "reportedCurrency": "USD",
    "cik": "0000002488",
    "fillingDate": "2016-02-18",
    "acceptedDate": "2016-02-18 16:19:58",
    "calendarYear": "2015",
    "period": "Q4",
    "revenue": 958000000,
    "costOfRevenue": 675000000,
    "grossProfit": 283000000,
    "grossProfitRatio": 0.2954070981,
    "researchAndDevelopmentExpenses": 229000000,
    "generalAndAdministrativeExpenses": 0,
    "sellingAndMarketingExpenses": 0,
    "sellingGeneralAndAdministrativeExpenses": 109000000,
    "otherExpenses": -6000000,
    "operatingExpenses": 332000000,
    "costAndExpenses": 1007000000,
    "interestIncome": 0,
    "interestExpense": 41000000,
    "depreciationAndAmortization": 34000000,
    "ebitda": -17000000,
    "ebitdaratio": -0.0177453027,
    "operatingIncome": -49000000,
    "operatingIncomeRatio": -0.0511482255,
    "totalOtherIncomeExpensesNet": -43000000,
    "incomeBeforeTax": -92000000,
    "incomeBeforeTaxRatio": -0.0960334029,
    "incomeTaxExpense": 10000000,
    "netIncome": -102000000,
    "netIncomeRatio": -0.1064718163,
    "eps": -0.13,
    "epsdiluted": -0.13,
    "weightedAverageShsOut": 791000000,
    "weightedAverageShsOutDil": 791000000,
    "link": "https://www.sec.gov/Archives/edgar/data/2488/000000248816000111/0000002488-16-000111-index.htm",
    "finalLink": "https://www.sec.gov/Archives/edgar/data/2488/000000248816000111/amd-12262015x10k.htm"
  },
  {
    "date": "2015-09-26",
    "symbol": "AMD",
    "reportedCurrency": "USD",
    "cik": "0000002488",
    "fillingDate": "2015-11-03",
    "acceptedDate": "2015-11-03 16:35:22",
    "calendarYear": "2015",
    "period": "Q3",
    "revenue": 1061000000,
    "costOfRevenue": 822000000,
    "grossProfit": 239000000,
    "grossProfitRatio": 0.2252591894,
    "researchAndDevelopmentExpenses": 241000000,
    "generalAndAdministrativeExpenses": 0,
    "sellingAndMarketingExpenses": 0,
    "sellingGeneralAndAdministrativeExpenses": 108000000,
    "otherExpenses": 48000000,
    "operatingExpenses": 397000000,
    "costAndExpenses": 1219000000,
    "interestIncome": 0,
    "interestExpense": 39000000,
    "depreciationAndAmortization": 42000000,
    "ebitda": -116000000,
    "ebitdaratio": -0.10933082,
    "operatingIncome": -158000000,
    "operatingIncomeRatio": -0.1489161169,
    "totalOtherIncomeExpensesNet": -39000000,
    "incomeBeforeTax": -197000000,
    "incomeBeforeTaxRatio": -0.1856738926,
    "incomeTaxExpense": 0,
    "netIncome": -197000000,
    "netIncomeRatio": -0.1856738926,
    "eps": -0.25,
    "epsdiluted": -0.25,
    "weightedAverageShsOut": 785000000,
    "weightedAverageShsOutDil": 785000000,
    "link": "https://www.sec.gov/Archives/edgar/data/2488/000000248815000067/0000002488-15-000067-index.htm",
    "finalLink": "https://www.sec.gov/Archives/edgar/data/2488/000000248815000067/amd0926201510q.htm"
  },
  {
    "date": "2015-06-27",
    "symbol": "AMD",
    "reportedCurrency": "USD",
    "cik": "0000002488",
    "fillingDate": "2015-07-30",
    "acceptedDate": "2015-07-30 16:55:47",
    "calendarYear": "2015",
    "period": "Q2",
    "revenue": 942000000,
    "costOfRevenue": 710000000,
    "grossProfit": 232000000,
    "grossProfitRatio": 0.2462845011,
    "researchAndDevelopmentExpenses": 235000000,
    "generalAndAdministrativeExpenses": 0,
    "sellingAndMarketingExpenses": 0,
    "sellingGeneralAndAdministrativeExpenses": 134000000,
    "otherExpenses": 0,
    "operatingExpenses": 369000000,
    "costAndExpenses": 1079000000,
    "interestIncome": 0,
    "interestExpense": 40000000,
    "depreciationAndAmortization": 45000000,
    "ebitda": -95000000,
    "ebitdaratio": -0.1008492569,
    "operatingIncome": -137000000,
    "operatingIncomeRatio": -0.1454352442,
    "totalOtherIncomeExpensesNet": -43000000,
    "incomeBeforeTax": -180000000,
    "incomeBeforeTaxRatio": -0.1910828025,
    "incomeTaxExpense": 1000000,
    "netIncome": -181000000,
    "netIncomeRatio": -0.1921443737,
    "eps": -0.23,
    "epsdiluted": -0.23,
    "weightedAverageShsOut": 778000000,
    "weightedAverageShsOutDil": 778000000,
    "link": "https://www.sec.gov/Archives/edgar/data/2488/000162828015005620/0001628280-15-005620-index.htm",
    "finalLink": "https://www.sec.gov/Archives/edgar/data/2488/000162828015005620/amd0627201510q.htm"
  },
  {
    "date": "2015-03-28",
    "symbol": "AMD",
    "reportedCurrency": "USD",
    "cik": "0000002488",
    "fillingDate": "2015-04-29",
    "acceptedDate": "2015-04-29 16:55:05",
    "calendarYear": "2015",
    "period": "Q1",
    "revenue": 1030000000,
    "costOfRevenue": 704000000,
    "grossProfit": 326000000,
    "grossProfitRatio": 0.3165048544,
    "researchAndDevelopmentExpenses": 242000000,
    "generalAndAdministrativeExpenses": 0,
    "sellingAndMarketingExpenses": 0,
    "sellingGeneralAndAdministrativeExpenses": 131000000,
    "otherExpenses": 90000000,
    "operatingExpenses": 463000000,
    "costAndExpenses": 1167000000,
    "interestIncome": 0,
    "interestExpense": 40000000,
    "depreciationAndAmortization": 46000000,
    "ebitda": -91000000,
    "ebitdaratio": -0.0883495146,
    "operatingIncome": -137000000,
    "operatingIncomeRatio": -0.1330097087,
    "totalOtherIncomeExpensesNet": -40000000,
    "incomeBeforeTax": -177000000,
    "incomeBeforeTaxRatio": -0.1718446602,
    "incomeTaxExpense": 3000000,
    "netIncome": -180000000,
    "netIncomeRatio": -0.1747572816,
    "eps": -0.23,
    "epsdiluted": -0.23,
    "weightedAverageShsOut": 777000000,
    "weightedAverageShsOutDil": 777000000,
    "link": "https://www.sec.gov/Archives/edgar/data/2488/000119312515156842/0001193125-15-156842-index.htm",
    "finalLink": "https://www.sec.gov/Archives/edgar/data/2488/000119312515156842/d914071d10q.htm"
  },
  {
    "date": "2014-12-27",
    "symbol": "AMD",
    "reportedCurrency": "USD",
    "cik": "0000002488",
    "fillingDate": "2015-02-19",
    "acceptedDate": "2015-02-19 17:08:48",
    "calendarYear": "2014",
    "period": "Q4",
    "revenue": 1239000000,
    "costOfRevenue": 879000000,
    "grossProfit": 360000000,
    "grossProfitRatio": 0.2905569007,
    "researchAndDevelopmentExpenses": 238000000,
    "generalAndAdministrativeExpenses": 0,
    "sellingAndMarketingExpenses": 0,
    "sellingGeneralAndAdministrativeExpenses": 144000000,
    "otherExpenses": 308000000,
    "operatingExpenses": 690000000,
    "costAndExpenses": 1569000000,
    "interestIncome": 1000000,
    "interestExpense": 41000000,
    "depreciationAndAmortization": 48000000,
    "ebitda": -278000000,
    "ebitdaratio": -0.2243744956,
    "operatingIncome": -330000000,
    "operatingIncomeRatio": -0.2663438257,
    "totalOtherIncomeExpensesNet": -37000000,
    "incomeBeforeTax": -367000000,
    "incomeBeforeTaxRatio": -0.2962066182,
    "incomeTaxExpense": -3000000,
    "netIncome": -364000000,
    "netIncomeRatio": -0.2937853107,
    "eps": -0.47,
    "epsdiluted": -0.47,
    "weightedAverageShsOut": 776000000,
    "weightedAverageShsOutDil": 776000000,
    "link": "https://www.sec.gov/Archives/edgar/data/2488/000119312515054362/0001193125-15-054362-index.htm",
    "finalLink": "https://www.sec.gov/Archives/edgar/data/2488/000119312515054362/d871455d10k.htm"
  },
  {
    "date": "2014-09-27",
    "symbol": "AMD",
    "reportedCurrency": "USD",
    "cik": "0000002488",
    "fillingDate": "2014-10-30",
    "acceptedDate": "2014-10-30 16:23:21",
    "calendarYear": "2014",
    "period": "Q3",
    "revenue": 1429000000,
    "costOfRevenue": 935000000,
    "grossProfit": 494000000,
    "grossProfitRatio": 0.3456962911,
    "researchAndDevelopmentExpenses": 278000000,
    "generalAndAdministrativeExpenses": 0,
    "sellingAndMarketingExpenses": 0,
    "sellingGeneralAndAdministrativeExpenses": 150000000,
    "otherExpenses": 3000000,
    "operatingExpenses": 431000000,
    "costAndExpenses": 1366000000,
    "interestIncome": 1000000,
    "interestExpense": 43000000,
    "depreciationAndAmortization": 49000000,
    "ebitda": 111000000,
    "ebitdaratio": 0.077676697,
    "operatingIncome": 63000000,
    "operatingIncomeRatio": 0.044086774,
    "totalOtherIncomeExpensesNet": -44000000,
    "incomeBeforeTax": 19000000,
    "incomeBeforeTaxRatio": 0.0132960112,
    "incomeTaxExpense": 2000000,
    "netIncome": 17000000,
    "netIncomeRatio": 0.0118964311,
    "eps": 0.0221,
    "epsdiluted": 0.02,
    "weightedAverageShsOut": 770000000,
    "weightedAverageShsOutDil": 785000000,
    "link": "https://www.sec.gov/Archives/edgar/data/2488/000119312514389701/0001193125-14-389701-index.htm",
    "finalLink": "https://www.sec.gov/Archives/edgar/data/2488/000119312514389701/d809825d10q.htm"
  },
  {
    "date": "2014-06-28",
    "symbol": "AMD",
    "reportedCurrency": "USD",
    "cik": "0000002488",
    "fillingDate": "2014-07-31",
    "acceptedDate": "2014-07-31 16:40:31",
    "calendarYear": "2014",
    "period": "Q2",
    "revenue": 1441000000,
    "costOfRevenue": 943000000,
    "grossProfit": 498000000,
    "grossProfitRatio": 0.345593338,
    "researchAndDevelopmentExpenses": 277000000,
    "generalAndAdministrativeExpenses": 0,
    "sellingAndMarketingExpenses": 0,
    "sellingGeneralAndAdministrativeExpenses": 154000000,
    "otherExpenses": 4000000,
    "operatingExpenses": 435000000,
    "costAndExpenses": 1378000000,
    "interestIncome": 0,
    "interestExpense": 46000000,
    "depreciationAndAmortization": 53000000,
    "ebitda": 67000000,
    "ebitdaratio": 0.0464954892,
    "operatingIncome": 63000000,
    "operatingIncomeRatio": 0.0437196391,
    "totalOtherIncomeExpensesNet": -95000000,
    "incomeBeforeTax": -32000000,
    "incomeBeforeTaxRatio": -0.0222068008,
    "incomeTaxExpense": 4000000,
    "netIncome": -36000000,
    "netIncomeRatio": -0.0249826509,
    "eps": -0.0471,
    "epsdiluted": -0.0471,
    "weightedAverageShsOut": 764000000,
    "weightedAverageShsOutDil": 764000000,
    "link": "https://www.sec.gov/Archives/edgar/data/2488/000119312514289796/0001193125-14-289796-index.htm",
    "finalLink": "https://www.sec.gov/Archives/edgar/data/2488/000119312514289796/d763314d10q.htm"
  },
  {
    "date": "2014-03-29",
    "symbol": "AMD",
    "reportedCurrency": "USD",
    "cik": "0000002488",
    "fillingDate": "2014-05-01",
    "acceptedDate": "2014-05-01 16:41:28",
    "calendarYear": "2014",
    "period": "Q1",
    "revenue": 1397000000,
    "costOfRevenue": 910000000,
    "grossProfit": 487000000,
    "grossProfitRatio": 0.3486041518,
    "researchAndDevelopmentExpenses": 279000000,
    "generalAndAdministrativeExpenses": 0,
    "sellingAndMarketingExpenses": 0,
    "sellingGeneralAndAdministrativeExpenses": 156000000,
    "otherExpenses": 3000000,
    "operatingExpenses": 438000000,
    "costAndExpenses": 1348000000,
    "interestIncome": 1000000,
    "interestExpense": 47000000,
    "depreciationAndAmortization": 53000000,
    "ebitda": 82000000,
    "ebitdaratio": 0.0586972083,
    "operatingIncome": 49000000,
    "operatingIncomeRatio": 0.0350751611,
    "totalOtherIncomeExpensesNet": -67000000,
    "incomeBeforeTax": -18000000,
    "incomeBeforeTaxRatio": -0.012884753,
    "incomeTaxExpense": 2000000,
    "netIncome": -20000000,
    "netIncomeRatio": -0.0143163923,
    "eps": -0.0263,
    "epsdiluted": -0.0263,
    "weightedAverageShsOut": 761000000,
    "weightedAverageShsOutDil": 761000000,
    "link": "https://www.sec.gov/Archives/edgar/data/2488/000119312514177314/0001193125-14-177314-index.htm",
    "finalLink": "https://www.sec.gov/Archives/edgar/data/2488/000119312514177314/d714367d10q.htm"
  },
  {
    "date": "2013-12-28",
    "symbol": "AMD",
    "reportedCurrency": "USD",
    "cik": "0000002488",
    "fillingDate": "2014-02-18",
    "acceptedDate": "2014-02-18 16:56:49",
    "calendarYear": "2013",
    "period": "Q4",
    "revenue": 1589000000,
    "costOfRevenue": 1036000000,
    "grossProfit": 553000000,
    "grossProfitRatio": 0.3480176211,
    "researchAndDevelopmentExpenses": 293000000,
    "generalAndAdministrativeExpenses": 0,
    "sellingAndMarketingExpenses": 0,
    "sellingGeneralAndAdministrativeExpenses": 169000000,
    "otherExpenses": -44000000,
    "operatingExpenses": 418000000,
    "costAndExpenses": 1454000000,
    "interestIncome": 1000000,
    "interestExpense": 44000000,
    "depreciationAndAmortization": 54000000,
    "ebitda": 188000000,
    "ebitdaratio": 0.1183134047,
    "operatingIncome": 135000000,
    "operatingIncomeRatio": 0.0849590938,
    "totalOtherIncomeExpensesNet": -45000000,
    "incomeBeforeTax": 90000000,
    "incomeBeforeTaxRatio": 0.0566393958,
    "incomeTaxExpense": 1000000,
    "netIncome": 89000000,
    "netIncomeRatio": 0.0560100692,
    "eps": 0.12,
    "epsdiluted": 0.12,
    "weightedAverageShsOut": 759000000,
    "weightedAverageShsOutDil": 766000000,
    "link": "https://www.sec.gov/Archives/edgar/data/2488/000119312514057240/0001193125-14-057240-index.htm",
    "finalLink": "https://www.sec.gov/Archives/edgar/data/2488/000119312514057240/d674550d10k.htm"
  },
  {
    "date": "2013-09-28",
    "symbol": "AMD",
    "reportedCurrency": "USD",
    "cik": "0000002488",
    "fillingDate": "2013-10-30",
    "acceptedDate": "2013-10-30 17:31:32",
    "calendarYear": "2013",
    "period": "Q3",
    "revenue": 1461000000,
    "costOfRevenue": 940000000,
    "grossProfit": 521000000,
    "grossProfitRatio": 0.356605065,
    "researchAndDevelopmentExpenses": 288000000,
    "generalAndAdministrativeExpenses": 0,
    "sellingAndMarketingExpenses": 0,
    "sellingGeneralAndAdministrativeExpenses": 155000000,
    "otherExpenses": -17000000,
    "operatingExpenses": 426000000,
    "costAndExpenses": 1366000000,
    "interestIncome": 1000000,
    "interestExpense": 47000000,
    "depreciationAndAmortization": 57000000,
    "ebitda": 155000000,
    "ebitdaratio": 0.106091718,
    "operatingIncome": 95000000,
    "operatingIncomeRatio": 0.0650239562,
    "totalOtherIncomeExpensesNet": -44000000,
    "incomeBeforeTax": 51000000,
    "incomeBeforeTaxRatio": 0.0349075975,
    "incomeTaxExpense": 3000000,
    "netIncome": 48000000,
    "netIncomeRatio": 0.0328542094,
    "eps": 0.0634,
    "epsdiluted": 0.06,
    "weightedAverageShsOut": 757000000,
    "weightedAverageShsOutDil": 764000000,
    "link": "https://www.sec.gov/Archives/edgar/data/2488/000119312513418892/0001193125-13-418892-index.htm",
    "finalLink": "https://www.sec.gov/Archives/edgar/data/2488/000119312513418892/d616608d10q.htm"
  },
  {
    "date": "2013-06-29",
    "symbol": "AMD",
    "reportedCurrency": "USD",
    "cik": "0000002488",
    "fillingDate": "2013-08-01",
    "acceptedDate": "2013-08-01 17:10:34",
    "calendarYear": "2013",
    "period": "Q2",
    "revenue": 1161000000,
    "costOfRevenue": 702000000,
    "grossProfit": 459000000,
    "grossProfitRatio": 0.3953488372,
    "researchAndDevelopmentExpenses": 308000000,
    "generalAndAdministrativeExpenses": 0,
    "sellingAndMarketingExpenses": 0,
    "sellingGeneralAndAdministrativeExpenses": 171000000,
    "otherExpenses": 9000000,
    "operatingExpenses": 488000000,
    "costAndExpenses": 1190000000,
    "interestIncome": 2000000,
    "interestExpense": 42000000,
    "depreciationAndAmortization": 59000000,
    "ebitda": 30000000,
    "ebitdaratio": 0.0258397933,
    "operatingIncome": -29000000,
    "operatingIncomeRatio": -0.0249784668,
    "totalOtherIncomeExpensesNet": -42000000,
    "incomeBeforeTax": -71000000,
    "incomeBeforeTaxRatio": -0.0611541774,
    "incomeTaxExpense": 3000000,
    "netIncome": -74000000,
    "netIncomeRatio": -0.0637381568,
    "eps": -0.0984,
    "epsdiluted": -0.0984,
    "weightedAverageShsOut": 752000000,
    "weightedAverageShsOutDil": 752000000,
    "link": "https://www.sec.gov/Archives/edgar/data/2488/000119312513315281/0001193125-13-315281-index.htm",
    "finalLink": "https://www.sec.gov/Archives/edgar/data/2488/000119312513315281/d573303d10q.htm"
  },
  {
    "date": "2013-03-31",
    "symbol": "AMD",
    "reportedCurrency": "USD",
    "cik": "0000002488",
    "fillingDate": "2013-05-06",
    "acceptedDate": "2013-05-06 16:18:25",
    "calendarYear": "2013",
    "period": "Q1",
    "revenue": 1088000000,
    "costOfRevenue": 643000000,
    "grossProfit": 445000000,
    "grossProfitRatio": 0.4090073529,
    "researchAndDevelopmentExpenses": 312000000,
    "generalAndAdministrativeExpenses": 0,
    "sellingAndMarketingExpenses": 0,
    "sellingGeneralAndAdministrativeExpenses": 179000000,
    "otherExpenses": 52000000,
    "operatingExpenses": 543000000,
    "costAndExpenses": 1186000000,
    "interestIncome": 1000000,
    "interestExpense": 44000000,
    "depreciationAndAmortization": 66000000,
    "ebitda": -34000000,
    "ebitdaratio": -0.03125,
    "operatingIncome": -98000000,
    "operatingIncomeRatio": -0.0900735294,
    "totalOtherIncomeExpensesNet": -46000000,
    "incomeBeforeTax": -144000000,
    "incomeBeforeTaxRatio": -0.1323529412,
    "incomeTaxExpense": 2000000,
    "netIncome": -146000000,
    "netIncomeRatio": -0.1341911765,
    "eps": -0.19,
    "epsdiluted": -0.19,
    "weightedAverageShsOut": 749000000,
    "weightedAverageShsOutDil": 749000000,
    "link": "https://www.sec.gov/Archives/edgar/data/2488/000119312513201635/0001193125-13-201635-index.htm",
    "finalLink": "https://www.sec.gov/Archives/edgar/data/2488/000119312513201635/d528331d10q.htm"
  },
  {
    "date": "2012-12-29",
    "symbol": "AMD",
    "reportedCurrency": "USD",
    "cik": "0000002488",
    "fillingDate": "2013-02-21",
    "acceptedDate": "2013-02-21 16:44:05",
    "calendarYear": "2012",
    "period": "Q4",
    "revenue": 1155000000,
    "costOfRevenue": 977000000,
    "grossProfit": 178000000,
    "grossProfitRatio": 0.1541125541,
    "researchAndDevelopmentExpenses": 313000000,
    "generalAndAdministrativeExpenses": 0,
    "sellingAndMarketingExpenses": 0,
    "sellingGeneralAndAdministrativeExpenses": 193000000,
    "otherExpenses": 94000000,
    "operatingExpenses": 600000000,
    "costAndExpenses": 1577000000,
    "interestIncome": 2000000,
    "interestExpense": 45000000,
    "depreciationAndAmortization": 66000000,
    "ebitda": -358000000,
    "ebitdaratio": -0.30995671,
    "operatingIncome": -422000000,
    "operatingIncomeRatio": -0.3653679654,
    "totalOtherIncomeExpensesNet": -47000000,
    "incomeBeforeTax": -469000000,
    "incomeBeforeTaxRatio": -0.4060606061,
    "incomeTaxExpense": 4000000,
    "netIncome": -473000000,
    "netIncomeRatio": -0.4095238095,
    "eps": -0.63,
    "epsdiluted": -0.63,
    "weightedAverageShsOut": 747000000,
    "weightedAverageShsOutDil": 747000000,
    "link": "https://www.sec.gov/Archives/edgar/data/2488/000119312513069422/0001193125-13-069422-index.htm",
    "finalLink": "https://www.sec.gov/Archives/edgar/data/2488/000119312513069422/d486815d10k.htm"
  },
  {
    "date": "2012-09-29",
    "symbol": "AMD",
    "reportedCurrency": "USD",
    "cik": "0000002488",
    "fillingDate": "2012-11-01",
    "acceptedDate": "2012-11-01 16:32:22",
    "calendarYear": "2012",
    "period": "Q3",
    "revenue": 1269000000,
    "costOfRevenue": 877000000,
    "grossProfit": 392000000,
    "grossProfitRatio": 0.3089046493,
    "researchAndDevelopmentExpenses": 328000000,
    "generalAndAdministrativeExpenses": 0,
    "sellingAndMarketingExpenses": 0,
    "sellingGeneralAndAdministrativeExpenses": 188000000,
    "otherExpenses": 7000000,
    "operatingExpenses": 523000000,
    "costAndExpenses": 1400000000,
    "interestIncome": 2000000,
    "interestExpense": 44000000,
    "depreciationAndAmortization": 66000000,
    "ebitda": -47000000,
    "ebitdaratio": -0.037037037,
    "operatingIncome": -131000000,
    "operatingIncomeRatio": -0.1032308905,
    "totalOtherIncomeExpensesNet": -26000000,
    "incomeBeforeTax": -157000000,
    "incomeBeforeTaxRatio": -0.1237194641,
    "incomeTaxExpense": 0,
    "netIncome": -157000000,
    "netIncomeRatio": -0.1237194641,
    "eps": -0.21,
    "epsdiluted": -0.21,
    "weightedAverageShsOut": 745000000,
    "weightedAverageShsOutDil": 745000000,
    "link": "https://www.sec.gov/Archives/edgar/data/2488/000119312512446647/0001193125-12-446647-index.htm",
    "finalLink": "https://www.sec.gov/Archives/edgar/data/2488/000119312512446647/d430047d10q.htm"
  },
  {
    "date": "2012-06-30",
    "symbol": "AMD",
    "reportedCurrency": "USD",
    "cik": "0000002488",
    "fillingDate": "2012-08-02",
    "acceptedDate": "2012-08-02 16:47:15",
    "calendarYear": "2012",
    "period": "Q2",
    "revenue": 1413000000,
    "costOfRevenue": 775000000,
    "grossProfit": 638000000,
    "grossProfitRatio": 0.4515215853,
    "researchAndDevelopmentExpenses": 345000000,
    "generalAndAdministrativeExpenses": 0,
    "sellingAndMarketingExpenses": 0,
    "sellingGeneralAndAdministrativeExpenses": 212000000,
    "otherExpenses": 4000000,
    "operatingExpenses": 561000000,
    "costAndExpenses": 1336000000,
    "interestIncome": 2000000,
    "interestExpense": 43000000,
    "depreciationAndAmortization": 65000000,
    "ebitda": 139000000,
    "ebitdaratio": 0.0983722576,
    "operatingIncome": 77000000,
    "operatingIncomeRatio": 0.0544939844,
    "totalOtherIncomeExpensesNet": -46000000,
    "incomeBeforeTax": 31000000,
    "incomeBeforeTaxRatio": 0.0219391366,
    "incomeTaxExpense": -6000000,
    "netIncome": 37000000,
    "netIncomeRatio": 0.0261854211,
    "eps": 0.05,
    "epsdiluted": 0.05,
    "weightedAverageShsOut": 739000000,
    "weightedAverageShsOutDil": 755000000,
    "link": "https://www.sec.gov/Archives/edgar/data/2488/000119312512332074/0001193125-12-332074-index.htm",
    "finalLink": "https://www.sec.gov/Archives/edgar/data/2488/000119312512332074/d386402d10q.htm"
  },
  {
    "date": "2012-03-31",
    "symbol": "AMD",
    "reportedCurrency": "USD",
    "cik": "0000002488",
    "fillingDate": "2012-05-09",
    "acceptedDate": "2012-05-09 16:14:05",
    "calendarYear": "2012",
    "period": "Q1",
    "revenue": 1585000000,
    "costOfRevenue": 1558000000,
    "grossProfit": 27000000,
    "grossProfitRatio": 0.0170347003,
    "researchAndDevelopmentExpenses": 368000000,
    "generalAndAdministrativeExpenses": 0,
    "sellingAndMarketingExpenses": 0,
    "sellingGeneralAndAdministrativeExpenses": 230000000,
    "otherExpenses": 9000000,
    "operatingExpenses": 607000000,
    "costAndExpenses": 2165000000,
    "interestIncome": 2000000,
    "interestExpense": 43000000,
    "depreciationAndAmortization": 63000000,
    "ebitda": -516000000,
    "ebitdaratio": -0.3255520505,
    "operatingIncome": -580000000,
    "operatingIncomeRatio": -0.3659305994,
    "totalOtherIncomeExpensesNet": -42000000,
    "incomeBeforeTax": -622000000,
    "incomeBeforeTaxRatio": -0.3924290221,
    "incomeTaxExpense": -32000000,
    "netIncome": -590000000,
    "netIncomeRatio": -0.3722397476,
    "eps": -0.8,
    "epsdiluted": -0.8,
    "weightedAverageShsOut": 734000000,
    "weightedAverageShsOutDil": 734000000,
    "link": "https://www.sec.gov/Archives/edgar/data/2488/000119312512222047/0001193125-12-222047-index.htm",
    "finalLink": "https://www.sec.gov/Archives/edgar/data/2488/000119312512222047/d312884d10q.htm"
  },
  {
    "date": "2011-12-31",
    "symbol": "AMD",
    "reportedCurrency": "USD",
    "cik": "0000002488",
    "fillingDate": "2012-02-24",
    "acceptedDate": "2012-02-23 19:04:58",
    "calendarYear": "2011",
    "period": "Q4",
    "revenue": 1691000000,
    "costOfRevenue": 918000000,
    "grossProfit": 773000000,
    "grossProfitRatio": 0.457125961,
    "researchAndDevelopmentExpenses": 358000000,
    "generalAndAdministrativeExpenses": 0,
    "sellingAndMarketingExpenses": 0,
    "sellingGeneralAndAdministrativeExpenses": 243000000,
    "otherExpenses": 101000000,
    "operatingExpenses": 702000000,
    "costAndExpenses": 1620000000,
    "interestIncome": 2000000,
    "interestExpense": 43000000,
    "depreciationAndAmortization": 70000000,
    "ebitda": -64000000,
    "ebitdaratio": -0.0378474276,
    "operatingIncome": 71000000,
    "operatingIncomeRatio": 0.0419869899,
    "totalOtherIncomeExpensesNet": -248000000,
    "incomeBeforeTax": -177000000,
    "incomeBeforeTaxRatio": -0.1046717918,
    "incomeTaxExpense": -4000000,
    "netIncome": -177000000,
    "netIncomeRatio": -0.1046717918,
    "eps": -0.24,
    "epsdiluted": -0.24,
    "weightedAverageShsOut": 730500000,
    "weightedAverageShsOutDil": 738000000,
    "link": "https://www.sec.gov/Archives/edgar/data/2488/000119312512075837/0001193125-12-075837-index.htm",
    "finalLink": "https://www.sec.gov/Archives/edgar/data/2488/000119312512075837/d257108d10k.htm"
  },
  {
    "date": "2011-10-01",
    "symbol": "AMD",
    "reportedCurrency": "USD",
    "cik": "0000002488",
    "fillingDate": "2011-11-09",
    "acceptedDate": "2011-11-09 17:20:11",
    "calendarYear": "2011",
    "period": "Q3",
    "revenue": 1690000000,
    "costOfRevenue": 934000000,
    "grossProfit": 756000000,
    "grossProfitRatio": 0.4473372781,
    "researchAndDevelopmentExpenses": 361000000,
    "generalAndAdministrativeExpenses": 0,
    "sellingAndMarketingExpenses": 0,
    "sellingGeneralAndAdministrativeExpenses": 249000000,
    "otherExpenses": 8000000,
    "operatingExpenses": 618000000,
    "costAndExpenses": 1552000000,
    "interestIncome": 3000000,
    "interestExpense": 42000000,
    "depreciationAndAmortization": 79000000,
    "ebitda": 213000000,
    "ebitdaratio": 0.126035503,
    "operatingIncome": 138000000,
    "operatingIncomeRatio": 0.0816568047,
    "totalOtherIncomeExpensesNet": -46000000,
    "incomeBeforeTax": 92000000,
    "incomeBeforeTaxRatio": 0.0544378698,
    "incomeTaxExpense": -5000000,
    "netIncome": 97000000,
    "netIncomeRatio": 0.0573964497,
    "eps": 0.13,
    "epsdiluted": 0.13,
    "weightedAverageShsOut": 729000000,
    "weightedAverageShsOutDil": 741000000,
    "link": "https://www.sec.gov/Archives/edgar/data/2488/000119312511304833/0001193125-11-304833-index.htm",
    "finalLink": "https://www.sec.gov/Archives/edgar/data/2488/000119312511304833/d226122d10q.htm"
  },
  {
    "date": "2011-07-02",
    "symbol": "AMD",
    "reportedCurrency": "USD",
    "cik": "0000002488",
    "fillingDate": "2011-08-10",
    "acceptedDate": "2011-08-10 16:47:26",
    "calendarYear": "2011",
    "period": "Q2",
    "revenue": 1574000000,
    "costOfRevenue": 854000000,
    "grossProfit": 720000000,
    "grossProfitRatio": 0.457433291,
    "researchAndDevelopmentExpenses": 367000000,
    "generalAndAdministrativeExpenses": 0,
    "sellingAndMarketingExpenses": 0,
    "sellingGeneralAndAdministrativeExpenses": 239000000,
    "otherExpenses": 9000000,
    "operatingExpenses": 615000000,
    "costAndExpenses": 1469000000,
    "interestIncome": 2000000,
    "interestExpense": 47000000,
    "depreciationAndAmortization": 80000000,
    "ebitda": 191000000,
    "ebitdaratio": 0.1213468869,
    "operatingIncome": 105000000,
    "operatingIncomeRatio": 0.0667090216,
    "totalOtherIncomeExpensesNet": -41000000,
    "incomeBeforeTax": 64000000,
    "incomeBeforeTaxRatio": 0.040660737,
    "incomeTaxExpense": 3000000,
    "netIncome": 61000000,
    "netIncomeRatio": 0.0387547649,
    "eps": 0.08,
    "epsdiluted": 0.08,
    "weightedAverageShsOut": 724000000,
    "weightedAverageShsOutDil": 743000000,
    "link": "https://www.sec.gov/Archives/edgar/data/2488/000119312511218202/0001193125-11-218202-index.htm",
    "finalLink": "https://www.sec.gov/Archives/edgar/data/2488/000119312511218202/d10q.htm"
  },
  {
    "date": "2011-04-02",
    "symbol": "AMD",
    "reportedCurrency": "USD",
    "cik": "0000002488",
    "fillingDate": "2011-05-10",
    "acceptedDate": "2011-05-10 17:24:39",
    "calendarYear": "2011",
    "period": "Q1",
    "revenue": 1613000000,
    "costOfRevenue": 922000000,
    "grossProfit": 691000000,
    "grossProfitRatio": 0.4283942963,
    "researchAndDevelopmentExpenses": 367000000,
    "generalAndAdministrativeExpenses": 0,
    "sellingAndMarketingExpenses": 0,
    "sellingGeneralAndAdministrativeExpenses": 261000000,
    "otherExpenses": 9000000,
    "operatingExpenses": 637000000,
    "costAndExpenses": 1559000000,
    "interestIncome": 3000000,
    "interestExpense": 48000000,
    "depreciationAndAmortization": 88000000,
    "ebitda": 156000000,
    "ebitdaratio": 0.0967141971,
    "operatingIncome": 54000000,
    "operatingIncomeRatio": 0.0334779913,
    "totalOtherIncomeExpensesNet": -34000000,
    "incomeBeforeTax": 20000000,
    "incomeBeforeTaxRatio": 0.012399256,
    "incomeTaxExpense": 2000000,
    "netIncome": 510000000,
    "netIncomeRatio": 0.3161810291,
    "eps": 0.71,
    "epsdiluted": 0.68,
    "weightedAverageShsOut": 720000000,
    "weightedAverageShsOutDil": 764000000,
    "link": "https://www.sec.gov/Archives/edgar/data/2488/000119312511134452/0001193125-11-134452-index.htm",
    "finalLink": "https://www.sec.gov/Archives/edgar/data/2488/000119312511134452/d10q.htm"
  },
  {
    "date": "2010-12-25",
    "symbol": "AMD",
    "reportedCurrency": "USD",
    "cik": "0000002488",
    "fillingDate": "2011-02-18",
    "acceptedDate": "2011-02-18 16:38:16",
    "calendarYear": "2010",
    "period": "Q4",
    "revenue": 1649000000,
    "costOfRevenue": 906000000,
    "grossProfit": 743000000,
    "grossProfitRatio": 0.4505761067,
    "researchAndDevelopmentExpenses": 352000000,
    "generalAndAdministrativeExpenses": 0,
    "sellingAndMarketingExpenses": 0,
    "sellingGeneralAndAdministrativeExpenses": 250000000,
    "otherExpenses": -272000000,
    "operatingExpenses": 330000000,
    "costAndExpenses": 1236000000,
    "interestIncome": 2000000,
    "interestExpense": 39000000,
    "depreciationAndAmortization": 89000000,
    "ebitda": 518000000,
    "ebitdaratio": 0.3141297756,
    "operatingIncome": 413000000,
    "operatingIncomeRatio": 0.2504548211,
    "totalOtherIncomeExpensesNet": -23000000,
    "incomeBeforeTax": 390000000,
    "incomeBeforeTaxRatio": 0.2365069739,
    "incomeTaxExpense": 42000000,
    "netIncome": 375000000,
    "netIncomeRatio": 0.2274105518,
    "eps": 0.52,
    "epsdiluted": 0.5,
    "weightedAverageShsOut": 715500000,
    "weightedAverageShsOutDil": 748500000,
    "link": "https://www.sec.gov/Archives/edgar/data/2488/000119312511040392/0001193125-11-040392-index.htm",
    "finalLink": "https://www.sec.gov/Archives/edgar/data/2488/000119312511040392/d10k.htm"
  },
  {
    "date": "2010-09-25",
    "symbol": "AMD",
    "reportedCurrency": "USD",
    "cik": "0000002488",
    "fillingDate": "2010-11-03",
    "acceptedDate": "2010-11-03 17:25:11",
    "calendarYear": "2010",
    "period": "Q3",
    "revenue": 1618000000,
    "costOfRevenue": 879000000,
    "grossProfit": 739000000,
    "grossProfitRatio": 0.456736712,
    "researchAndDevelopmentExpenses": 359000000,
    "generalAndAdministrativeExpenses": 0,
    "sellingAndMarketingExpenses": 0,
    "sellingGeneralAndAdministrativeExpenses": 236000000,
    "otherExpenses": 16000000,
    "operatingExpenses": 611000000,
    "costAndExpenses": 1490000000,
    "interestIncome": 3000000,
    "interestExpense": 56000000,
    "depreciationAndAmortization": 94000000,
    "ebitda": 219000000,
    "ebitdaratio": 0.1353522868,
    "operatingIncome": 128000000,
    "operatingIncomeRatio": 0.0791100124,
    "totalOtherIncomeExpensesNet": -59000000,
    "incomeBeforeTax": 69000000,
    "incomeBeforeTaxRatio": 0.042645241,
    "incomeTaxExpense": 1000000,
    "netIncome": -118000000,
    "netIncomeRatio": -0.0729295426,
    "eps": -0.17,
    "epsdiluted": -0.17,
    "weightedAverageShsOut": 713000000,
    "weightedAverageShsOutDil": 713000000,
    "link": "https://www.sec.gov/Archives/edgar/data/2488/000119312510246357/0001193125-10-246357-index.htm",
    "finalLink": "https://www.sec.gov/Archives/edgar/data/2488/000119312510246357/d10q.htm"
  },
  {
    "date": "2010-06-26",
    "symbol": "AMD",
    "reportedCurrency": "USD",
    "cik": "0000002488",
    "fillingDate": "2010-08-04",
    "acceptedDate": "2010-08-04 17:11:03",
    "calendarYear": "2010",
    "period": "Q2",
    "revenue": 1653000000,
    "costOfRevenue": 915000000,
    "grossProfit": 738000000,
    "grossProfitRatio": 0.44646098,
    "researchAndDevelopmentExpenses": 371000000,
    "generalAndAdministrativeExpenses": 0,
    "sellingAndMarketingExpenses": 0,
    "sellingGeneralAndAdministrativeExpenses": 229000000,
    "otherExpenses": 13000000,
    "operatingExpenses": 613000000,
    "costAndExpenses": 1528000000,
    "interestIncome": 3000000,
    "interestExpense": 55000000,
    "depreciationAndAmortization": 100000000,
    "ebitda": 227000000,
    "ebitdaratio": 0.1373260738,
    "operatingIncome": 125000000,
    "operatingIncomeRatio": 0.0756200847,
    "totalOtherIncomeExpensesNet": -53000000,
    "incomeBeforeTax": 72000000,
    "incomeBeforeTaxRatio": 0.0435571688,
    "incomeTaxExpense": -5000000,
    "netIncome": -43000000,
    "netIncomeRatio": -0.0260133091,
    "eps": -0.0606,
    "epsdiluted": -0.0606,
    "weightedAverageShsOut": 709000000,
    "weightedAverageShsOutDil": 709000000,
    "link": "https://www.sec.gov/Archives/edgar/data/2488/000119312510177386/0001193125-10-177386-index.htm",
    "finalLink": "https://www.sec.gov/Archives/edgar/data/2488/000119312510177386/d10q.htm"
  },
  {
    "date": "2010-03-27",
    "symbol": "AMD",
    "reportedCurrency": "USD",
    "cik": "0000002488",
    "fillingDate": "2010-05-04",
    "acceptedDate": "2010-05-04 17:14:57",
    "calendarYear": "2010",
    "period": "Q1",
    "revenue": 1574000000,
    "costOfRevenue": 833000000,
    "grossProfit": 741000000,
    "grossProfitRatio": 0.4707750953,
    "researchAndDevelopmentExpenses": 323000000,
    "generalAndAdministrativeExpenses": 0,
    "sellingAndMarketingExpenses": 0,
    "sellingGeneralAndAdministrativeExpenses": 219000000,
    "otherExpenses": 17000000,
    "operatingExpenses": 559000000,
    "costAndExpenses": 1392000000,
    "interestIncome": 3000000,
    "interestExpense": 49000000,
    "depreciationAndAmortization": 100000000,
    "ebitda": 589000000,
    "ebitdaratio": 0.374205845,
    "operatingIncome": 182000000,
    "operatingIncomeRatio": 0.1156289708,
    "totalOtherIncomeExpensesNet": 258000000,
    "incomeBeforeTax": 440000000,
    "incomeBeforeTaxRatio": 0.2795425667,
    "incomeTaxExpense": 0,
    "netIncome": 257000000,
    "netIncomeRatio": 0.1632782719,
    "eps": 0.36,
    "epsdiluted": 0.35,
    "weightedAverageShsOut": 707000000,
    "weightedAverageShsOutDil": 754000000,
    "link": "https://www.sec.gov/Archives/edgar/data/2488/000119312510106750/0001193125-10-106750-index.htm",
    "finalLink": "https://www.sec.gov/Archives/edgar/data/2488/000119312510106750/d10q.htm"
  },
  {
    "date": "2009-12-26",
    "symbol": "AMD",
    "reportedCurrency": "USD",
    "cik": "0000002488",
    "fillingDate": "2010-02-19",
    "acceptedDate": "2010-02-19 16:16:09",
    "calendarYear": "2009",
    "period": "Q4",
    "revenue": 1646000000,
    "costOfRevenue": 911000000,
    "grossProfit": 735000000,
    "grossProfitRatio": 0.4465370595,
    "researchAndDevelopmentExpenses": 432000000,
    "generalAndAdministrativeExpenses": 0,
    "sellingAndMarketingExpenses": 0,
    "sellingGeneralAndAdministrativeExpenses": -1003000000,
    "otherExpenses": 18000000,
    "operatingExpenses": -553000000,
    "costAndExpenses": 358000000,
    "interestIncome": 3000000,
    "interestExpense": 119000000,
    "depreciationAndAmortization": 284000000,
    "ebitda": 1594000000,
    "ebitdaratio": 0.9684082625,
    "operatingIncome": 1288000000,
    "operatingIncomeRatio": 0.7825030377,
    "totalOtherIncomeExpensesNet": -97000000,
    "incomeBeforeTax": 1191000000,
    "incomeBeforeTaxRatio": 0.7235722965,
    "incomeTaxExpense": 11000000,
    "netIncome": 1200000000,
    "netIncomeRatio": 0.7290400972,
    "eps": 1.71,
    "epsdiluted": 1.65,
    "weightedAverageShsOut": 690000000,
    "weightedAverageShsOutDil": 716000000,
    "link": "https://www.sec.gov/Archives/edgar/data/2488/000119312510035218/0001193125-10-035218-index.htm",
    "finalLink": "https://www.sec.gov/Archives/edgar/data/2488/000119312510035218/d10k.htm"
  },
  {
    "date": "2009-09-26",
    "symbol": "AMD",
    "reportedCurrency": "USD",
    "cik": "0000002488",
    "fillingDate": "2009-11-04",
    "acceptedDate": "2009-11-04 16:16:29",
    "calendarYear": "2009",
    "period": "Q3",
    "revenue": 1396000000,
    "costOfRevenue": 811000000,
    "grossProfit": 585000000,
    "grossProfitRatio": 0.4190544413,
    "researchAndDevelopmentExpenses": 420000000,
    "generalAndAdministrativeExpenses": 0,
    "sellingAndMarketingExpenses": 0,
    "sellingGeneralAndAdministrativeExpenses": 221000000,
    "otherExpenses": 21000000,
    "operatingExpenses": 662000000,
    "costAndExpenses": 1473000000,
    "interestIncome": 4000000,
    "interestExpense": 114000000,
    "depreciationAndAmortization": 282000000,
    "ebitda": 256000000,
    "ebitdaratio": 0.1833810888,
    "operatingIncome": -77000000,
    "operatingIncomeRatio": -0.0551575931,
    "totalOtherIncomeExpensesNet": -63000000,
    "incomeBeforeTax": -140000000,
    "incomeBeforeTaxRatio": -0.100286533,
    "incomeTaxExpense": -5000000,
    "netIncome": -106000000,
    "netIncomeRatio": -0.0759312321,
    "eps": -0.18,
    "epsdiluted": -0.18,
    "weightedAverageShsOut": 694000000,
    "weightedAverageShsOutDil": 694000000,
    "link": "https://www.sec.gov/Archives/edgar/data/2488/000119312509223772/0001193125-09-223772-index.htm",
    "finalLink": "https://www.sec.gov/Archives/edgar/data/2488/000119312509223772/d10q.htm"
  },
  {
    "date": "2009-06-27",
    "symbol": "AMD",
    "reportedCurrency": "USD",
    "cik": "0000002488",
    "fillingDate": "2009-08-05",
    "acceptedDate": "2009-08-05 16:13:51",
    "calendarYear": "2009",
    "period": "Q2",
    "revenue": 1184000000,
    "costOfRevenue": 743000000,
    "grossProfit": 441000000,
    "grossProfitRatio": 0.3724662162,
    "researchAndDevelopmentExpenses": 425000000,
    "generalAndAdministrativeExpenses": 0,
    "sellingAndMarketingExpenses": 0,
    "sellingGeneralAndAdministrativeExpenses": 247000000,
    "otherExpenses": 18000000,
    "operatingExpenses": 690000000,
    "costAndExpenses": 1433000000,
    "interestIncome": 6000000,
    "interestExpense": 108000000,
    "depreciationAndAmortization": 282000000,
    "ebitda": 45000000,
    "ebitdaratio": 0.0380067568,
    "operatingIncome": -249000000,
    "operatingIncomeRatio": -0.2103040541,
    "totalOtherIncomeExpensesNet": -96000000,
    "incomeBeforeTax": -345000000,
    "incomeBeforeTaxRatio": -0.2913851351,
    "incomeTaxExpense": -10000000,
    "netIncome": -310000000,
    "netIncomeRatio": -0.2618243243,
    "eps": -0.49,
    "epsdiluted": -0.49,
    "weightedAverageShsOut": 667000000,
    "weightedAverageShsOutDil": 667000000,
    "link": "https://www.sec.gov/Archives/edgar/data/2488/000119312509165410/0001193125-09-165410-index.htm",
    "finalLink": "https://www.sec.gov/Archives/edgar/data/2488/000119312509165410/d10q.htm"
  },
  {
    "date": "2009-03-28",
    "symbol": "AMD",
    "reportedCurrency": "USD",
    "cik": "0000002488",
    "fillingDate": "2009-05-06",
    "acceptedDate": "2009-05-06 17:05:34",
    "calendarYear": "2009",
    "period": "Q1",
    "revenue": 1177000000,
    "costOfRevenue": 666000000,
    "grossProfit": 511000000,
    "grossProfitRatio": 0.4341546304,
    "researchAndDevelopmentExpenses": 444000000,
    "generalAndAdministrativeExpenses": 0,
    "sellingAndMarketingExpenses": 0,
    "sellingGeneralAndAdministrativeExpenses": 287000000,
    "otherExpenses": 78000000,
    "operatingExpenses": 809000000,
    "costAndExpenses": 1475000000,
    "interestIncome": 3000000,
    "interestExpense": 97000000,
    "depreciationAndAmortization": 280000000,
    "ebitda": 79000000,
    "ebitdaratio": 0.0671197961,
    "operatingIncome": -298000000,
    "operatingIncomeRatio": -0.2531860663,
    "totalOtherIncomeExpensesNet": 0,
    "incomeBeforeTax": -298000000,
    "incomeBeforeTaxRatio": -0.2531860663,
    "incomeTaxExpense": 116000000,
    "netIncome": -408000000,
    "netIncomeRatio": -0.3466440102,
    "eps": -0.66,
    "epsdiluted": -0.66,
    "weightedAverageShsOut": 626000000,
    "weightedAverageShsOutDil": 626000000,
    "link": "https://www.sec.gov/Archives/edgar/data/2488/000119312509101683/0001193125-09-101683-index.htm",
    "finalLink": "https://www.sec.gov/Archives/edgar/data/2488/000119312509101683/d10q.htm"
  },
  {
    "date": "2008-12-27",
    "symbol": "AMD",
    "reportedCurrency": "USD",
    "cik": "0000002488",
    "fillingDate": "2009-02-24",
    "acceptedDate": "2009-02-24 16:32:20",
    "calendarYear": "2008",
    "period": "Q4",
    "revenue": 1227000000,
    "costOfRevenue": 1112000000,
    "grossProfit": 115000000,
    "grossProfitRatio": 0.0937245314,
    "researchAndDevelopmentExpenses": 529000000,
    "generalAndAdministrativeExpenses": 0,
    "sellingAndMarketingExpenses": 0,
    "sellingGeneralAndAdministrativeExpenses": 320000000,
    "otherExpenses": 995000000,
    "operatingExpenses": 1844000000,
    "costAndExpenses": 2956000000,
    "interestIncome": 0,
    "interestExpense": 0,
    "depreciationAndAmortization": 303000000,
    "ebitda": -1375000000,
    "ebitdaratio": -1.1206193969,
    "operatingIncome": -1729000000,
    "operatingIncomeRatio": -1.4091279544,
    "totalOtherIncomeExpensesNet": 15000000,
    "incomeBeforeTax": -1714000000,
    "incomeBeforeTaxRatio": -1.3969030155,
    "incomeTaxExpense": 69000000,
    "netIncome": -1424000000,
    "netIncomeRatio": -1.1605541972,
    "eps": -2.31,
    "epsdiluted": -2.31,
    "weightedAverageShsOut": 616500000,
    "weightedAverageShsOutDil": 616500000,
    "link": "https://www.sec.gov/Archives/edgar/data/2488/000119312509036235/0001193125-09-036235-index.htm",
    "finalLink": "https://www.sec.gov/Archives/edgar/data/2488/000119312509036235/d10k.htm"
  },
  {
    "date": "2008-09-27",
    "symbol": "AMD",
    "reportedCurrency": "USD",
    "cik": "0000002488",
    "fillingDate": "2008-11-06",
    "acceptedDate": "2008-11-06 17:00:24",
    "calendarYear": "2008",
    "period": "Q3",
    "revenue": 1797000000,
    "costOfRevenue": 881000000,
    "grossProfit": 916000000,
    "grossProfitRatio": 0.509738453,
    "researchAndDevelopmentExpenses": 438000000,
    "generalAndAdministrativeExpenses": 0,
    "sellingAndMarketingExpenses": 0,
    "sellingGeneralAndAdministrativeExpenses": 315000000,
    "otherExpenses": 41000000,
    "operatingExpenses": 794000000,
    "costAndExpenses": 1675000000,
    "interestIncome": 7000000,
    "interestExpense": 94000000,
    "depreciationAndAmortization": 293000000,
    "ebitda": 409000000,
    "ebitdaratio": 0.2276015582,
    "operatingIncome": 122000000,
    "operatingIncomeRatio": 0.0678909293,
    "totalOtherIncomeExpensesNet": -100000000,
    "incomeBeforeTax": 22000000,
    "incomeBeforeTaxRatio": 0.0122426266,
    "incomeTaxExpense": -1000000,
    "netIncome": -134000000,
    "netIncomeRatio": -0.0745687257,
    "eps": -0.22,
    "epsdiluted": -0.22,
    "weightedAverageShsOut": 608000000,
    "weightedAverageShsOutDil": 608000000,
    "link": "https://www.sec.gov/Archives/edgar/data/2488/000119312508228082/0001193125-08-228082-index.htm",
    "finalLink": "https://www.sec.gov/Archives/edgar/data/2488/000119312508228082/d10q.htm"
  },
  {
    "date": "2008-06-28",
    "symbol": "AMD",
    "reportedCurrency": "USD",
    "cik": "0000002488",
    "fillingDate": "2008-08-06",
    "acceptedDate": "2008-08-06 17:15:28",
    "calendarYear": "2008",
    "period": "Q2",
    "revenue": 1362000000,
    "costOfRevenue": 851000000,
    "grossProfit": 511000000,
    "grossProfitRatio": 0.3751835536,
    "researchAndDevelopmentExpenses": 467000000,
    "generalAndAdministrativeExpenses": 0,
    "sellingAndMarketingExpenses": 0,
    "sellingGeneralAndAdministrativeExpenses": 335000000,
    "otherExpenses": 278000000,
    "operatingExpenses": 1080000000,
    "costAndExpenses": 1931000000,
    "interestIncome": 10000000,
    "interestExpense": 101000000,
    "depreciationAndAmortization": 310000000,
    "ebitda": -283000000,
    "ebitdaratio": -0.2077826725,
    "operatingIncome": -569000000,
    "operatingIncomeRatio": -0.4177679883,
    "totalOtherIncomeExpensesNet": -125000000,
    "incomeBeforeTax": -694000000,
    "incomeBeforeTaxRatio": -0.5095447871,
    "incomeTaxExpense": 0,
    "netIncome": -1195000000,
    "netIncomeRatio": -0.8773861968,
    "eps": -1.97,
    "epsdiluted": -1.97,
    "weightedAverageShsOut": 607000000,
    "weightedAverageShsOutDil": 607000000,
    "link": "https://www.sec.gov/Archives/edgar/data/2488/000119312508168449/0001193125-08-168449-index.htm",
    "finalLink": "https://www.sec.gov/Archives/edgar/data/2488/000119312508168449/d10q.htm"
  },
  {
    "date": "2008-03-29",
    "symbol": "AMD",
    "reportedCurrency": "USD",
    "cik": "0000002488",
    "fillingDate": "2008-05-07",
    "acceptedDate": "2008-05-07 13:34:54",
    "calendarYear": "2008",
    "period": "Q1",
    "revenue": 1487000000,
    "costOfRevenue": 866000000,
    "grossProfit": 621000000,
    "grossProfitRatio": 0.4176193679,
    "researchAndDevelopmentExpenses": 478000000,
    "generalAndAdministrativeExpenses": 0,
    "sellingAndMarketingExpenses": 0,
    "sellingGeneralAndAdministrativeExpenses": 337000000,
    "otherExpenses": 40000000,
    "operatingExpenses": 855000000,
    "costAndExpenses": 1721000000,
    "interestIncome": 15000000,
    "interestExpense": 101000000,
    "depreciationAndAmortization": 317000000,
    "ebitda": 97000000,
    "ebitdaratio": 0.0652320108,
    "operatingIncome": -234000000,
    "operatingIncomeRatio": -0.1573638198,
    "totalOtherIncomeExpensesNet": -87000000,
    "incomeBeforeTax": -321000000,
    "incomeBeforeTaxRatio": -0.215870881,
    "incomeTaxExpense": 0,
    "netIncome": -364000000,
    "netIncomeRatio": -0.2447881641,
    "eps": -0.6,
    "epsdiluted": -0.6,
    "weightedAverageShsOut": 606000000,
    "weightedAverageShsOutDil": 606000000,
    "link": "https://www.sec.gov/Archives/edgar/data/2488/000119312508105559/0001193125-08-105559-index.htm",
    "finalLink": "https://www.sec.gov/Archives/edgar/data/2488/000119312508105559/d10q.htm"
  },
  {
    "date": "2007-12-29",
    "symbol": "AMD",
    "reportedCurrency": "USD",
    "cik": "0000002488",
    "fillingDate": "2008-02-26",
    "acceptedDate": "2008-02-26 15:11:24",
    "calendarYear": "2007",
    "period": "Q4",
    "revenue": 1770000000,
    "costOfRevenue": 985000000,
    "grossProfit": 785000000,
    "grossProfitRatio": 0.4435028249,
    "researchAndDevelopmentExpenses": 473000000,
    "generalAndAdministrativeExpenses": 0,
    "sellingAndMarketingExpenses": 0,
    "sellingGeneralAndAdministrativeExpenses": 321000000,
    "otherExpenses": 1669000000,
    "operatingExpenses": 2463000000,
    "costAndExpenses": 3448000000,
    "interestIncome": 0,
    "interestExpense": 0,
    "depreciationAndAmortization": 291000000,
    "ebitda": -1387000000,
    "ebitdaratio": -0.7836158192,
    "operatingIncome": -1678000000,
    "operatingIncomeRatio": -0.9480225989,
    "totalOtherIncomeExpensesNet": 37000000,
    "incomeBeforeTax": -1641000000,
    "incomeBeforeTaxRatio": -0.9271186441,
    "incomeTaxExpense": -59000000,
    "netIncome": -1772000000,
    "netIncomeRatio": -1.0011299435,
    "eps": -3.04,
    "epsdiluted": -3.04,
    "weightedAverageShsOut": 582000000,
    "weightedAverageShsOutDil": 582000000,
    "link": "https://www.sec.gov/Archives/edgar/data/2488/000119312508038588/0001193125-08-038588-index.htm",
    "finalLink": "https://www.sec.gov/Archives/edgar/data/2488/000119312508038588/d10k.htm"
  },
  {
    "date": "2007-09-29",
    "symbol": "AMD",
    "reportedCurrency": "USD",
    "cik": "0000002488",
    "fillingDate": "2007-11-07",
    "acceptedDate": "2007-11-07 14:56:03",
    "calendarYear": "2007",
    "period": "Q3",
    "revenue": 1558000000,
    "costOfRevenue": 923000000,
    "grossProfit": 635000000,
    "grossProfitRatio": 0.4075738126,
    "researchAndDevelopmentExpenses": 431000000,
    "generalAndAdministrativeExpenses": 0,
    "sellingAndMarketingExpenses": 0,
    "sellingGeneralAndAdministrativeExpenses": 346000000,
    "otherExpenses": 39000000,
    "operatingExpenses": 816000000,
    "costAndExpenses": 1739000000,
    "interestIncome": 0,
    "interestExpense": 0,
    "depreciationAndAmortization": 334000000,
    "ebitda": 153000000,
    "ebitdaratio": 0.0982028241,
    "operatingIncome": -181000000,
    "operatingIncomeRatio": -0.1161745828,
    "totalOtherIncomeExpensesNet": -143000000,
    "incomeBeforeTax": -324000000,
    "incomeBeforeTaxRatio": -0.2079589217,
    "incomeTaxExpense": 20000000,
    "netIncome": -396000000,
    "netIncomeRatio": -0.2541720154,
    "eps": -0.71,
    "epsdiluted": -0.71,
    "weightedAverageShsOut": 554000000,
    "weightedAverageShsOutDil": 554000000,
    "link": "https://www.sec.gov/Archives/edgar/data/2488/000119312507238299/0001193125-07-238299-index.htm",
    "finalLink": "https://www.sec.gov/Archives/edgar/data/2488/000119312507238299/d10q.htm"
  },
  {
    "date": "2007-06-30",
    "symbol": "AMD",
    "reportedCurrency": "USD",
    "cik": "0000002488",
    "fillingDate": "2007-08-07",
    "acceptedDate": "2007-08-07 06:22:04",
    "calendarYear": "2007",
    "period": "Q2",
    "revenue": 1378000000,
    "costOfRevenue": 917000000,
    "grossProfit": 461000000,
    "grossProfitRatio": 0.3345428157,
    "researchAndDevelopmentExpenses": 475000000,
    "generalAndAdministrativeExpenses": 0,
    "sellingAndMarketingExpenses": 0,
    "sellingGeneralAndAdministrativeExpenses": 365000000,
    "otherExpenses": 78000000,
    "operatingExpenses": 918000000,
    "costAndExpenses": 1835000000,
    "interestIncome": 0,
    "interestExpense": 0,
    "depreciationAndAmortization": 326000000,
    "ebitda": -131000000,
    "ebitdaratio": -0.095065312,
    "operatingIncome": -457000000,
    "operatingIncomeRatio": -0.3316400581,
    "totalOtherIncomeExpensesNet": -111000000,
    "incomeBeforeTax": -568000000,
    "incomeBeforeTaxRatio": -0.412191582,
    "incomeTaxExpense": 32000000,
    "netIncome": -600000000,
    "netIncomeRatio": -0.435413643,
    "eps": -1.09,
    "epsdiluted": -1.09,
    "weightedAverageShsOut": 552000000,
    "weightedAverageShsOutDil": 552000000,
    "link": "https://www.sec.gov/Archives/edgar/data/2488/000119312507172819/0001193125-07-172819-index.htm",
    "finalLink": "https://www.sec.gov/Archives/edgar/data/2488/000119312507172819/d10q.htm"
  },
  {
    "date": "2007-03-31",
    "symbol": "AMD",
    "reportedCurrency": "USD",
    "cik": "0000002488",
    "fillingDate": "2007-05-09",
    "acceptedDate": "2007-05-09 16:22:07",
    "calendarYear": "2007",
    "period": "Q1",
    "revenue": 1233000000,
    "costOfRevenue": 886000000,
    "grossProfit": 347000000,
    "grossProfitRatio": 0.2814274128,
    "researchAndDevelopmentExpenses": 432000000,
    "generalAndAdministrativeExpenses": 0,
    "sellingAndMarketingExpenses": 0,
    "sellingGeneralAndAdministrativeExpenses": 335000000,
    "otherExpenses": 84000000,
    "operatingExpenses": 851000000,
    "costAndExpenses": 1737000000,
    "interestIncome": 0,
    "interestExpense": 0,
    "depreciationAndAmortization": 314000000,
    "ebitda": -190000000,
    "ebitdaratio": -0.1540957015,
    "operatingIncome": -504000000,
    "operatingIncomeRatio": -0.4087591241,
    "totalOtherIncomeExpensesNet": -84000000,
    "incomeBeforeTax": -588000000,
    "incomeBeforeTaxRatio": -0.4768856448,
    "incomeTaxExpense": 23000000,
    "netIncome": -611000000,
    "netIncomeRatio": -0.495539335,
    "eps": -1.11,
    "epsdiluted": -1.11,
    "weightedAverageShsOut": 549000000,
    "weightedAverageShsOutDil": 549000000,
    "link": "https://www.sec.gov/Archives/edgar/data/2488/000119312507108224/0001193125-07-108224-index.htm",
    "finalLink": "https://www.sec.gov/Archives/edgar/data/2488/000119312507108224/d10q.htm"
  },
  {
    "date": "2006-12-31",
    "symbol": "AMD",
    "reportedCurrency": "USD",
    "cik": "0000002488",
    "fillingDate": "2007-03-01",
    "acceptedDate": "2007-03-01 14:49:10",
    "calendarYear": "2006",
    "period": "Q4",
    "revenue": 1772853000,
    "costOfRevenue": 1131337000,
    "grossProfit": 641516000,
    "grossProfitRatio": 0.3618551566,
    "researchAndDevelopmentExpenses": 384770000,
    "generalAndAdministrativeExpenses": 0,
    "sellingAndMarketingExpenses": 0,
    "sellingGeneralAndAdministrativeExpenses": 288627000,
    "otherExpenses": 495000000,
    "operatingExpenses": 1168397000,
    "costAndExpenses": 2299734000,
    "interestIncome": 0,
    "interestExpense": 0,
    "depreciationAndAmortization": 380579000,
    "ebitda": 269698000,
    "ebitdaratio": 0.1521265441,
    "operatingIncome": -526881000,
    "operatingIncomeRatio": -0.2971938452,
    "totalOtherIncomeExpensesNet": -188052000,
    "incomeBeforeTax": -714933000,
    "incomeBeforeTaxRatio": -0.4032669375,
    "incomeTaxExpense": -9722000,
    "netIncome": -573826000,
    "netIncomeRatio": -0.323673762,
    "eps": -1.1,
    "epsdiluted": -1.1,
    "weightedAverageShsOut": 520500000,
    "weightedAverageShsOutDil": 520500000,
    "link": "https://www.sec.gov/Archives/edgar/data/2488/000119312507044191/0001193125-07-044191-index.htm",
    "finalLink": "https://www.sec.gov/Archives/edgar/data/2488/000119312507044191/d10k.htm"
  },
  {
    "date": "2006-10-01",
    "symbol": "AMD",
    "reportedCurrency": "USD",
    "cik": "0000002488",
    "fillingDate": "2006-11-09",
    "acceptedDate": "2006-11-09 17:15:28",
    "calendarYear": "2006",
    "period": "Q3",
    "revenue": 1328000000,
    "costOfRevenue": 645000000,
    "grossProfit": 683000000,
    "grossProfitRatio": 0.5143072289,
    "researchAndDevelopmentExpenses": 277000000,
    "generalAndAdministrativeExpenses": 0,
    "sellingAndMarketingExpenses": 0,
    "sellingGeneralAndAdministrativeExpenses": 279000000,
    "otherExpenses": 6000000,
    "operatingExpenses": 562000000,
    "costAndExpenses": 1207000000,
    "interestIncome": 0,
    "interestExpense": 0,
    "depreciationAndAmortization": 89538000,
    "ebitda": 210538000,
    "ebitdaratio": 0.1585376506,
    "operatingIncome": 121000000,
    "operatingIncomeRatio": 0.0911144578,
    "totalOtherIncomeExpensesNet": -6000000,
    "incomeBeforeTax": 115000000,
    "incomeBeforeTaxRatio": 0.0865963855,
    "incomeTaxExpense": -21000000,
    "netIncome": 136000000,
    "netIncomeRatio": 0.1024096386,
    "eps": 0.28,
    "epsdiluted": 0.27,
    "weightedAverageShsOut": 486000000,
    "weightedAverageShsOutDil": 497000000,
    "link": "https://www.sec.gov/Archives/edgar/data/2488/000119312506230604/0001193125-06-230604-index.htm",
    "finalLink": "https://www.sec.gov/Archives/edgar/data/2488/000119312506230604/d10q.htm"
  },
  {
    "date": "2006-07-02",
    "symbol": "AMD",
    "reportedCurrency": "USD",
    "cik": "0000002488",
    "fillingDate": "2006-08-11",
    "acceptedDate": "2006-08-10 17:57:16",
    "calendarYear": "2006",
    "period": "Q2",
    "revenue": 1216367000,
    "costOfRevenue": 526059000,
    "grossProfit": 690308000,
    "grossProfitRatio": 0.5675162184,
    "researchAndDevelopmentExpenses": 278674000,
    "generalAndAdministrativeExpenses": 0,
    "sellingAndMarketingExpenses": 0,
    "sellingGeneralAndAdministrativeExpenses": 309525000,
    "otherExpenses": 0,
    "operatingExpenses": 588199000,
    "costAndExpenses": 1114258000,
    "interestIncome": 0,
    "interestExpense": 0,
    "depreciationAndAmortization": 192462000,
    "ebitda": 294571000,
    "ebitdaratio": 0.2421727982,
    "operatingIncome": 102109000,
    "operatingIncomeRatio": 0.0839458815,
    "totalOtherIncomeExpensesNet": 24689000,
    "incomeBeforeTax": 126798000,
    "incomeBeforeTaxRatio": 0.1042432095,
    "incomeTaxExpense": 18301000,
    "netIncome": 88847000,
    "netIncomeRatio": 0.0730429221,
    "eps": 0.18,
    "epsdiluted": 0.18,
    "weightedAverageShsOut": 484541000,
    "weightedAverageShsOutDil": 500176000,
    "link": "https://www.sec.gov/Archives/edgar/data/2488/000119312506169620/0001193125-06-169620-index.htm",
    "finalLink": "https://www.sec.gov/Archives/edgar/data/2488/000119312506169620/d10q.htm"
  },
  {
    "date": "2006-03-26",
    "symbol": "AMD",
    "reportedCurrency": "USD",
    "cik": "0000002488",
    "fillingDate": "2006-05-05",
    "acceptedDate": "2006-05-04 20:17:54",
    "calendarYear": "2006",
    "period": "Q1",
    "revenue": 1332000000,
    "costOfRevenue": 553000000,
    "grossProfit": 779000000,
    "grossProfitRatio": 0.5848348348,
    "researchAndDevelopmentExpenses": 264000000,
    "generalAndAdministrativeExpenses": 0,
    "sellingAndMarketingExpenses": 0,
    "sellingGeneralAndAdministrativeExpenses": 256000000,
    "otherExpenses": 0,
    "operatingExpenses": 520000000,
    "costAndExpenses": 1073000000,
    "interestIncome": 0,
    "interestExpense": 0,
    "depreciationAndAmortization": 174000000,
    "ebitda": 433000000,
    "ebitdaratio": 0.3250750751,
    "operatingIncome": 259000000,
    "operatingIncomeRatio": 0.1944444444,
    "totalOtherIncomeExpensesNet": -39000000,
    "incomeBeforeTax": 220000000,
    "incomeBeforeTaxRatio": 0.1651651652,
    "incomeTaxExpense": 35000000,
    "netIncome": 185000000,
    "netIncomeRatio": 0.1388888889,
    "eps": 0.4,
    "epsdiluted": 0.38,
    "weightedAverageShsOut": 464080000,
    "weightedAverageShsOutDil": 495326000,
    "link": "https://www.sec.gov/Archives/edgar/data/2488/000119312506100731/0001193125-06-100731-index.htm",
    "finalLink": "https://www.sec.gov/Archives/edgar/data/2488/000119312506100731/d10q.htm"
  },
  {
    "date": "2005-12-25",
    "symbol": "AMD",
    "reportedCurrency": "USD",
    "cik": "0000002488",
    "fillingDate": "2006-02-27",
    "acceptedDate": "2006-02-27 17:17:21",
    "calendarYear": "2005",
    "period": "Q4",
    "revenue": 1838276000,
    "costOfRevenue": 986149000,
    "grossProfit": 852127000,
    "grossProfitRatio": 0.4635468232,
    "researchAndDevelopmentExpenses": 329301000,
    "generalAndAdministrativeExpenses": 0,
    "sellingAndMarketingExpenses": 0,
    "sellingGeneralAndAdministrativeExpenses": 317111000,
    "otherExpenses": 0,
    "operatingExpenses": 646412000,
    "costAndExpenses": 1632561000,
    "interestIncome": 0,
    "interestExpense": 0,
    "depreciationAndAmortization": 277258000,
    "ebitda": 482973000,
    "ebitdaratio": 0.2627314941,
    "operatingIncome": 205715000,
    "operatingIncomeRatio": 0.1119064819,
    "totalOtherIncomeExpensesNet": -24002000,
    "incomeBeforeTax": 181713000,
    "incomeBeforeTaxRatio": 0.0988496831,
    "incomeTaxExpense": -1284000,
    "netIncome": 95587000,
    "netIncomeRatio": 0.0519981766,
    "eps": 0.22,
    "epsdiluted": 0.2,
    "weightedAverageShsOut": 432042000,
    "weightedAverageShsOutDil": 468051000,
    "link": "https://www.sec.gov/Archives/edgar/data/2488/000119312506040130/0001193125-06-040130-index.htm",
    "finalLink": "https://www.sec.gov/Archives/edgar/data/2488/000119312506040130/d10k.htm"
  },
  {
    "date": "2005-09-25",
    "symbol": "AMD",
    "reportedCurrency": "USD",
    "cik": "0000002488",
    "fillingDate": "2005-11-03",
    "acceptedDate": "2005-11-03 14:28:40",
    "calendarYear": "2005",
    "period": "Q3",
    "revenue": 1522755000,
    "costOfRevenue": 896261000,
    "grossProfit": 626494000,
    "grossProfitRatio": 0.411421404,
    "researchAndDevelopmentExpenses": 289018000,
    "generalAndAdministrativeExpenses": 0,
    "sellingAndMarketingExpenses": 0,
    "sellingGeneralAndAdministrativeExpenses": 258748000,
    "otherExpenses": 0,
    "operatingExpenses": 547766000,
    "costAndExpenses": 1444027000,
    "interestIncome": 0,
    "interestExpense": 0,
    "depreciationAndAmortization": 290750000,
    "ebitda": 369478000,
    "ebitdaratio": 0.2426378505,
    "operatingIncome": 78728000,
    "operatingIncomeRatio": 0.0517010287,
    "totalOtherIncomeExpensesNet": -24561000,
    "incomeBeforeTax": 54167000,
    "incomeBeforeTaxRatio": 0.0355717105,
    "incomeTaxExpense": -606000,
    "netIncome": 76000000,
    "netIncomeRatio": 0.049909539,
    "eps": 0.19,
    "epsdiluted": 0.18,
    "weightedAverageShsOut": 399025000,
    "weightedAverageShsOutDil": 443681000,
    "link": "https://www.sec.gov/Archives/edgar/data/2488/000119312505215504/0001193125-05-215504-index.htm",
    "finalLink": "https://www.sec.gov/Archives/edgar/data/2488/000119312505215504/d10q.htm"
  },
  {
    "date": "2005-06-26",
    "symbol": "AMD",
    "reportedCurrency": "USD",
    "cik": "0000002488",
    "fillingDate": "2005-08-04",
    "acceptedDate": "2005-08-04 17:16:28",
    "calendarYear": "2005",
    "period": "Q2",
    "revenue": 1259918000,
    "costOfRevenue": 765954000,
    "grossProfit": 493964000,
    "grossProfitRatio": 0.3920604357,
    "researchAndDevelopmentExpenses": 272584000,
    "generalAndAdministrativeExpenses": 0,
    "sellingAndMarketingExpenses": 0,
    "sellingGeneralAndAdministrativeExpenses": 228511000,
    "otherExpenses": 0,
    "operatingExpenses": 501095000,
    "costAndExpenses": 1267049000,
    "interestIncome": 0,
    "interestExpense": 0,
    "depreciationAndAmortization": 318455000,
    "ebitda": 311324000,
    "ebitdaratio": 0.2470986207,
    "operatingIncome": -7131000,
    "operatingIncomeRatio": -0.0056598922,
    "totalOtherIncomeExpensesNet": -22555000,
    "incomeBeforeTax": -29686000,
    "incomeBeforeTaxRatio": -0.0235618509,
    "incomeTaxExpense": -3100000,
    "netIncome": 11319000,
    "netIncomeRatio": 0.008983918,
    "eps": 0.03,
    "epsdiluted": 0.03,
    "weightedAverageShsOut": 395414000,
    "weightedAverageShsOutDil": 405739000,
    "link": "https://www.sec.gov/Archives/edgar/data/2488/000119312505157905/0001193125-05-157905-index.htm",
    "finalLink": "https://www.sec.gov/Archives/edgar/data/2488/000119312505157905/d10q.htm"
  },
  {
    "date": "2005-03-27",
    "symbol": "AMD",
    "reportedCurrency": "USD",
    "cik": "0000002488",
    "fillingDate": "2005-05-06",
    "acceptedDate": "2005-05-06 16:46:46",
    "calendarYear": "2005",
    "period": "Q1",
    "revenue": 1226628000,
    "costOfRevenue": 807449000,
    "grossProfit": 419179000,
    "grossProfitRatio": 0.3417327829,
    "researchAndDevelopmentExpenses": 253122000,
    "generalAndAdministrativeExpenses": 0,
    "sellingAndMarketingExpenses": 0,
    "sellingGeneralAndAdministrativeExpenses": 211714000,
    "otherExpenses": 0,
    "operatingExpenses": 464836000,
    "costAndExpenses": 1272285000,
    "interestIncome": 0,
    "interestExpense": 0,
    "depreciationAndAmortization": 332881000,
    "ebitda": 287224000,
    "ebitdaratio": 0.234157381,
    "operatingIncome": -45657000,
    "operatingIncomeRatio": -0.0372215537,
    "totalOtherIncomeExpensesNet": -20271000,
    "incomeBeforeTax": -65928000,
    "incomeBeforeTaxRatio": -0.0537473464,
    "incomeTaxExpense": -1652000,
    "netIncome": -17423000,
    "netIncomeRatio": -0.0142039803,
    "eps": -0.0443,
    "epsdiluted": -0.0443,
    "weightedAverageShsOut": 393077000,
    "weightedAverageShsOutDil": 393077000,
    "link": "https://www.sec.gov/Archives/edgar/data/2488/000119312505099350/0001193125-05-099350-index.htm",
    "finalLink": "https://www.sec.gov/Archives/edgar/data/2488/000119312505099350/d10q.htm"
  },
  {
    "date": "2004-12-26",
    "symbol": "AMD",
    "reportedCurrency": "USD",
    "cik": "0000002488",
    "fillingDate": "2005-03-01",
    "acceptedDate": "2005-03-01 16:42:59",
    "calendarYear": "2004",
    "period": "Q4",
    "revenue": 1263706000,
    "costOfRevenue": 742650000,
    "grossProfit": 521056000,
    "grossProfitRatio": 0.4123237525,
    "researchAndDevelopmentExpenses": 252767000,
    "generalAndAdministrativeExpenses": 0,
    "sellingAndMarketingExpenses": 0,
    "sellingGeneralAndAdministrativeExpenses": 245622000,
    "otherExpenses": 3942000,
    "operatingExpenses": 502331000,
    "costAndExpenses": 1244981000,
    "interestIncome": 0,
    "interestExpense": 0,
    "depreciationAndAmortization": 329148000,
    "ebitda": 350815000,
    "ebitdaratio": 0.2776080829,
    "operatingIncome": 18725000,
    "operatingIncomeRatio": 0.0148175288,
    "totalOtherIncomeExpensesNet": -70500000,
    "incomeBeforeTax": -51775000,
    "incomeBeforeTaxRatio": -0.0409707638,
    "incomeTaxExpense": -4981000,
    "netIncome": -29963000,
    "netIncomeRatio": -0.02371042,
    "eps": -0.0797,
    "epsdiluted": -0.0784,
    "weightedAverageShsOut": 375981500,
    "weightedAverageShsOutDil": 382071500,
    "link": "https://www.sec.gov/Archives/edgar/data/2488/000119312505039876/0001193125-05-039876-index.htm",
    "finalLink": "https://www.sec.gov/Archives/edgar/data/2488/000119312505039876/d10k.htm"
  },
  {
    "date": "2004-09-26",
    "symbol": "AMD",
    "reportedCurrency": "USD",
    "cik": "0000002488",
    "fillingDate": "2004-11-04",
    "acceptedDate": "2004-11-04 17:26:44",
    "calendarYear": "2004",
    "period": "Q3",
    "revenue": 1239459000,
    "costOfRevenue": 738026000,
    "grossProfit": 501433000,
    "grossProfitRatio": 0.4045579563,
    "researchAndDevelopmentExpenses": 230896000,
    "generalAndAdministrativeExpenses": 0,
    "sellingAndMarketingExpenses": 0,
    "sellingGeneralAndAdministrativeExpenses": 202179000,
    "otherExpenses": 0,
    "operatingExpenses": 433075000,
    "costAndExpenses": 1171101000,
    "interestIncome": 0,
    "interestExpense": 0,
    "depreciationAndAmortization": 304731000,
    "ebitda": 373089000,
    "ebitdaratio": 0.3010095534,
    "operatingIncome": 68358000,
    "operatingIncomeRatio": 0.0551514814,
    "totalOtherIncomeExpensesNet": -22646000,
    "incomeBeforeTax": 45712000,
    "incomeBeforeTaxRatio": 0.0368806068,
    "incomeTaxExpense": 4872000,
    "netIncome": 43848000,
    "netIncomeRatio": 0.0353767248,
    "eps": 0.12,
    "epsdiluted": 0.12,
    "weightedAverageShsOut": 355254000,
    "weightedAverageShsOutDil": 417576000,
    "link": "https://www.sec.gov/Archives/edgar/data/2488/000119312504186500/0001193125-04-186500-index.htm",
    "finalLink": "https://www.sec.gov/Archives/edgar/data/2488/000119312504186500/d10q.htm"
  },
  {
    "date": "2004-06-27",
    "symbol": "AMD",
    "reportedCurrency": "USD",
    "cik": "0000002488",
    "fillingDate": "2004-08-05",
    "acceptedDate": "2004-08-05 17:31:09",
    "calendarYear": "2004",
    "period": "Q2",
    "revenue": 1261837000,
    "costOfRevenue": 783069000,
    "grossProfit": 478768000,
    "grossProfitRatio": 0.3794214308,
    "researchAndDevelopmentExpenses": 224821000,
    "generalAndAdministrativeExpenses": 0,
    "sellingAndMarketingExpenses": 0,
    "sellingGeneralAndAdministrativeExpenses": 178993000,
    "otherExpenses": 2514000,
    "operatingExpenses": 406328000,
    "costAndExpenses": 1189397000,
    "interestIncome": 0,
    "interestExpense": 0,
    "depreciationAndAmortization": 292393000,
    "ebitda": 367347000,
    "ebitdaratio": 0.2911208024,
    "operatingIncome": 72440000,
    "operatingIncomeRatio": 0.0574083657,
    "totalOtherIncomeExpensesNet": -30159000,
    "incomeBeforeTax": 42281000,
    "incomeBeforeTaxRatio": 0.0335074974,
    "incomeTaxExpense": 3574000,
    "netIncome": 32180000,
    "netIncomeRatio": 0.0255025015,
    "eps": 0.09,
    "epsdiluted": 0.09,
    "weightedAverageShsOut": 353655000,
    "weightedAverageShsOutDil": 420053000,
    "link": "https://www.sec.gov/Archives/edgar/data/2488/000119312504132797/0001193125-04-132797-index.htm",
    "finalLink": "https://www.sec.gov/Archives/edgar/data/2488/000119312504132797/d10q.htm"
  },
  {
    "date": "2004-03-28",
    "symbol": "AMD",
    "reportedCurrency": "USD",
    "cik": "0000002488",
    "fillingDate": "2004-05-06",
    "acceptedDate": "2004-05-06 17:09:54",
    "calendarYear": "2004",
    "period": "Q1",
    "revenue": 1236433000,
    "costOfRevenue": 768840000,
    "grossProfit": 467593000,
    "grossProfitRatio": 0.3781790036,
    "researchAndDevelopmentExpenses": 226090000,
    "generalAndAdministrativeExpenses": 0,
    "sellingAndMarketingExpenses": 0,
    "sellingGeneralAndAdministrativeExpenses": 180217000,
    "otherExpenses": 0,
    "operatingExpenses": 406307000,
    "costAndExpenses": 1175147000,
    "interestIncome": 0,
    "interestExpense": 0,
    "depreciationAndAmortization": 297980000,
    "ebitda": 359266000,
    "ebitdaratio": 0.2905664925,
    "operatingIncome": 61286000,
    "operatingIncomeRatio": 0.049566778,
    "totalOtherIncomeExpensesNet": -13822000,
    "incomeBeforeTax": 47464000,
    "incomeBeforeTaxRatio": 0.0383878463,
    "incomeTaxExpense": 2373000,
    "netIncome": 45091000,
    "netIncomeRatio": 0.0364686158,
    "eps": 0.13,
    "epsdiluted": 0.12,
    "weightedAverageShsOut": 351328000,
    "weightedAverageShsOutDil": 417963000,
    "link": "https://www.sec.gov/Archives/edgar/data/2488/000119312504080712/0001193125-04-080712-index.htm",
    "finalLink": "https://www.sec.gov/Archives/edgar/data/2488/000119312504080712/d10q.htm"
  },
  {
    "date": "2003-12-28",
    "symbol": "AMD",
    "reportedCurrency": "USD",
    "cik": "0000002488",
    "fillingDate": "2004-03-09",
    "acceptedDate": "2004-03-09 15:11:42",
    "calendarYear": "2003",
    "period": "Q4",
    "revenue": 1205593000,
    "costOfRevenue": 778507000,
    "grossProfit": 427086000,
    "grossProfitRatio": 0.3542538817,
    "researchAndDevelopmentExpenses": 226503000,
    "generalAndAdministrativeExpenses": 0,
    "sellingAndMarketingExpenses": 0,
    "sellingGeneralAndAdministrativeExpenses": 162807000,
    "otherExpenses": -8039000,
    "operatingExpenses": 381271000,
    "costAndExpenses": 1159778000,
    "interestIncome": 0,
    "interestExpense": 0,
    "depreciationAndAmortization": 287311000,
    "ebitda": 325087000,
    "ebitdaratio": 0.2696490441,
    "operatingIncome": 45815000,
    "operatingIncomeRatio": 0.0380020455,
    "totalOtherIncomeExpensesNet": 22731000,
    "incomeBeforeTax": 68546000,
    "incomeBeforeTaxRatio": 0.0568566672,
    "incomeTaxExpense": 0,
    "netIncome": 43193000,
    "netIncomeRatio": 0.0358271821,
    "eps": 0.12,
    "epsdiluted": 0.11,
    "weightedAverageShsOut": 349131000,
    "weightedAverageShsOutDil": 382448500,
    "link": "https://www.sec.gov/Archives/edgar/data/2488/000119312504037179/0001193125-04-037179-index.htm",
    "finalLink": "https://www.sec.gov/Archives/edgar/data/2488/000119312504037179/d10k.htm"
  },
  {
    "date": "2003-09-28",
    "symbol": "AMD",
    "reportedCurrency": "USD",
    "cik": "0000002488",
    "fillingDate": "2003-11-12",
    "acceptedDate": "2003-11-12 15:50:05",
    "calendarYear": "2003",
    "period": "Q3",
    "revenue": 953759000,
    "costOfRevenue": 626880000,
    "grossProfit": 326879000,
    "grossProfitRatio": 0.3427270411,
    "researchAndDevelopmentExpenses": 213997000,
    "generalAndAdministrativeExpenses": 0,
    "sellingAndMarketingExpenses": 0,
    "sellingGeneralAndAdministrativeExpenses": 151111000,
    "otherExpenses": -8000000,
    "operatingExpenses": 357108000,
    "costAndExpenses": 983988000,
    "interestIncome": 0,
    "interestExpense": 0,
    "depreciationAndAmortization": 285030000,
    "ebitda": 246801000,
    "ebitdaratio": 0.2587666276,
    "operatingIncome": -30229000,
    "operatingIncomeRatio": -0.0316945895,
    "totalOtherIncomeExpensesNet": -26355000,
    "incomeBeforeTax": -56584000,
    "incomeBeforeTaxRatio": -0.0593273563,
    "incomeTaxExpense": 0,
    "netIncome": -31231000,
    "netIncomeRatio": -0.0327451694,
    "eps": -0.0899,
    "epsdiluted": -0.0899,
    "weightedAverageShsOut": 347334000,
    "weightedAverageShsOutDil": 347334000,
    "link": "https://www.sec.gov/Archives/edgar/data/2488/000119312503078414/0001193125-03-078414-index.htm",
    "finalLink": "https://www.sec.gov/Archives/edgar/data/2488/000119312503078414/d10q.htm"
  },
  {
    "date": "2003-06-29",
    "symbol": "AMD",
    "reportedCurrency": "USD",
    "cik": "0000002488",
    "fillingDate": "2003-08-12",
    "acceptedDate": "2003-08-12 11:21:12",
    "calendarYear": "2003",
    "period": "Q2",
    "revenue": 645261000,
    "costOfRevenue": 425085000,
    "grossProfit": 220176000,
    "grossProfitRatio": 0.3412200644,
    "researchAndDevelopmentExpenses": 208513000,
    "generalAndAdministrativeExpenses": 0,
    "sellingAndMarketingExpenses": 0,
    "sellingGeneralAndAdministrativeExpenses": 135161000,
    "otherExpenses": 0,
    "operatingExpenses": 343674000,
    "costAndExpenses": 768759000,
    "interestIncome": 0,
    "interestExpense": 0,
    "depreciationAndAmortization": 213568000,
    "ebitda": 90070000,
    "ebitdaratio": 0.1395869268,
    "operatingIncome": -123498000,
    "operatingIncomeRatio": -0.1913923203,
    "totalOtherIncomeExpensesNet": -16598000,
    "incomeBeforeTax": -140096000,
    "incomeBeforeTaxRatio": -0.2171152448,
    "incomeTaxExpense": 0,
    "netIncome": -140096000,
    "netIncomeRatio": -0.2171152448,
    "eps": -0.4,
    "epsdiluted": -0.4,
    "weightedAverageShsOut": 346320000,
    "weightedAverageShsOutDil": 346320000,
    "link": "https://www.sec.gov/Archives/edgar/data/2488/000119312503033907/0001193125-03-033907-index.htm",
    "finalLink": "https://www.sec.gov/Archives/edgar/data/2488/000119312503033907/d10q.htm"
  },
  {
    "date": "2003-03-30",
    "symbol": "AMD",
    "reportedCurrency": "USD",
    "cik": "0000002488",
    "fillingDate": "2003-05-13",
    "acceptedDate": "2003-05-13 12:50:30",
    "calendarYear": "2003",
    "period": "Q1",
    "revenue": 714555000,
    "costOfRevenue": 496592000,
    "grossProfit": 217963000,
    "grossProfitRatio": 0.3050332025,
    "researchAndDevelopmentExpenses": 203062000,
    "generalAndAdministrativeExpenses": 0,
    "sellingAndMarketingExpenses": 0,
    "sellingGeneralAndAdministrativeExpenses": 138228000,
    "otherExpenses": 2146000,
    "operatingExpenses": 343436000,
    "costAndExpenses": 840028000,
    "interestIncome": 0,
    "interestExpense": 0,
    "depreciationAndAmortization": 209754000,
    "ebitda": 86427000,
    "ebitdaratio": 0.120952201,
    "operatingIncome": -125473000,
    "operatingIncomeRatio": -0.1755960003,
    "totalOtherIncomeExpensesNet": -19065000,
    "incomeBeforeTax": -144538000,
    "incomeBeforeTaxRatio": -0.2022769416,
    "incomeTaxExpense": 2936000,
    "netIncome": -146356000,
    "netIncomeRatio": -0.2048211824,
    "eps": -0.42,
    "epsdiluted": -0.42,
    "weightedAverageShsOut": 345012000,
    "weightedAverageShsOutDil": 345012000,
    "link": "https://www.sec.gov/Archives/edgar/data/2488/000101287003002509/0001012870-03-002509-index.htm",
    "finalLink": "https://www.sec.gov/Archives/edgar/data/2488/000101287003002509/d10q.htm"
  },
  {
    "date": "2002-12-29",
    "symbol": "AMD",
    "reportedCurrency": "USD",
    "cik": "0000002488",
    "fillingDate": "2003-03-14",
    "acceptedDate": "2003-03-14 17:05:36",
    "calendarYear": "2002",
    "period": "Q4",
    "revenue": 686430000,
    "costOfRevenue": 506613000,
    "grossProfit": 179817000,
    "grossProfitRatio": 0.2619597046,
    "researchAndDevelopmentExpenses": 244848000,
    "generalAndAdministrativeExpenses": 0,
    "sellingAndMarketingExpenses": 0,
    "sellingGeneralAndAdministrativeExpenses": 194389000,
    "otherExpenses": 330575000,
    "operatingExpenses": 769812000,
    "costAndExpenses": 1276425000,
    "interestIncome": 0,
    "interestExpense": 0,
    "depreciationAndAmortization": 199867000,
    "ebitda": -59553000,
    "ebitdaratio": -0.0867575718,
    "operatingIncome": -589995000,
    "operatingIncomeRatio": -0.8595122591,
    "totalOtherIncomeExpensesNet": -21304000,
    "incomeBeforeTax": -611299000,
    "incomeBeforeTaxRatio": -0.8905481987,
    "incomeTaxExpense": 243470000,
    "netIncome": -854740000,
    "netIncomeRatio": -1.2451961598,
    "eps": -2.49,
    "epsdiluted": -2.49,
    "weightedAverageShsOut": 343506000,
    "weightedAverageShsOutDil": 343506000,
    "link": "https://www.sec.gov/Archives/edgar/data/2488/000101287003001181/0001012870-03-001181-index.htm",
    "finalLink": "https://www.sec.gov/Archives/edgar/data/2488/000101287003001181/d10k.htm"
  },
  {
    "date": "2002-09-29",
    "symbol": "AMD",
    "reportedCurrency": "USD",
    "cik": "0000002488",
    "fillingDate": "2002-11-13",
    "acceptedDate": "2002-11-13 08:47:26",
    "calendarYear": "2002",
    "period": "Q3",
    "revenue": 508227000,
    "costOfRevenue": 453884000,
    "grossProfit": 54343000,
    "grossProfitRatio": 0.1069266292,
    "researchAndDevelopmentExpenses": 220959000,
    "generalAndAdministrativeExpenses": 0,
    "sellingAndMarketingExpenses": 0,
    "sellingGeneralAndAdministrativeExpenses": 158568000,
    "otherExpenses": 0,
    "operatingExpenses": 379527000,
    "costAndExpenses": 833411000,
    "interestIncome": 0,
    "interestExpense": 0,
    "depreciationAndAmortization": 199087000,
    "ebitda": -126097000,
    "ebitdaratio": -0.2481115722,
    "operatingIncome": -325184000,
    "operatingIncomeRatio": -0.6398400715,
    "totalOtherIncomeExpensesNet": -8225000,
    "incomeBeforeTax": -333409000,
    "incomeBeforeTaxRatio": -0.6560237846,
    "incomeTaxExpense": -73350000,
    "netIncome": -254171000,
    "netIncomeRatio": -0.5001131384,
    "eps": -0.74,
    "epsdiluted": -0.74,
    "weightedAverageShsOut": 342780000,
    "weightedAverageShsOutDil": 342780000,
    "link": "https://www.sec.gov/Archives/edgar/data/2488/000101287002004351/0001012870-02-004351-index.htm",
    "finalLink": "https://www.sec.gov/Archives/edgar/data/2488/000101287002004351/d10q.htm"
  },
  {
    "date": "2002-06-30",
    "symbol": "AMD",
    "reportedCurrency": "USD",
    "cik": "0000002488",
    "fillingDate": "2002-08-13",
    "acceptedDate": "2002-08-13 08:49:37",
    "calendarYear": "2002",
    "period": "Q2",
    "revenue": 600299000,
    "costOfRevenue": 558290000,
    "grossProfit": 42009000,
    "grossProfitRatio": 0.0699801266,
    "researchAndDevelopmentExpenses": 178425000,
    "generalAndAdministrativeExpenses": 0,
    "sellingAndMarketingExpenses": 0,
    "sellingGeneralAndAdministrativeExpenses": 160248000,
    "otherExpenses": 0,
    "operatingExpenses": 338673000,
    "costAndExpenses": 896963000,
    "interestIncome": 0,
    "interestExpense": 0,
    "depreciationAndAmortization": 183108000,
    "ebitda": -113556000,
    "ebitdaratio": -0.1891657324,
    "operatingIncome": -296664000,
    "operatingIncomeRatio": -0.4941937268,
    "totalOtherIncomeExpensesNet": -7068000,
    "incomeBeforeTax": -303732000,
    "incomeBeforeTaxRatio": -0.5059678594,
    "incomeTaxExpense": -121493000,
    "netIncome": -184938000,
    "netIncomeRatio": -0.3080764752,
    "eps": -0.54,
    "epsdiluted": -0.54,
    "weightedAverageShsOut": 341782000,
    "weightedAverageShsOutDil": 341782000,
    "link": "https://www.sec.gov/Archives/edgar/data/2488/000101287002003406/0001012870-02-003406-index.htm",
    "finalLink": "https://www.sec.gov/Archives/edgar/data/2488/000101287002003406/d10q.htm"
  },
  {
    "date": "2002-03-31",
    "symbol": "AMD",
    "reportedCurrency": "USD",
    "cik": "0000002488",
    "fillingDate": "2002-05-13",
    "acceptedDate": "2002-05-10 19:12:00",
    "calendarYear": "2002",
    "period": "Q1",
    "revenue": 902073000,
    "costOfRevenue": 586874000,
    "grossProfit": 315199000,
    "grossProfitRatio": 0.3494162889,
    "researchAndDevelopmentExpenses": 171882000,
    "generalAndAdministrativeExpenses": 0,
    "sellingAndMarketingExpenses": 0,
    "sellingGeneralAndAdministrativeExpenses": 156860000,
    "otherExpenses": 0,
    "operatingExpenses": 328742000,
    "costAndExpenses": 915616000,
    "interestIncome": 0,
    "interestExpense": 0,
    "depreciationAndAmortization": 174107000,
    "ebitda": 160564000,
    "ebitdaratio": 0.1779944639,
    "operatingIncome": -13543000,
    "operatingIncomeRatio": -0.0150131974,
    "totalOtherIncomeExpensesNet": -2620000,
    "incomeBeforeTax": -16163000,
    "incomeBeforeTaxRatio": -0.0179176186,
    "incomeTaxExpense": -4041000,
    "netIncome": -9163000,
    "netIncomeRatio": -0.0101577145,
    "eps": -0.0269,
    "epsdiluted": -0.0269,
    "weightedAverageShsOut": 340806000,
    "weightedAverageShsOutDil": 340806000,
    "link": "https://www.sec.gov/Archives/edgar/data/2488/000101287002002217/0001012870-02-002217-index.htm",
    "finalLink": "https://www.sec.gov/Archives/edgar/data/2488/000101287002002217/d10q.htm"
  },
  {
    "date": "2001-12-30",
    "symbol": "AMD",
    "reportedCurrency": "USD",
    "cik": "0000002488",
    "fillingDate": "2002-03-07",
    "acceptedDate": "2002-03-07 00:00:00",
    "calendarYear": "2001",
    "period": "Q4",
    "revenue": 951873000,
    "costOfRevenue": 644662000,
    "grossProfit": 307211000,
    "grossProfitRatio": 0.3227436853,
    "researchAndDevelopmentExpenses": 160871000,
    "generalAndAdministrativeExpenses": 0,
    "sellingAndMarketingExpenses": 0,
    "sellingGeneralAndAdministrativeExpenses": 163684000,
    "otherExpenses": 0,
    "operatingExpenses": 324555000,
    "costAndExpenses": 969217000,
    "interestIncome": 0,
    "interestExpense": 0,
    "depreciationAndAmortization": 150478000,
    "ebitda": 133134000,
    "ebitdaratio": 0.1398652972,
    "operatingIncome": -17344000,
    "operatingIncomeRatio": -0.0182209181,
    "totalOtherIncomeExpensesNet": -3786000,
    "incomeBeforeTax": -21130000,
    "incomeBeforeTaxRatio": -0.0221983395,
    "incomeTaxExpense": -5705000,
    "netIncome": -15842000,
    "netIncomeRatio": -0.0166429765,
    "eps": -0.0471,
    "epsdiluted": -0.0471,
    "weightedAverageShsOut": 336606500,
    "weightedAverageShsOutDil": 336606500,
    "link": "https://www.sec.gov/Archives/edgar/data/2488/000101287002001071/0001012870-02-001071-index.htm",
    "finalLink": "https://www.sec.gov/Archives/edgar/data/2488/000101287002001071/d10k.txt"
  },
  {
    "date": "2001-09-30",
    "symbol": "AMD",
    "reportedCurrency": "USD",
    "cik": "0000002488",
    "fillingDate": "2001-11-14",
    "acceptedDate": "2001-11-14 00:00:00",
    "calendarYear": "2001",
    "period": "Q3",
    "revenue": 765870000,
    "costOfRevenue": 594056000,
    "grossProfit": 171814000,
    "grossProfitRatio": 0.2243383342,
    "researchAndDevelopmentExpenses": 161185000,
    "generalAndAdministrativeExpenses": 0,
    "sellingAndMarketingExpenses": 0,
    "sellingGeneralAndAdministrativeExpenses": 150918000,
    "otherExpenses": 89305000,
    "operatingExpenses": 401408000,
    "costAndExpenses": 995464000,
    "interestIncome": 0,
    "interestExpense": 0,
    "depreciationAndAmortization": 160013000,
    "ebitda": 19724000,
    "ebitdaratio": 0.025753718,
    "operatingIncome": -229594000,
    "operatingIncomeRatio": -0.2997819473,
    "totalOtherIncomeExpensesNet": -21166000,
    "incomeBeforeTax": -250760000,
    "incomeBeforeTaxRatio": -0.3274184914,
    "incomeTaxExpense": -65018000,
    "netIncome": -186929000,
    "netIncomeRatio": -0.2440740596,
    "eps": -0.54,
    "epsdiluted": -0.54,
    "weightedAverageShsOut": 345044000,
    "weightedAverageShsOutDil": 345044000,
    "link": "https://www.sec.gov/Archives/edgar/data/2488/000101287001502805/0001012870-01-502805-index.htm",
    "finalLink": "https://www.sec.gov/Archives/edgar/data/2488/000101287001502805/d10q.txt"
  },
  {
    "date": "2001-07-01",
    "symbol": "AMD",
    "reportedCurrency": "USD",
    "cik": "0000002488",
    "fillingDate": "2001-08-10",
    "acceptedDate": "2001-08-10 00:00:00",
    "calendarYear": "2001",
    "period": "Q2",
    "revenue": 985264000,
    "costOfRevenue": 636199000,
    "grossProfit": 349065000,
    "grossProfitRatio": 0.3542857549,
    "researchAndDevelopmentExpenses": 171114000,
    "generalAndAdministrativeExpenses": 0,
    "sellingAndMarketingExpenses": 0,
    "sellingGeneralAndAdministrativeExpenses": 156291000,
    "otherExpenses": 0,
    "operatingExpenses": 327405000,
    "costAndExpenses": 963604000,
    "interestIncome": 0,
    "interestExpense": 0,
    "depreciationAndAmortization": 159443000,
    "ebitda": 181103000,
    "ebitdaratio": 0.1838116485,
    "operatingIncome": 21660000,
    "operatingIncomeRatio": 0.0219839556,
    "totalOtherIncomeExpensesNet": -7891000,
    "incomeBeforeTax": 13769000,
    "incomeBeforeTaxRatio": 0.0139749346,
    "incomeTaxExpense": 3717000,
    "netIncome": 17352000,
    "netIncomeRatio": 0.0176115234,
    "eps": 0.05,
    "epsdiluted": 0.05,
    "weightedAverageShsOut": 330120000,
    "weightedAverageShsOutDil": 340533000,
    "link": "https://www.sec.gov/Archives/edgar/data/2488/000101287001501532/0001012870-01-501532-index.htm",
    "finalLink": "https://www.sec.gov/Archives/edgar/data/2488/000101287001501532/d10q.txt"
  },
  {
    "date": "2001-04-01",
    "symbol": "AMD",
    "reportedCurrency": "USD",
    "cik": "0000002488",
    "fillingDate": "2001-05-15",
    "acceptedDate": "2001-05-15 00:00:00",
    "calendarYear": "2001",
    "period": "Q1",
    "revenue": 1188747000,
    "costOfRevenue": 714830000,
    "grossProfit": 473917000,
    "grossProfitRatio": 0.3986693552,
    "researchAndDevelopmentExpenses": 157760000,
    "generalAndAdministrativeExpenses": 0,
    "sellingAndMarketingExpenses": 0,
    "sellingGeneralAndAdministrativeExpenses": 149138000,
    "otherExpenses": 0,
    "operatingExpenses": 306898000,
    "costAndExpenses": 1021728000,
    "interestIncome": 0,
    "interestExpense": 0,
    "depreciationAndAmortization": 152933000,
    "ebitda": 319952000,
    "ebitdaratio": 0.2691506267,
    "operatingIncome": 167019000,
    "operatingIncomeRatio": 0.1405000391,
    "totalOtherIncomeExpensesNet": -2822000,
    "incomeBeforeTax": 164197000,
    "incomeBeforeTaxRatio": 0.1381261109,
    "incomeTaxExpense": 52543000,
    "netIncome": 124837000,
    "netIncomeRatio": 0.1050156173,
    "eps": 0.4,
    "epsdiluted": 0.37,
    "weightedAverageShsOut": 314347000,
    "weightedAverageShsOutDil": 351785000,
    "link": "https://www.sec.gov/Archives/edgar/data/2488/000101287001500838/0001012870-01-500838-index.htm",
    "finalLink": "https://www.sec.gov/Archives/edgar/data/2488/000101287001500838/d10q.txt"
  },
  {
    "date": "2000-12-31",
    "symbol": "AMD",
    "reportedCurrency": "USD",
    "cik": "0000002488",
    "fillingDate": "2001-03-20",
    "acceptedDate": "2001-03-20 00:00:00",
    "calendarYear": "2000",
    "period": "Q4",
    "revenue": 1175172000,
    "costOfRevenue": 657303000,
    "grossProfit": 517869000,
    "grossProfitRatio": 0.4406750671,
    "researchAndDevelopmentExpenses": 162087000,
    "generalAndAdministrativeExpenses": 0,
    "sellingAndMarketingExpenses": 0,
    "sellingGeneralAndAdministrativeExpenses": 160756000,
    "otherExpenses": 0,
    "operatingExpenses": 322843000,
    "costAndExpenses": 980146000,
    "interestIncome": 0,
    "interestExpense": 0,
    "depreciationAndAmortization": 149609000,
    "ebitda": 344635000,
    "ebitdaratio": 0.2932634542,
    "operatingIncome": 195026000,
    "operatingIncomeRatio": 0.1659552814,
    "totalOtherIncomeExpensesNet": 5517000,
    "incomeBeforeTax": 200543000,
    "incomeBeforeTaxRatio": 0.1706499134,
    "incomeTaxExpense": 30081000,
    "netIncome": 177968000,
    "netIncomeRatio": 0.1514399594,
    "eps": 0.57,
    "epsdiluted": 0.51,
    "weightedAverageShsOut": 311839000,
    "weightedAverageShsOutDil": 350892500,
    "link": "https://www.sec.gov/Archives/edgar/data/2488/000101287001001228/0001012870-01-001228-index.htm",
    "finalLink": "https://www.sec.gov/Archives/edgar/data/2488/000101287001001228/0001012870-01-001228-0001.txt"
  },
  {
    "date": "2000-10-01",
    "symbol": "AMD",
    "reportedCurrency": "USD",
    "cik": "0000002488",
    "fillingDate": "2000-11-13",
    "acceptedDate": "2000-11-13 00:00:00",
    "calendarYear": "2000",
    "period": "Q3",
    "revenue": 1206549000,
    "costOfRevenue": 639010000,
    "grossProfit": 567539000,
    "grossProfitRatio": 0.4703820566,
    "researchAndDevelopmentExpenses": 162764000,
    "generalAndAdministrativeExpenses": 0,
    "sellingAndMarketingExpenses": 0,
    "sellingGeneralAndAdministrativeExpenses": 141931000,
    "otherExpenses": 0,
    "operatingExpenses": 304695000,
    "costAndExpenses": 943705000,
    "interestIncome": 0,
    "interestExpense": 0,
    "depreciationAndAmortization": 153758000,
    "ebitda": 416602000,
    "ebitdaratio": 0.3452839462,
    "operatingIncome": 262844000,
    "operatingIncomeRatio": 0.2178477625,
    "totalOtherIncomeExpensesNet": 339306000,
    "incomeBeforeTax": 602150000,
    "incomeBeforeTaxRatio": 0.499068003,
    "incomeTaxExpense": 175009000,
    "netIncome": 408567000,
    "netIncomeRatio": 0.338624457,
    "eps": 1.31,
    "epsdiluted": 1.31,
    "weightedAverageShsOut": 311943000,
    "weightedAverageShsOutDil": 352893000,
    "link": "https://www.sec.gov/Archives/edgar/data/2488/000101287000005706/0001012870-00-005706-index.htm",
    "finalLink": "https://www.sec.gov/Archives/edgar/data/2488/000101287000005706/0001012870-00-005706-0001.txt"
  },
  {
    "date": "2000-07-02",
    "symbol": "AMD",
    "reportedCurrency": "USD",
    "cik": "0000002488",
    "fillingDate": "2000-08-16",
    "acceptedDate": "2000-08-16 00:00:00",
    "calendarYear": "2000",
    "period": "Q2",
    "revenue": 1170437000,
    "costOfRevenue": 464756000,
    "grossProfit": 705681000,
    "grossProfitRatio": 0.6029209603,
    "researchAndDevelopmentExpenses": 155651000,
    "generalAndAdministrativeExpenses": 0,
    "sellingAndMarketingExpenses": 0,
    "sellingGeneralAndAdministrativeExpenses": 152022000,
    "otherExpenses": 147811000,
    "operatingExpenses": 455484000,
    "costAndExpenses": 920240000,
    "interestIncome": 0,
    "interestExpense": 0,
    "depreciationAndAmortization": 147811000,
    "ebitda": 398008000,
    "ebitdaratio": 0.3400507674,
    "operatingIncome": 250197000,
    "operatingIncomeRatio": 0.2137637481,
    "totalOtherIncomeExpensesNet": 8723000,
    "incomeBeforeTax": 258920000,
    "incomeBeforeTaxRatio": 0.22121652,
    "incomeTaxExpense": 51778000,
    "netIncome": 207144000,
    "netIncomeRatio": 0.176980051,
    "eps": 0.67,
    "epsdiluted": 0.61,
    "weightedAverageShsOut": 309116000,
    "weightedAverageShsOutDil": 352437000,
    "link": "https://www.sec.gov/Archives/edgar/data/2488/000101287000004459/0001012870-00-004459-index.htm",
    "finalLink": "https://www.sec.gov/Archives/edgar/data/2488/000101287000004459/0001012870-00-004459-0001.txt"
  },
  {
    "date": "2000-04-02",
    "symbol": "AMD",
    "reportedCurrency": "USD",
    "cik": "0000002488",
    "fillingDate": "2000-05-17",
    "acceptedDate": "2000-05-17 00:00:00",
    "calendarYear": "2000",
    "period": "Q1",
    "revenue": 1092029000,
    "costOfRevenue": 605757000,
    "grossProfit": 486272000,
    "grossProfitRatio": 0.4452922038,
    "researchAndDevelopmentExpenses": 161297000,
    "generalAndAdministrativeExpenses": 0,
    "sellingAndMarketingExpenses": 0,
    "sellingGeneralAndAdministrativeExpenses": 144306000,
    "otherExpenses": 0,
    "operatingExpenses": 305603000,
    "costAndExpenses": 911360000,
    "interestIncome": 0,
    "interestExpense": 0,
    "depreciationAndAmortization": 127892000,
    "ebitda": 308561000,
    "ebitdaratio": 0.2825575145,
    "operatingIncome": 180669000,
    "operatingIncomeRatio": 0.1654434086,
    "totalOtherIncomeExpensesNet": 0,
    "incomeBeforeTax": 180669000,
    "incomeBeforeTaxRatio": 0.1654434086,
    "incomeTaxExpense": 0,
    "netIncome": 189349000,
    "netIncomeRatio": 0.1733919154,
    "eps": 0.63,
    "epsdiluted": 0.58,
    "weightedAverageShsOut": 301760000,
    "weightedAverageShsOutDil": 343884000,
    "link": "https://www.sec.gov/Archives/edgar/data/2488/000101287000002943/0001012870-00-002943-index.html",
    "finalLink": "https://www.sec.gov/Archives/edgar/data/2488/000101287000002943/"
  },
  {
    "date": "1999-12-26",
    "symbol": "AMD",
    "reportedCurrency": "USD",
    "cik": "0000002488",
    "fillingDate": "2000-03-21",
    "acceptedDate": "2000-03-21 00:00:00",
    "calendarYear": "1999",
    "period": "Q4",
    "revenue": 968710000,
    "costOfRevenue": 581545000,
    "grossProfit": 387165000,
    "grossProfitRatio": 0.3996706961,
    "researchAndDevelopmentExpenses": 150936000,
    "generalAndAdministrativeExpenses": 0,
    "sellingAndMarketingExpenses": 0,
    "sellingGeneralAndAdministrativeExpenses": 158803000,
    "otherExpenses": 5700000,
    "operatingExpenses": 315439000,
    "costAndExpenses": 896984000,
    "interestIncome": 0,
    "interestExpense": 0,
    "depreciationAndAmortization": 129930000,
    "ebitda": 207356000,
    "ebitdaratio": 0.2140537416,
    "operatingIncome": 71726000,
    "operatingIncomeRatio": 0.0740427992,
    "totalOtherIncomeExpensesNet": -5412000,
    "incomeBeforeTax": 66314000,
    "incomeBeforeTaxRatio": 0.0684559879,
    "incomeTaxExpense": 0,
    "netIncome": 65080000,
    "netIncomeRatio": 0.0671821288,
    "eps": 0.22,
    "epsdiluted": 0.2,
    "weightedAverageShsOut": 298168500,
    "weightedAverageShsOutDil": 319230500,
    "link": "https://www.sec.gov/Archives/edgar/data/2488/000101287000001494/0001012870-00-001494-index.html",
    "finalLink": "https://www.sec.gov/Archives/edgar/data/2488/000101287000001494/"
  },
  {
    "date": "1999-09-26",
    "symbol": "AMD",
    "reportedCurrency": "USD",
    "cik": "0000002488",
    "fillingDate": "1999-11-01",
    "acceptedDate": "1999-11-01 00:00:00",
    "calendarYear": "1999",
    "period": "Q3",
    "revenue": 662200000,
    "costOfRevenue": 343900000,
    "grossProfit": 318300000,
    "grossProfitRatio": 0.4806704923,
    "researchAndDevelopmentExpenses": 157600000,
    "generalAndAdministrativeExpenses": 0,
    "sellingAndMarketingExpenses": 0,
    "sellingGeneralAndAdministrativeExpenses": 129400000,
    "otherExpenses": 130200000,
    "operatingExpenses": 417200000,
    "costAndExpenses": 761100000,
    "interestIncome": 0,
    "interestExpense": 0,
    "depreciationAndAmortization": 130200000,
    "ebitda": 31300000,
    "ebitdaratio": 0.0472666868,
    "operatingIncome": -98900000,
    "operatingIncomeRatio": -0.1493506494,
    "totalOtherIncomeExpensesNet": -11366000,
    "incomeBeforeTax": -110266000,
    "incomeBeforeTaxRatio": -0.1665146481,
    "incomeTaxExpense": 0,
    "netIncome": -105500000,
    "netIncomeRatio": -0.1593174268,
    "eps": -0.36,
    "epsdiluted": -0.36,
    "weightedAverageShsOut": 295223000,
    "weightedAverageShsOutDil": 295223000,
    "link": "https://www.sec.gov/Archives/edgar/data/2488/000101287099003915/0001012870-99-003915-index.html",
    "finalLink": "https://www.sec.gov/Archives/edgar/data/2488/000101287099003915/"
  },
  {
    "date": "1999-06-27",
    "symbol": "AMD",
    "reportedCurrency": "USD",
    "cik": "0000002488",
    "fillingDate": "1999-08-06",
    "acceptedDate": "1999-08-06 00:00:00",
    "calendarYear": "1999",
    "period": "Q2",
    "revenue": 595100000,
    "costOfRevenue": 330400000,
    "grossProfit": 264700000,
    "grossProfitRatio": 0.4447991934,
    "researchAndDevelopmentExpenses": 167300000,
    "generalAndAdministrativeExpenses": 0,
    "sellingAndMarketingExpenses": 0,
    "sellingGeneralAndAdministrativeExpenses": 124500000,
    "otherExpenses": 127900000,
    "operatingExpenses": 419700000,
    "costAndExpenses": 750100000,
    "interestIncome": 0,
    "interestExpense": 0,
    "depreciationAndAmortization": 127913000,
    "ebitda": -27087000,
    "ebitdaratio": -0.0455167199,
    "operatingIncome": -155000000,
    "operatingIncomeRatio": -0.2604604268,
    "totalOtherIncomeExpensesNet": 407700000,
    "incomeBeforeTax": 252700000,
    "incomeBeforeTaxRatio": 0.4246345152,
    "incomeTaxExpense": 172800000,
    "netIncome": 79900000,
    "netIncomeRatio": 0.1342631491,
    "eps": 0.27,
    "epsdiluted": 0.27,
    "weightedAverageShsOut": 293520500,
    "weightedAverageShsOutDil": 293520500,
    "link": "https://www.sec.gov/Archives/edgar/data/2488/000101287099002652/0001012870-99-002652-index.html",
    "finalLink": "https://www.sec.gov/Archives/edgar/data/2488/000101287099002652/"
  },
  {
    "date": "1999-03-28",
    "symbol": "AMD",
    "reportedCurrency": "USD",
    "cik": "0000002488",
    "fillingDate": "1999-05-12",
    "acceptedDate": "1999-05-12 00:00:00",
    "calendarYear": "1999",
    "period": "Q1",
    "revenue": 631593000,
    "costOfRevenue": 322944000,
    "grossProfit": 308649000,
    "grossProfitRatio": 0.4886833768,
    "researchAndDevelopmentExpenses": 159946000,
    "generalAndAdministrativeExpenses": 0,
    "sellingAndMarketingExpenses": 0,
    "sellingGeneralAndAdministrativeExpenses": 127310000,
    "otherExpenses": 127487000,
    "operatingExpenses": 414743000,
    "costAndExpenses": 737687000,
    "interestIncome": 0,
    "interestExpense": 0,
    "depreciationAndAmortization": 127487000,
    "ebitda": 21393000,
    "ebitdaratio": 0.0338714964,
    "operatingIncome": -106094000,
    "operatingIncomeRatio": -0.1679784291,
    "totalOtherIncomeExpensesNet": -27746000,
    "incomeBeforeTax": -133840000,
    "incomeBeforeTaxRatio": -0.2119086184,
    "incomeTaxExpense": -5473000,
    "netIncome": -128367000,
    "netIncomeRatio": -0.2032432278,
    "eps": -0.44,
    "epsdiluted": -0.44,
    "weightedAverageShsOut": 291818000,
    "weightedAverageShsOutDil": 291818000,
    "link": "https://www.sec.gov/Archives/edgar/data/2488/000101287099001511/0001012870-99-001511-index.html",
    "finalLink": "https://www.sec.gov/Archives/edgar/data/2488/"
  },
  {
    "date": "1998-12-27",
    "symbol": "AMD",
    "reportedCurrency": "USD",
    "cik": "0000002488",
    "fillingDate": "1999-03-29",
    "acceptedDate": "1999-03-29 00:00:00",
    "calendarYear": "1998",
    "period": "Q4",
    "revenue": 788820000,
    "costOfRevenue": 481987000,
    "grossProfit": 306833000,
    "grossProfitRatio": 0.3889772065,
    "researchAndDevelopmentExpenses": 156459000,
    "generalAndAdministrativeExpenses": 0,
    "sellingAndMarketingExpenses": 0,
    "sellingGeneralAndAdministrativeExpenses": 120498000,
    "otherExpenses": 0,
    "operatingExpenses": 276957000,
    "costAndExpenses": 758944000,
    "interestIncome": 0,
    "interestExpense": 0,
    "depreciationAndAmortization": 125101000,
    "ebitda": 154977000,
    "ebitdaratio": 0.1964668746,
    "operatingIncome": 29876000,
    "operatingIncomeRatio": 0.0378742932,
    "totalOtherIncomeExpensesNet": -5140000,
    "incomeBeforeTax": 24736000,
    "incomeBeforeTaxRatio": 0.0313582313,
    "incomeTaxExpense": -136000,
    "netIncome": 22321000,
    "netIncomeRatio": 0.0282966963,
    "eps": 0.0771,
    "epsdiluted": 0.0771,
    "weightedAverageShsOut": 289577000,
    "weightedAverageShsOutDil": 289577000,
    "link": "https://www.sec.gov/Archives/edgar/data/2488/000101287099000892/0001012870-99-000892-index.html",
    "finalLink": "https://www.sec.gov/Archives/edgar/data/2488/"
  },
  {
    "date": "1998-09-27",
    "symbol": "AMD",
    "reportedCurrency": "USD",
    "cik": "0000002488",
    "fillingDate": "1998-11-12",
    "acceptedDate": "1998-11-12 00:00:00",
    "calendarYear": "1998",
    "period": "Q3",
    "revenue": 685900000,
    "costOfRevenue": 305900000,
    "grossProfit": 380000000,
    "grossProfitRatio": 0.5540166205,
    "researchAndDevelopmentExpenses": 143700000,
    "generalAndAdministrativeExpenses": 0,
    "sellingAndMarketingExpenses": 0,
    "sellingGeneralAndAdministrativeExpenses": 109800000,
    "otherExpenses": 117100000,
    "operatingExpenses": 370600000,
    "costAndExpenses": 676500000,
    "interestIncome": 0,
    "interestExpense": 0,
    "depreciationAndAmortization": 117100000,
    "ebitda": 126500000,
    "ebitdaratio": 0.1844292171,
    "operatingIncome": 9400000,
    "operatingIncomeRatio": 0.0137046217,
    "totalOtherIncomeExpensesNet": -9000000,
    "incomeBeforeTax": 400000,
    "incomeBeforeTaxRatio": 0.0005831754,
    "incomeTaxExpense": -600000,
    "netIncome": 1000000,
    "netIncomeRatio": 0.0014579385,
    "eps": 0.0035,
    "epsdiluted": 0.0035,
    "weightedAverageShsOut": 285966000,
    "weightedAverageShsOutDil": 285966000,
    "link": "https://www.sec.gov/Archives/edgar/data/2488/000101287098002829/0001012870-98-002829-index.html",
    "finalLink": "https://www.sec.gov/Archives/edgar/data/2488/"
  },
  {
    "date": "1998-06-28",
    "symbol": "AMD",
    "reportedCurrency": "USD",
    "cik": "0000002488",
    "fillingDate": "1998-08-12",
    "acceptedDate": "1998-08-12 00:00:00",
    "calendarYear": "1998",
    "period": "Q2",
    "revenue": 526500000,
    "costOfRevenue": 277000000,
    "grossProfit": 249500000,
    "grossProfitRatio": 0.4738841406,
    "researchAndDevelopmentExpenses": 139200000,
    "generalAndAdministrativeExpenses": 0,
    "sellingAndMarketingExpenses": 0,
    "sellingGeneralAndAdministrativeExpenses": 101200000,
    "otherExpenses": 113100000,
    "operatingExpenses": 353500000,
    "costAndExpenses": 630500000,
    "interestIncome": 0,
    "interestExpense": 0,
    "depreciationAndAmortization": 113100000,
    "ebitda": 9100000,
    "ebitdaratio": 0.0172839506,
    "operatingIncome": -104000000,
    "operatingIncomeRatio": -0.1975308642,
    "totalOtherIncomeExpensesNet": -4700000,
    "incomeBeforeTax": -108700000,
    "incomeBeforeTaxRatio": -0.2064577398,
    "incomeTaxExpense": -44100000,
    "netIncome": -64600000,
    "netIncomeRatio": -0.122697056,
    "eps": -0.23,
    "epsdiluted": -0.23,
    "weightedAverageShsOut": 280869565,
    "weightedAverageShsOutDil": 280869565,
    "link": "https://www.sec.gov/Archives/edgar/data/2488/000101287098002066/0001012870-98-002066-index.html",
    "finalLink": "https://www.sec.gov/Archives/edgar/data/2488/"
  },
  {
    "date": "1998-03-29",
    "symbol": "AMD",
    "reportedCurrency": "USD",
    "cik": "0000002488",
    "fillingDate": "1998-04-23",
    "acceptedDate": "1998-04-23 00:00:00",
    "calendarYear": "1998",
    "period": "Q1",
    "revenue": 540900000,
    "costOfRevenue": 311400000,
    "grossProfit": 229500000,
    "grossProfitRatio": 0.4242928453,
    "researchAndDevelopmentExpenses": 128100000,
    "generalAndAdministrativeExpenses": 0,
    "sellingAndMarketingExpenses": 0,
    "sellingGeneralAndAdministrativeExpenses": 88200000,
    "otherExpenses": 112200000,
    "operatingExpenses": 328500000,
    "costAndExpenses": 639900000,
    "interestIncome": 0,
    "interestExpense": 0,
    "depreciationAndAmortization": 112200000,
    "ebitda": 13200000,
    "ebitdaratio": 0.0244037715,
    "operatingIncome": -99000000,
    "operatingIncomeRatio": -0.1830282862,
    "totalOtherIncomeExpensesNet": -10700000,
    "incomeBeforeTax": -109700000,
    "incomeBeforeTaxRatio": -0.2028101313,
    "incomeTaxExpense": -47000000,
    "netIncome": -62700000,
    "netIncomeRatio": -0.1159179146,
    "eps": -0.22,
    "epsdiluted": -0.22,
    "weightedAverageShsOut": 285000000,
    "weightedAverageShsOutDil": 285000000,
    "link": "https://www.sec.gov/Archives/edgar/data/2488/000101287098001068/0001012870-98-001068-index.html",
    "finalLink": "https://www.sec.gov/Archives/edgar/data/2488/"
  },
  {
    "date": "1997-12-28",
    "symbol": "AMD",
    "reportedCurrency": "USD",
    "cik": "0000002488",
    "fillingDate": "1998-03-03",
    "acceptedDate": "1998-03-03 00:00:00",
    "calendarYear": "1997",
    "period": "Q4",
    "revenue": 613171000,
    "costOfRevenue": 428856000,
    "grossProfit": 184315000,
    "grossProfitRatio": 0.3005931461,
    "researchAndDevelopmentExpenses": 127031000,
    "generalAndAdministrativeExpenses": 0,
    "sellingAndMarketingExpenses": 0,
    "sellingGeneralAndAdministrativeExpenses": 102296000,
    "otherExpenses": 0,
    "operatingExpenses": 229327000,
    "costAndExpenses": 658183000,
    "interestIncome": 0,
    "interestExpense": 0,
    "depreciationAndAmortization": 107675000,
    "ebitda": 62663000,
    "ebitdaratio": 0.1021949831,
    "operatingIncome": -45012000,
    "operatingIncomeRatio": -0.0734085598,
    "totalOtherIncomeExpensesNet": -5232000,
    "incomeBeforeTax": -50244000,
    "incomeBeforeTaxRatio": -0.0819412529,
    "incomeTaxExpense": -29861000,
    "netIncome": -12334000,
    "netIncomeRatio": -0.0201151066,
    "eps": -0.0436,
    "epsdiluted": -0.0436,
    "weightedAverageShsOut": 282953000,
    "weightedAverageShsOutDil": 282953000,
    "link": "https://www.sec.gov/Archives/edgar/data/2488/000101287098000595/0001012870-98-000595-index.html",
    "finalLink": "https://www.sec.gov/Archives/edgar/data/2488/"
  },
  {
    "date": "1997-09-28",
    "symbol": "AMD",
    "reportedCurrency": "USD",
    "cik": "0000002488",
    "fillingDate": "1997-11-12",
    "acceptedDate": "1997-11-12 00:00:00",
    "calendarYear": "1997",
    "period": "Q3",
    "revenue": 596644000,
    "costOfRevenue": 428240000,
    "grossProfit": 168404000,
    "grossProfitRatio": 0.2822520632,
    "researchAndDevelopmentExpenses": 125917000,
    "generalAndAdministrativeExpenses": 0,
    "sellingAndMarketingExpenses": 0,
    "sellingGeneralAndAdministrativeExpenses": 100915000,
    "otherExpenses": 0,
    "operatingExpenses": 226832000,
    "costAndExpenses": 655072000,
    "interestIncome": 0,
    "interestExpense": 0,
    "depreciationAndAmortization": 103965000,
    "ebitda": 45537000,
    "ebitdaratio": 0.0763218938,
    "operatingIncome": -58428000,
    "operatingIncomeRatio": -0.0979277425,
    "totalOtherIncomeExpensesNet": -8619000,
    "incomeBeforeTax": -67047000,
    "incomeBeforeTaxRatio": -0.1123735427,
    "incomeTaxExpense": -30072000,
    "netIncome": -31675000,
    "netIncomeRatio": -0.053088609,
    "eps": -0.11,
    "epsdiluted": -0.11,
    "weightedAverageShsOut": 283460000,
    "weightedAverageShsOutDil": 283460000,
    "link": "https://www.sec.gov/Archives/edgar/data/2488/000101287097002210/0001012870-97-002210-index.html",
    "finalLink": "https://www.sec.gov/Archives/edgar/data/2488/"
  },
  {
    "date": "1997-06-29",
    "symbol": "AMD",
    "reportedCurrency": "USD",
    "cik": "0000002488",
    "fillingDate": "1997-08-13",
    "acceptedDate": "1997-08-13 00:00:00",
    "calendarYear": "1997",
    "period": "Q2",
    "revenue": 594561000,
    "costOfRevenue": 372266000,
    "grossProfit": 222295000,
    "grossProfitRatio": 0.373880897,
    "researchAndDevelopmentExpenses": 110021000,
    "generalAndAdministrativeExpenses": 0,
    "sellingAndMarketingExpenses": 0,
    "sellingGeneralAndAdministrativeExpenses": 102983000,
    "otherExpenses": 0,
    "operatingExpenses": 213004000,
    "costAndExpenses": 585270000,
    "interestIncome": 0,
    "interestExpense": 0,
    "depreciationAndAmortization": 94025000,
    "ebitda": 103316000,
    "ebitdaratio": 0.1737685452,
    "operatingIncome": 9291000,
    "operatingIncomeRatio": 0.0156266556,
    "totalOtherIncomeExpensesNet": -240000,
    "incomeBeforeTax": 9051000,
    "incomeBeforeTaxRatio": 0.0152229965,
    "incomeTaxExpense": 2630000,
    "netIncome": 9968000,
    "netIncomeRatio": 0.0167653109,
    "eps": 0.04,
    "epsdiluted": 0.04,
    "weightedAverageShsOut": 295838000,
    "weightedAverageShsOutDil": 295838000,
    "link": "https://www.sec.gov/Archives/edgar/data/2488/000101287097001536/0001012870-97-001536-index.html",
    "finalLink": "https://www.sec.gov/Archives/edgar/data/2488/"
  },
  {
    "date": "1997-03-30",
    "symbol": "AMD",
    "reportedCurrency": "USD",
    "cik": "0000002488",
    "fillingDate": "1997-05-14",
    "acceptedDate": "1997-05-14 00:00:00",
    "calendarYear": "1997",
    "period": "Q1",
    "revenue": 551999000,
    "costOfRevenue": 349076000,
    "grossProfit": 202923000,
    "grossProfitRatio": 0.3676147964,
    "researchAndDevelopmentExpenses": 104908000,
    "generalAndAdministrativeExpenses": 0,
    "sellingAndMarketingExpenses": 0,
    "sellingGeneralAndAdministrativeExpenses": 94519000,
    "otherExpenses": 0,
    "operatingExpenses": 199427000,
    "costAndExpenses": 548503000,
    "interestIncome": 0,
    "interestExpense": 0,
    "depreciationAndAmortization": 88800000,
    "ebitda": 92296000,
    "ebitdaratio": 0.1672032015,
    "operatingIncome": 3496000,
    "operatingIncomeRatio": 0.0063333448,
    "totalOtherIncomeExpensesNet": 3912000,
    "incomeBeforeTax": 7408000,
    "incomeBeforeTaxRatio": 0.0134203142,
    "incomeTaxExpense": 2148000,
    "netIncome": 12951000,
    "netIncomeRatio": 0.023461999,
    "eps": 0.05,
    "epsdiluted": 0.05,
    "weightedAverageShsOut": 293502000,
    "weightedAverageShsOutDil": 294644000,
    "link": "https://www.sec.gov/Archives/edgar/data/2488/000095010997004074/0000950109-97-004074-index.html",
    "finalLink": "https://www.sec.gov/Archives/edgar/data/2488/"
  },
  {
    "date": "1996-12-29",
    "symbol": "AMD",
    "reportedCurrency": "USD",
    "cik": "0000002488",
    "fillingDate": "1997-03-20",
    "acceptedDate": "1997-03-20 00:00:00",
    "calendarYear": "1996",
    "period": "Q4",
    "revenue": 496868000,
    "costOfRevenue": 354622000,
    "grossProfit": 142246000,
    "grossProfitRatio": 0.2862852911,
    "researchAndDevelopmentExpenses": 107499000,
    "generalAndAdministrativeExpenses": 0,
    "sellingAndMarketingExpenses": 0,
    "sellingGeneralAndAdministrativeExpenses": 88292000,
    "otherExpenses": 0,
    "operatingExpenses": 195791000,
    "costAndExpenses": 550413000,
    "interestIncome": 0,
    "interestExpense": 0,
    "depreciationAndAmortization": 84183000,
    "ebitda": 30638000,
    "ebitdaratio": 0.0616622523,
    "operatingIncome": -53545000,
    "operatingIncomeRatio": -0.1077650402,
    "totalOtherIncomeExpensesNet": -3522000,
    "incomeBeforeTax": -57067000,
    "incomeBeforeTaxRatio": -0.114853442,
    "incomeTaxExpense": -22826000,
    "netIncome": -21243000,
    "netIncomeRatio": -0.0427538099,
    "eps": -0.0752,
    "epsdiluted": -0.0751,
    "weightedAverageShsOut": 282438000,
    "weightedAverageShsOutDil": 283009000,
    "link": "https://www.sec.gov/Archives/edgar/data/2488/000101287097000533/0001012870-97-000533-index.html",
    "finalLink": "https://www.sec.gov/Archives/edgar/data/2488/"
  },
  {
    "date": "1996-09-29",
    "symbol": "AMD",
    "reportedCurrency": "USD",
    "cik": "0000002488",
    "fillingDate": "1996-11-08",
    "acceptedDate": "1996-11-08 00:00:00",
    "calendarYear": "1996",
    "period": "Q3",
    "revenue": 456862000,
    "costOfRevenue": 337692000,
    "grossProfit": 119170000,
    "grossProfitRatio": 0.2608446314,
    "researchAndDevelopmentExpenses": 105656000,
    "generalAndAdministrativeExpenses": 0,
    "sellingAndMarketingExpenses": 0,
    "sellingGeneralAndAdministrativeExpenses": 90432000,
    "otherExpenses": 0,
    "operatingExpenses": 196088000,
    "costAndExpenses": 533780000,
    "interestIncome": 0,
    "interestExpense": 0,
    "depreciationAndAmortization": 77701000,
    "ebitda": 783000,
    "ebitdaratio": 0.0017138655,
    "operatingIncome": -76918000,
    "operatingIncomeRatio": -0.1683615621,
    "totalOtherIncomeExpensesNet": 771000,
    "incomeBeforeTax": -76147000,
    "incomeBeforeTaxRatio": -0.1666739628,
    "incomeTaxExpense": -30459000,
    "netIncome": -38362000,
    "netIncomeRatio": -0.0839684631,
    "eps": -0.14,
    "epsdiluted": -0.14,
    "weightedAverageShsOut": 272164000,
    "weightedAverageShsOutDil": 272164000,
    "link": "https://www.sec.gov/Archives/edgar/data/2488/000101287096000583/0001012870-96-000583-index.html",
    "finalLink": "https://www.sec.gov/Archives/edgar/data/2488/"
  },
  {
    "date": "1996-06-30",
    "symbol": "AMD",
    "reportedCurrency": "USD",
    "cik": "0000002488",
    "fillingDate": "1996-08-08",
    "acceptedDate": "1996-08-08 00:00:00",
    "calendarYear": "1996",
    "period": "Q2",
    "revenue": 455077000,
    "costOfRevenue": 379779000,
    "grossProfit": 75298000,
    "grossProfitRatio": 0.1654621086,
    "researchAndDevelopmentExpenses": 92768000,
    "generalAndAdministrativeExpenses": 0,
    "sellingAndMarketingExpenses": 0,
    "sellingGeneralAndAdministrativeExpenses": 83063000,
    "otherExpenses": 0,
    "operatingExpenses": 175831000,
    "costAndExpenses": 555610000,
    "interestIncome": 0,
    "interestExpense": 0,
    "depreciationAndAmortization": 94949000,
    "ebitda": -5584000,
    "ebitdaratio": -0.0122704509,
    "operatingIncome": -100533000,
    "operatingIncomeRatio": -0.2209142629,
    "totalOtherIncomeExpensesNet": 21227000,
    "incomeBeforeTax": -79306000,
    "incomeBeforeTaxRatio": -0.1742694094,
    "incomeTaxExpense": -31723000,
    "netIncome": -34672000,
    "netIncomeRatio": -0.0761893042,
    "eps": -0.13,
    "epsdiluted": -0.13,
    "weightedAverageShsOut": 270532000,
    "weightedAverageShsOutDil": 270532000,
    "link": "https://www.sec.gov/Archives/edgar/data/2488/000089843096003527/0000898430-96-003527-index.html",
    "finalLink": "https://www.sec.gov/Archives/edgar/data/2488/"
  },
  {
    "date": "1996-03-31",
    "symbol": "AMD",
    "reportedCurrency": "USD",
    "cik": "0000002488",
    "fillingDate": "1996-05-15",
    "acceptedDate": "1996-05-15 00:00:00",
    "calendarYear": "1996",
    "period": "Q1",
    "revenue": 544212000,
    "costOfRevenue": 368735000,
    "grossProfit": 175477000,
    "grossProfitRatio": 0.322442357,
    "researchAndDevelopmentExpenses": 94780000,
    "generalAndAdministrativeExpenses": 0,
    "sellingAndMarketingExpenses": 0,
    "sellingGeneralAndAdministrativeExpenses": 103011000,
    "otherExpenses": 0,
    "operatingExpenses": 197791000,
    "costAndExpenses": 566526000,
    "interestIncome": 0,
    "interestExpense": 0,
    "depreciationAndAmortization": 75807000,
    "ebitda": 53493000,
    "ebitdaratio": 0.0982944147,
    "operatingIncome": -22314000,
    "operatingIncomeRatio": -0.0410024035,
    "totalOtherIncomeExpensesNet": 26078000,
    "incomeBeforeTax": 3764000,
    "incomeBeforeTaxRatio": 0.0069164223,
    "incomeTaxExpense": 0,
    "netIncome": 25327000,
    "netIncomeRatio": 0.0465388488,
    "eps": 0.09,
    "epsdiluted": 0.09,
    "weightedAverageShsOut": 276798000,
    "weightedAverageShsOutDil": 276798000,
    "link": "https://www.sec.gov/Archives/edgar/data/2488/000089843096002040/0000898430-96-002040-index.html",
    "finalLink": "https://www.sec.gov/Archives/edgar/data/2488/"
  },
  {
    "date": "1995-12-31",
    "symbol": "AMD",
    "reportedCurrency": "USD",
    "cik": "0000002488",
    "fillingDate": "1996-03-21",
    "acceptedDate": "1996-03-21 00:00:00",
    "calendarYear": "1995",
    "period": "Q4",
    "revenue": 593029000,
    "costOfRevenue": 362801000,
    "grossProfit": 230228000,
    "grossProfitRatio": 0.3882238474,
    "researchAndDevelopmentExpenses": 104009000,
    "generalAndAdministrativeExpenses": 0,
    "sellingAndMarketingExpenses": 0,
    "sellingGeneralAndAdministrativeExpenses": 95181000,
    "otherExpenses": 0,
    "operatingExpenses": 199190000,
    "costAndExpenses": 561991000,
    "interestIncome": 0,
    "interestExpense": 0,
    "depreciationAndAmortization": 83389000,
    "ebitda": 114427000,
    "ebitdaratio": 0.1929534643,
    "operatingIncome": 31038000,
    "operatingIncomeRatio": 0.0523380813,
    "totalOtherIncomeExpensesNet": 6820000,
    "incomeBeforeTax": 37858000,
    "incomeBeforeTaxRatio": 0.063838362,
    "incomeTaxExpense": 3786000,
    "netIncome": 55582000,
    "netIncomeRatio": 0.093725602,
    "eps": 0.2,
    "epsdiluted": 0.2,
    "weightedAverageShsOut": 274607000,
    "weightedAverageShsOutDil": 276214000,
    "link": "https://www.sec.gov/Archives/edgar/data/2488/000089843096000902/0000898430-96-000902-index.html",
    "finalLink": "https://www.sec.gov/Archives/edgar/data/2488/"
  },
  {
    "date": "1995-10-01",
    "symbol": "AMD",
    "reportedCurrency": "USD",
    "cik": "0000002488",
    "fillingDate": "1995-11-02",
    "acceptedDate": "1995-11-02 00:00:00",
    "calendarYear": "1995",
    "period": "Q3",
    "revenue": 590385000,
    "costOfRevenue": 344344000,
    "grossProfit": 246041000,
    "grossProfitRatio": 0.4167466992,
    "researchAndDevelopmentExpenses": 100014000,
    "generalAndAdministrativeExpenses": 0,
    "sellingAndMarketingExpenses": 0,
    "sellingGeneralAndAdministrativeExpenses": 95525000,
    "otherExpenses": 0,
    "operatingExpenses": 195539000,
    "costAndExpenses": 539883000,
    "interestIncome": 0,
    "interestExpense": 0,
    "depreciationAndAmortization": 65899000,
    "ebitda": 116401000,
    "ebitdaratio": 0.1971611745,
    "operatingIncome": 50502000,
    "operatingIncomeRatio": 0.0855407912,
    "totalOtherIncomeExpensesNet": 9867000,
    "incomeBeforeTax": 60369000,
    "incomeBeforeTaxRatio": 0.1022536142,
    "incomeTaxExpense": 16517000,
    "netIncome": 56163000,
    "netIncomeRatio": 0.0951294494,
    "eps": 0.26,
    "epsdiluted": 0.26,
    "weightedAverageShsOut": 214636000,
    "weightedAverageShsOutDil": 214638000,
    "link": "https://www.sec.gov/Archives/edgar/data/2488/000089843095002116/0000898430-95-002116-index.html",
    "finalLink": "https://www.sec.gov/Archives/edgar/data/2488/"
  }
]