[
  {
    "date": "2025-06-30",
    "symbol": "AMGN",
    "reportedCurrency": "USD",
    "cik": "0000318154",
    "fillingDate": "2025-08-06",
    "acceptedDate": "2025-08-05 19:13:42",
    "calendarYear": "2025",
    "period": "Q2",
    "revenue": 9167000000,
    "costOfRevenue": 3011000000,
    "grossProfit": 6156000000,
    "grossProfitRatio": 0.6715392168,
    "researchAndDevelopmentExpenses": 1744000000,
    "generalAndAdministrativeExpenses": 0,
    "sellingAndMarketingExpenses": 0,
    "sellingGeneralAndAdministrativeExpenses": 1691000000,
    "otherExpenses": 77000000,
    "operatingExpenses": 3512000000,
    "costAndExpenses": 6523000000,
    "interestIncome": 0,
    "interestExpense": 708000000,
    "depreciationAndAmortization": 1341000000,
    "ebitda": 3617000000,
    "ebitdaratio": 0.3945674703,
    "operatingIncome": 2644000000,
    "operatingIncomeRatio": 0.2884258754,
    "totalOtherIncomeExpensesNet": -1076000000,
    "incomeBeforeTax": 1568000000,
    "incomeBeforeTaxRatio": 0.1710483255,
    "incomeTaxExpense": 136000000,
    "netIncome": 1432000000,
    "netIncomeRatio": 0.1562125014,
    "eps": 2.6617,
    "epsdiluted": 2.647,
    "weightedAverageShsOut": 538000000,
    "weightedAverageShsOutDil": 541000000,
    "link": "https://www.sec.gov/Archives/edgar/data/318154/000031815425000056/0000318154-25-000056-index.htm",
    "finalLink": "https://www.sec.gov/Archives/edgar/data/318154/000031815425000056/amgn-20250630.htm"
  },
  {
    "date": "2025-03-31",
    "symbol": "AMGN",
    "reportedCurrency": "USD",
    "cik": "0000318154",
    "fillingDate": "2025-05-02",
    "acceptedDate": "2025-05-01 18:54:46",
    "calendarYear": "2025",
    "period": "Q1",
    "revenue": 8149000000,
    "costOfRevenue": 2968000000,
    "grossProfit": 5181000000,
    "grossProfitRatio": 0.6357835317,
    "researchAndDevelopmentExpenses": 1486000000,
    "generalAndAdministrativeExpenses": 0,
    "sellingAndMarketingExpenses": 0,
    "sellingGeneralAndAdministrativeExpenses": 1687000000,
    "otherExpenses": 830000000,
    "operatingExpenses": 4003000000,
    "costAndExpenses": 6971000000,
    "interestIncome": 0,
    "interestExpense": 723000000,
    "depreciationAndAmortization": 1387000000,
    "ebitda": 4083000000,
    "ebitdaratio": 0.5010430728,
    "operatingIncome": 1178000000,
    "operatingIncomeRatio": 0.1445576144,
    "totalOtherIncomeExpensesNet": 795000000,
    "incomeBeforeTax": 1973000000,
    "incomeBeforeTaxRatio": 0.242115597,
    "incomeTaxExpense": 243000000,
    "netIncome": 1730000000,
    "netIncomeRatio": 0.2122959872,
    "eps": 3.22,
    "epsdiluted": 3.2,
    "weightedAverageShsOut": 538000000,
    "weightedAverageShsOutDil": 541000000,
    "link": "https://www.sec.gov/Archives/edgar/data/318154/000031815425000020/0000318154-25-000020-index.htm",
    "finalLink": "https://www.sec.gov/Archives/edgar/data/318154/000031815425000020/amgn-20250331.htm"
  },
  {
    "date": "2024-12-31",
    "symbol": "AMGN",
    "reportedCurrency": "USD",
    "cik": "0000318154",
    "fillingDate": "2025-02-14",
    "acceptedDate": "2025-02-14 16:18:41",
    "calendarYear": "2024",
    "period": "Q4",
    "revenue": 9086000000,
    "costOfRevenue": 3112000000,
    "grossProfit": 5974000000,
    "grossProfitRatio": 0.6574950473,
    "researchAndDevelopmentExpenses": 1724000000,
    "generalAndAdministrativeExpenses": 0,
    "sellingAndMarketingExpenses": 0,
    "sellingGeneralAndAdministrativeExpenses": 1878000000,
    "otherExpenses": 61000000,
    "operatingExpenses": 3663000000,
    "costAndExpenses": 6775000000,
    "interestIncome": 0,
    "interestExpense": 747000000,
    "depreciationAndAmortization": 1397000000,
    "ebitda": 2926000000,
    "ebitdaratio": 0.3220338983,
    "operatingIncome": 2311000000,
    "operatingIncomeRatio": 0.2543473476,
    "totalOtherIncomeExpensesNet": -1529000000,
    "incomeBeforeTax": 782000000,
    "incomeBeforeTaxRatio": 0.0860664759,
    "incomeTaxExpense": 155000000,
    "netIncome": 627000000,
    "netIncomeRatio": 0.0690072639,
    "eps": 1.16,
    "epsdiluted": 1.16,
    "weightedAverageShsOut": 540517241,
    "weightedAverageShsOutDil": 542000000,
    "link": "https://www.sec.gov/Archives/edgar/data/318154/000031815425000010/0000318154-25-000010-index.htm",
    "finalLink": "https://www.sec.gov/Archives/edgar/data/318154/000031815425000010/amgn-20241231.htm"
  },
  {
    "date": "2024-09-30",
    "symbol": "AMGN",
    "reportedCurrency": "USD",
    "cik": "0000318154",
    "fillingDate": "2024-10-31",
    "acceptedDate": "2024-10-30 18:43:20",
    "calendarYear": "2024",
    "period": "Q3",
    "revenue": 8503000000,
    "costOfRevenue": 3310000000,
    "grossProfit": 5193000000,
    "grossProfitRatio": 0.6107256262,
    "researchAndDevelopmentExpenses": 1450000000,
    "generalAndAdministrativeExpenses": 0,
    "sellingAndMarketingExpenses": 0,
    "sellingGeneralAndAdministrativeExpenses": 1625000000,
    "otherExpenses": 71000000,
    "operatingExpenses": 3146000000,
    "costAndExpenses": 6456000000,
    "interestIncome": 0,
    "interestExpense": 776000000,
    "depreciationAndAmortization": 1396000000,
    "ebitda": 5273000000,
    "ebitdaratio": 0.6201340703,
    "operatingIncome": 2047000000,
    "operatingIncomeRatio": 0.2407385629,
    "totalOtherIncomeExpensesNet": 1054000000,
    "incomeBeforeTax": 3101000000,
    "incomeBeforeTaxRatio": 0.3646948136,
    "incomeTaxExpense": 271000000,
    "netIncome": 2830000000,
    "netIncomeRatio": 0.3328237093,
    "eps": 5.27,
    "epsdiluted": 5.22,
    "weightedAverageShsOut": 537000000,
    "weightedAverageShsOutDil": 542000000,
    "link": "https://www.sec.gov/Archives/edgar/data/318154/000031815424000044/0000318154-24-000044-index.htm",
    "finalLink": "https://www.sec.gov/Archives/edgar/data/318154/000031815424000044/amgn-20240930.htm"
  },
  {
    "date": "2024-06-30",
    "symbol": "AMGN",
    "reportedCurrency": "USD",
    "cik": "0000318154",
    "fillingDate": "2024-08-07",
    "acceptedDate": "2024-08-06 18:54:26",
    "calendarYear": "2024",
    "period": "Q2",
    "revenue": 8388000000,
    "costOfRevenue": 3236000000,
    "grossProfit": 5152000000,
    "grossProfitRatio": 0.6142107773,
    "researchAndDevelopmentExpenses": 1447000000,
    "generalAndAdministrativeExpenses": 0,
    "sellingAndMarketingExpenses": 0,
    "sellingGeneralAndAdministrativeExpenses": 1785000000,
    "otherExpenses": 11000000,
    "operatingExpenses": 3243000000,
    "costAndExpenses": 6479000000,
    "interestIncome": 0,
    "interestExpense": 808000000,
    "depreciationAndAmortization": 1400000000,
    "ebitda": 3002000000,
    "ebitdaratio": 0.357892227,
    "operatingIncome": 1909000000,
    "operatingIncomeRatio": 0.2275870291,
    "totalOtherIncomeExpensesNet": -1115000000,
    "incomeBeforeTax": 794000000,
    "incomeBeforeTaxRatio": 0.0946590367,
    "incomeTaxExpense": 48000000,
    "netIncome": 746000000,
    "netIncomeRatio": 0.0889365761,
    "eps": 1.39,
    "epsdiluted": 1.38,
    "weightedAverageShsOut": 537000000,
    "weightedAverageShsOutDil": 541000000,
    "link": "https://www.sec.gov/Archives/edgar/data/318154/000031815424000035/0000318154-24-000035-index.htm",
    "finalLink": "https://www.sec.gov/Archives/edgar/data/318154/000031815424000035/amgn-20240630.htm"
  },
  {
    "date": "2024-03-31",
    "symbol": "AMGN",
    "reportedCurrency": "USD",
    "cik": "0000318154",
    "fillingDate": "2024-05-03",
    "acceptedDate": "2024-05-02 19:27:57",
    "calendarYear": "2024",
    "period": "Q1",
    "revenue": 7447000000,
    "costOfRevenue": 3200000000,
    "grossProfit": 4247000000,
    "grossProfitRatio": 0.5702967638,
    "researchAndDevelopmentExpenses": 1343000000,
    "generalAndAdministrativeExpenses": 0,
    "sellingAndMarketingExpenses": 0,
    "sellingGeneralAndAdministrativeExpenses": 1808000000,
    "otherExpenses": 105000000,
    "operatingExpenses": 3256000000,
    "costAndExpenses": 6456000000,
    "interestIncome": 0,
    "interestExpense": 824000000,
    "depreciationAndAmortization": 1399000000,
    "ebitda": 2155000000,
    "ebitdaratio": 0.2893782731,
    "operatingIncome": 991000000,
    "operatingIncomeRatio": 0.133073721,
    "totalOtherIncomeExpensesNet": -1059000000,
    "incomeBeforeTax": -68000000,
    "incomeBeforeTaxRatio": -0.0091311938,
    "incomeTaxExpense": 45000000,
    "netIncome": -113000000,
    "netIncomeRatio": -0.0151738955,
    "eps": -0.21,
    "epsdiluted": -0.21,
    "weightedAverageShsOut": 536000000,
    "weightedAverageShsOutDil": 536000000,
    "link": "https://www.sec.gov/Archives/edgar/data/318154/000031815424000020/0000318154-24-000020-index.htm",
    "finalLink": "https://www.sec.gov/Archives/edgar/data/318154/000031815424000020/amgn-20240331.htm"
  },
  {
    "date": "2023-12-31",
    "symbol": "AMGN",
    "reportedCurrency": "USD",
    "cik": "0000318154",
    "fillingDate": "2024-02-14",
    "acceptedDate": "2024-02-14 16:23:32",
    "calendarYear": "2023",
    "period": "Q4",
    "revenue": 8196000000,
    "costOfRevenue": 3112000000,
    "grossProfit": 5084000000,
    "grossProfitRatio": 0.6203025866,
    "researchAndDevelopmentExpenses": 1534000000,
    "generalAndAdministrativeExpenses": 0,
    "sellingAndMarketingExpenses": 0,
    "sellingGeneralAndAdministrativeExpenses": 2274000000,
    "otherExpenses": 5000000,
    "operatingExpenses": 3813000000,
    "costAndExpenses": 6925000000,
    "interestIncome": 0,
    "interestExpense": 821000000,
    "depreciationAndAmortization": 1380000000,
    "ebitda": 3053000000,
    "ebitdaratio": 0.3724987799,
    "operatingIncome": 1271000000,
    "operatingIncomeRatio": 0.1550756467,
    "totalOtherIncomeExpensesNet": -419000000,
    "incomeBeforeTax": 852000000,
    "incomeBeforeTaxRatio": 0.1039531479,
    "incomeTaxExpense": 85000000,
    "netIncome": 767000000,
    "netIncomeRatio": 0.0935822352,
    "eps": 1.43,
    "epsdiluted": 1.42,
    "weightedAverageShsOut": 535000000,
    "weightedAverageShsOutDil": 540000000,
    "link": "https://www.sec.gov/Archives/edgar/data/318154/000031815424000011/0000318154-24-000011-index.htm",
    "finalLink": "https://www.sec.gov/Archives/edgar/data/318154/000031815424000011/amgn-20231231.htm"
  },
  {
    "date": "2023-09-30",
    "symbol": "AMGN",
    "reportedCurrency": "USD",
    "cik": "0000318154",
    "fillingDate": "2023-10-31",
    "acceptedDate": "2023-10-31 16:21:57",
    "calendarYear": "2023",
    "period": "Q3",
    "revenue": 6903000000,
    "costOfRevenue": 1806000000,
    "grossProfit": 5097000000,
    "grossProfitRatio": 0.7383746197,
    "researchAndDevelopmentExpenses": 1079000000,
    "generalAndAdministrativeExpenses": 0,
    "sellingAndMarketingExpenses": 0,
    "sellingGeneralAndAdministrativeExpenses": 1353000000,
    "otherExpenses": 644000000,
    "operatingExpenses": 3076000000,
    "costAndExpenses": 4882000000,
    "interestIncome": 0,
    "interestExpense": 759000000,
    "depreciationAndAmortization": 895000000,
    "ebitda": 3601000000,
    "ebitdaratio": 0.5216572505,
    "operatingIncome": 2021000000,
    "operatingIncomeRatio": 0.2927712589,
    "totalOtherIncomeExpensesNet": -74000000,
    "incomeBeforeTax": 1947000000,
    "incomeBeforeTaxRatio": 0.2820512821,
    "incomeTaxExpense": 217000000,
    "netIncome": 1730000000,
    "netIncomeRatio": 0.2506156743,
    "eps": 3.23,
    "epsdiluted": 3.22,
    "weightedAverageShsOut": 535000000,
    "weightedAverageShsOutDil": 538000000,
    "link": "https://www.sec.gov/Archives/edgar/data/318154/000031815423000064/0000318154-23-000064-index.htm",
    "finalLink": "https://www.sec.gov/Archives/edgar/data/318154/000031815423000064/amgn-20230930.htm"
  },
  {
    "date": "2023-06-30",
    "symbol": "AMGN",
    "reportedCurrency": "USD",
    "cik": "0000318154",
    "fillingDate": "2023-08-04",
    "acceptedDate": "2023-08-03 19:28:03",
    "calendarYear": "2023",
    "period": "Q2",
    "revenue": 6986000000,
    "costOfRevenue": 1813000000,
    "grossProfit": 5173000000,
    "grossProfitRatio": 0.7404809619,
    "researchAndDevelopmentExpenses": 1113000000,
    "generalAndAdministrativeExpenses": 0,
    "sellingAndMarketingExpenses": 0,
    "sellingGeneralAndAdministrativeExpenses": 1294000000,
    "otherExpenses": 82000000,
    "operatingExpenses": 2489000000,
    "costAndExpenses": 4302000000,
    "interestIncome": 0,
    "interestExpense": 752000000,
    "depreciationAndAmortization": 896000000,
    "ebitda": 3262000000,
    "ebitdaratio": 0.4669338677,
    "operatingIncome": 2684000000,
    "operatingIncomeRatio": 0.3841969654,
    "totalOtherIncomeExpensesNet": -1070000000,
    "incomeBeforeTax": 1614000000,
    "incomeBeforeTaxRatio": 0.2310334956,
    "incomeTaxExpense": 235000000,
    "netIncome": 1379000000,
    "netIncomeRatio": 0.1973947896,
    "eps": 2.58,
    "epsdiluted": 2.57,
    "weightedAverageShsOut": 535000000,
    "weightedAverageShsOutDil": 537000000,
    "link": "https://www.sec.gov/Archives/edgar/data/318154/000031815423000053/0000318154-23-000053-index.htm",
    "finalLink": "https://www.sec.gov/Archives/edgar/data/318154/000031815423000053/amgn-20230630.htm"
  },
  {
    "date": "2023-03-31",
    "symbol": "AMGN",
    "reportedCurrency": "USD",
    "cik": "0000318154",
    "fillingDate": "2023-04-28",
    "acceptedDate": "2023-04-27 20:38:17",
    "calendarYear": "2023",
    "period": "Q1",
    "revenue": 6105000000,
    "costOfRevenue": 1720000000,
    "grossProfit": 4385000000,
    "grossProfitRatio": 0.7182637183,
    "researchAndDevelopmentExpenses": 1058000000,
    "generalAndAdministrativeExpenses": 0,
    "sellingAndMarketingExpenses": 0,
    "sellingGeneralAndAdministrativeExpenses": 1258000000,
    "otherExpenses": 148000000,
    "operatingExpenses": 2464000000,
    "costAndExpenses": 4184000000,
    "interestIncome": 0,
    "interestExpense": 543000000,
    "depreciationAndAmortization": 900000000,
    "ebitda": 4885000000,
    "ebitdaratio": 0.8001638002,
    "operatingIncome": 1921000000,
    "operatingIncomeRatio": 0.3146601147,
    "totalOtherIncomeExpensesNet": 1521000000,
    "incomeBeforeTax": 3442000000,
    "incomeBeforeTaxRatio": 0.5638001638,
    "incomeTaxExpense": 601000000,
    "netIncome": 2841000000,
    "netIncomeRatio": 0.4653562654,
    "eps": 5.32,
    "epsdiluted": 5.28,
    "weightedAverageShsOut": 534000000,
    "weightedAverageShsOutDil": 538000000,
    "link": "https://www.sec.gov/Archives/edgar/data/318154/000031815423000029/0000318154-23-000029-index.htm",
    "finalLink": "https://www.sec.gov/Archives/edgar/data/318154/000031815423000029/amgn-20230331.htm"
  },
  {
    "date": "2022-12-31",
    "symbol": "AMGN",
    "reportedCurrency": "USD",
    "cik": "0000318154",
    "fillingDate": "2023-02-09",
    "acceptedDate": "2023-02-09 16:26:31",
    "calendarYear": "2022",
    "period": "Q4",
    "revenue": 6839000000,
    "costOfRevenue": 1747000000,
    "grossProfit": 5092000000,
    "grossProfitRatio": 0.7445532973,
    "researchAndDevelopmentExpenses": 1324000000,
    "generalAndAdministrativeExpenses": 0,
    "sellingAndMarketingExpenses": 0,
    "sellingGeneralAndAdministrativeExpenses": 1572000000,
    "otherExpenses": -34000000,
    "operatingExpenses": 2862000000,
    "costAndExpenses": 4609000000,
    "interestIncome": 0,
    "interestExpense": 415000000,
    "depreciationAndAmortization": 911000000,
    "ebitda": 3074000000,
    "ebitdaratio": 0.4494809183,
    "operatingIncome": 2230000000,
    "operatingIncomeRatio": 0.326071063,
    "totalOtherIncomeExpensesNet": -482000000,
    "incomeBeforeTax": 1748000000,
    "incomeBeforeTaxRatio": 0.2555929229,
    "incomeTaxExpense": 132000000,
    "netIncome": 1616000000,
    "netIncomeRatio": 0.2362918555,
    "eps": 3.02,
    "epsdiluted": 3,
    "weightedAverageShsOut": 535000000,
    "weightedAverageShsOutDil": 539000000,
    "link": "https://www.sec.gov/Archives/edgar/data/318154/000031815423000017/0000318154-23-000017-index.htm",
    "finalLink": "https://www.sec.gov/Archives/edgar/data/318154/000031815423000017/amgn-20221231.htm"
  },
  {
    "date": "2022-09-30",
    "symbol": "AMGN",
    "reportedCurrency": "USD",
    "cik": "0000318154",
    "fillingDate": "2022-11-04",
    "acceptedDate": "2022-11-03 19:24:04",
    "calendarYear": "2022",
    "period": "Q3",
    "revenue": 6652000000,
    "costOfRevenue": 1588000000,
    "grossProfit": 5064000000,
    "grossProfitRatio": 0.7612748046,
    "researchAndDevelopmentExpenses": 1112000000,
    "generalAndAdministrativeExpenses": 0,
    "sellingAndMarketingExpenses": 0,
    "sellingGeneralAndAdministrativeExpenses": 1287000000,
    "otherExpenses": 5000000,
    "operatingExpenses": 2404000000,
    "costAndExpenses": 3992000000,
    "interestIncome": 0,
    "interestExpense": 368000000,
    "depreciationAndAmortization": 837000000,
    "ebitda": 3597000000,
    "ebitdaratio": 0.5407396272,
    "operatingIncome": 2660000000,
    "operatingIncomeRatio": 0.3998797354,
    "totalOtherIncomeExpensesNet": -268000000,
    "incomeBeforeTax": 2392000000,
    "incomeBeforeTaxRatio": 0.3595911004,
    "incomeTaxExpense": 249000000,
    "netIncome": 2143000000,
    "netIncomeRatio": 0.3221587492,
    "eps": 4.01,
    "epsdiluted": 3.98,
    "weightedAverageShsOut": 535000000,
    "weightedAverageShsOutDil": 538000000,
    "link": "https://www.sec.gov/Archives/edgar/data/318154/000031815422000055/0000318154-22-000055-index.htm",
    "finalLink": "https://www.sec.gov/Archives/edgar/data/318154/000031815422000055/amgn-20220930.htm"
  },
  {
    "date": "2022-06-30",
    "symbol": "AMGN",
    "reportedCurrency": "USD",
    "cik": "0000318154",
    "fillingDate": "2022-08-05",
    "acceptedDate": "2022-08-04 19:53:42",
    "calendarYear": "2022",
    "period": "Q2",
    "revenue": 6594000000,
    "costOfRevenue": 1510000000,
    "grossProfit": 5084000000,
    "grossProfitRatio": 0.771003943,
    "researchAndDevelopmentExpenses": 1039000000,
    "generalAndAdministrativeExpenses": 0,
    "sellingAndMarketingExpenses": 0,
    "sellingGeneralAndAdministrativeExpenses": 1327000000,
    "otherExpenses": 542000000,
    "operatingExpenses": 2908000000,
    "costAndExpenses": 4418000000,
    "interestIncome": 0,
    "interestExpense": 328000000,
    "depreciationAndAmortization": 828000000,
    "ebitda": 2687000000,
    "ebitdaratio": 0.4074916591,
    "operatingIncome": 2176000000,
    "operatingIncomeRatio": 0.3299969669,
    "totalOtherIncomeExpensesNet": -645000000,
    "incomeBeforeTax": 1531000000,
    "incomeBeforeTaxRatio": 0.2321807704,
    "incomeTaxExpense": 214000000,
    "netIncome": 1317000000,
    "netIncomeRatio": 0.1997270246,
    "eps": 2.46,
    "epsdiluted": 2.45,
    "weightedAverageShsOut": 535000000,
    "weightedAverageShsOutDil": 537000000,
    "link": "https://www.sec.gov/Archives/edgar/data/318154/000031815422000041/0000318154-22-000041-index.htm",
    "finalLink": "https://www.sec.gov/Archives/edgar/data/318154/000031815422000041/amgn-20220630.htm"
  },
  {
    "date": "2022-03-31",
    "symbol": "AMGN",
    "reportedCurrency": "USD",
    "cik": "0000318154",
    "fillingDate": "2022-04-28",
    "acceptedDate": "2022-04-27 20:00:34",
    "calendarYear": "2022",
    "period": "Q1",
    "revenue": 6238000000,
    "costOfRevenue": 1561000000,
    "grossProfit": 4677000000,
    "grossProfitRatio": 0.7497595383,
    "researchAndDevelopmentExpenses": 959000000,
    "generalAndAdministrativeExpenses": 0,
    "sellingAndMarketingExpenses": 0,
    "sellingGeneralAndAdministrativeExpenses": 1228000000,
    "otherExpenses": -10000000,
    "operatingExpenses": 2177000000,
    "costAndExpenses": 3738000000,
    "interestIncome": 0,
    "interestExpense": 295000000,
    "depreciationAndAmortization": 841000000,
    "ebitda": 2811000000,
    "ebitdaratio": 0.4506252004,
    "operatingIncome": 2500000000,
    "operatingIncomeRatio": 0.4007694774,
    "totalOtherIncomeExpensesNet": -825000000,
    "incomeBeforeTax": 1675000000,
    "incomeBeforeTaxRatio": 0.2685155499,
    "incomeTaxExpense": 199000000,
    "netIncome": 1476000000,
    "netIncomeRatio": 0.2366142995,
    "eps": 2.69,
    "epsdiluted": 2.68,
    "weightedAverageShsOut": 548000000,
    "weightedAverageShsOutDil": 551000000,
    "link": "https://www.sec.gov/Archives/edgar/data/318154/000031815422000021/0000318154-22-000021-index.htm",
    "finalLink": "https://www.sec.gov/Archives/edgar/data/318154/000031815422000021/amgn-20220331.htm"
  },
  {
    "date": "2021-12-31",
    "symbol": "AMGN",
    "reportedCurrency": "USD",
    "cik": "0000318154",
    "fillingDate": "2022-02-16",
    "acceptedDate": "2022-02-16 16:39:53",
    "calendarYear": "2021",
    "period": "Q4",
    "revenue": 6846000000,
    "costOfRevenue": 1718000000,
    "grossProfit": 5128000000,
    "grossProfitRatio": 0.7490505405,
    "researchAndDevelopmentExpenses": 1348000000,
    "generalAndAdministrativeExpenses": 0,
    "sellingAndMarketingExpenses": 0,
    "sellingGeneralAndAdministrativeExpenses": 1425000000,
    "otherExpenses": 51000000,
    "operatingExpenses": 2824000000,
    "costAndExpenses": 4542000000,
    "interestIncome": 0,
    "interestExpense": 335000000,
    "depreciationAndAmortization": 852000000,
    "ebitda": 3318000000,
    "ebitdaratio": 0.4846625767,
    "operatingIncome": 2304000000,
    "operatingIncomeRatio": 0.3365468887,
    "totalOtherIncomeExpensesNet": -173000000,
    "incomeBeforeTax": 2131000000,
    "incomeBeforeTaxRatio": 0.3112766579,
    "incomeTaxExpense": 232000000,
    "netIncome": 1899000000,
    "netIncomeRatio": 0.2773882559,
    "eps": 3.38,
    "epsdiluted": 3.36,
    "weightedAverageShsOut": 562000000,
    "weightedAverageShsOutDil": 565000000,
    "link": "https://www.sec.gov/Archives/edgar/data/318154/000031815422000010/0000318154-22-000010-index.htm",
    "finalLink": "https://www.sec.gov/Archives/edgar/data/318154/000031815422000010/amgn-20211231.htm"
  },
  {
    "date": "2021-09-30",
    "symbol": "AMGN",
    "reportedCurrency": "USD",
    "cik": "0000318154",
    "fillingDate": "2021-11-03",
    "acceptedDate": "2021-11-02 20:08:39",
    "calendarYear": "2021",
    "period": "Q3",
    "revenue": 6706000000,
    "costOfRevenue": 1609000000,
    "grossProfit": 5097000000,
    "grossProfitRatio": 0.7600656129,
    "researchAndDevelopmentExpenses": 1422000000,
    "generalAndAdministrativeExpenses": 0,
    "sellingAndMarketingExpenses": 0,
    "sellingGeneralAndAdministrativeExpenses": 1305000000,
    "otherExpenses": -8000000,
    "operatingExpenses": 2719000000,
    "costAndExpenses": 4328000000,
    "interestIncome": 0,
    "interestExpense": 296000000,
    "depreciationAndAmortization": 850000000,
    "ebitda": 3301000000,
    "ebitdaratio": 0.4922457501,
    "operatingIncome": 2378000000,
    "operatingIncomeRatio": 0.3546078139,
    "totalOtherIncomeExpensesNet": -223000000,
    "incomeBeforeTax": 2155000000,
    "incomeBeforeTaxRatio": 0.3213540113,
    "incomeTaxExpense": 271000000,
    "netIncome": 1884000000,
    "netIncomeRatio": 0.2809424396,
    "eps": 3.32,
    "epsdiluted": 3.31,
    "weightedAverageShsOut": 567000000,
    "weightedAverageShsOutDil": 570000000,
    "link": "https://www.sec.gov/Archives/edgar/data/318154/000031815421000045/0000318154-21-000045-index.htm",
    "finalLink": "https://www.sec.gov/Archives/edgar/data/318154/000031815421000045/amgn-20210930.htm"
  },
  {
    "date": "2021-06-30",
    "symbol": "AMGN",
    "reportedCurrency": "USD",
    "cik": "0000318154",
    "fillingDate": "2021-08-04",
    "acceptedDate": "2021-08-03 20:25:00",
    "calendarYear": "2021",
    "period": "Q2",
    "revenue": 6526000000,
    "costOfRevenue": 1637000000,
    "grossProfit": 4889000000,
    "grossProfitRatio": 0.7491572173,
    "researchAndDevelopmentExpenses": 1082000000,
    "generalAndAdministrativeExpenses": 0,
    "sellingAndMarketingExpenses": 0,
    "sellingGeneralAndAdministrativeExpenses": 1384000000,
    "otherExpenses": 1595000000,
    "operatingExpenses": 4061000000,
    "costAndExpenses": 5698000000,
    "interestIncome": 0,
    "interestExpense": 281000000,
    "depreciationAndAmortization": 855000000,
    "ebitda": 1694000000,
    "ebitdaratio": 0.2595770763,
    "operatingIncome": 828000000,
    "operatingIncomeRatio": 0.126877107,
    "totalOtherIncomeExpensesNet": -270000000,
    "incomeBeforeTax": 558000000,
    "incomeBeforeTaxRatio": 0.0855041373,
    "incomeTaxExpense": 94000000,
    "netIncome": 464000000,
    "netIncomeRatio": 0.0711002145,
    "eps": 0.81,
    "epsdiluted": 0.81,
    "weightedAverageShsOut": 573000000,
    "weightedAverageShsOutDil": 576000000,
    "link": "https://www.sec.gov/Archives/edgar/data/318154/000031815421000034/0000318154-21-000034-index.htm",
    "finalLink": "https://www.sec.gov/Archives/edgar/data/318154/000031815421000034/amgn-20210630.htm"
  },
  {
    "date": "2021-03-31",
    "symbol": "AMGN",
    "reportedCurrency": "USD",
    "cik": "0000318154",
    "fillingDate": "2021-04-28",
    "acceptedDate": "2021-04-27 20:01:28",
    "calendarYear": "2021",
    "period": "Q1",
    "revenue": 5901000000,
    "costOfRevenue": 1490000000,
    "grossProfit": 4411000000,
    "grossProfitRatio": 0.7475004237,
    "researchAndDevelopmentExpenses": 967000000,
    "generalAndAdministrativeExpenses": 0,
    "sellingAndMarketingExpenses": 0,
    "sellingGeneralAndAdministrativeExpenses": 1254000000,
    "otherExpenses": 61000000,
    "operatingExpenses": 2282000000,
    "costAndExpenses": 3772000000,
    "interestIncome": 0,
    "interestExpense": 285000000,
    "depreciationAndAmortization": 841000000,
    "ebitda": 2983000000,
    "ebitdaratio": 0.5055075411,
    "operatingIncome": 2129000000,
    "operatingIncomeRatio": 0.3607863074,
    "totalOtherIncomeExpensesNet": -272000000,
    "incomeBeforeTax": 1857000000,
    "incomeBeforeTaxRatio": 0.314692425,
    "incomeTaxExpense": 211000000,
    "netIncome": 1646000000,
    "netIncomeRatio": 0.2789357736,
    "eps": 2.85,
    "epsdiluted": 2.83,
    "weightedAverageShsOut": 577000000,
    "weightedAverageShsOutDil": 581000000,
    "link": "https://www.sec.gov/Archives/edgar/data/318154/000031815421000019/0000318154-21-000019-index.htm",
    "finalLink": "https://www.sec.gov/Archives/edgar/data/318154/000031815421000019/amgn-20210331.htm"
  },
  {
    "date": "2020-12-31",
    "symbol": "AMGN",
    "reportedCurrency": "USD",
    "cik": "0000318154",
    "fillingDate": "2021-02-09",
    "acceptedDate": "2021-02-08 19:24:56",
    "calendarYear": "2020",
    "period": "Q4",
    "revenue": 6634000000,
    "costOfRevenue": 1597000000,
    "grossProfit": 5037000000,
    "grossProfitRatio": 0.7592704251,
    "researchAndDevelopmentExpenses": 1229000000,
    "generalAndAdministrativeExpenses": 0,
    "sellingAndMarketingExpenses": 0,
    "sellingGeneralAndAdministrativeExpenses": 1773000000,
    "otherExpenses": 27000000,
    "operatingExpenses": 3029000000,
    "costAndExpenses": 4626000000,
    "interestIncome": 187000000,
    "interestExpense": 318000000,
    "depreciationAndAmortization": 873000000,
    "ebitda": 3068000000,
    "ebitdaratio": 0.4624660838,
    "operatingIncome": 2008000000,
    "operatingIncomeRatio": 0.3026831474,
    "totalOtherIncomeExpensesNet": -131000000,
    "incomeBeforeTax": 1877000000,
    "incomeBeforeTaxRatio": 0.2829363883,
    "incomeTaxExpense": 262000000,
    "netIncome": 1615000000,
    "netIncomeRatio": 0.2434428701,
    "eps": 2.78,
    "epsdiluted": 2.76,
    "weightedAverageShsOut": 581000000,
    "weightedAverageShsOutDil": 585000000,
    "link": "https://www.sec.gov/Archives/edgar/data/318154/000031815421000010/0000318154-21-000010-index.htm",
    "finalLink": "https://www.sec.gov/Archives/edgar/data/318154/000031815421000010/amgn-20201231.htm"
  },
  {
    "date": "2020-09-30",
    "symbol": "AMGN",
    "reportedCurrency": "USD",
    "cik": "0000318154",
    "fillingDate": "2020-10-29",
    "acceptedDate": "2020-10-28 19:55:25",
    "calendarYear": "2020",
    "period": "Q3",
    "revenue": 6423000000,
    "costOfRevenue": 1561000000,
    "grossProfit": 4862000000,
    "grossProfitRatio": 0.7569671493,
    "researchAndDevelopmentExpenses": 1062000000,
    "generalAndAdministrativeExpenses": 0,
    "sellingAndMarketingExpenses": 0,
    "sellingGeneralAndAdministrativeExpenses": 1346000000,
    "otherExpenses": 1000000,
    "operatingExpenses": 2409000000,
    "costAndExpenses": 3970000000,
    "interestIncome": 0,
    "interestExpense": 302000000,
    "depreciationAndAmortization": 901000000,
    "ebitda": 3409000000,
    "ebitdaratio": 0.5307488712,
    "operatingIncome": 2453000000,
    "operatingIncomeRatio": 0.3819087654,
    "totalOtherIncomeExpensesNet": -247000000,
    "incomeBeforeTax": 2206000000,
    "incomeBeforeTaxRatio": 0.343453215,
    "incomeTaxExpense": 185000000,
    "netIncome": 2021000000,
    "netIncomeRatio": 0.3146504749,
    "eps": 3.45,
    "epsdiluted": 3.43,
    "weightedAverageShsOut": 585000000,
    "weightedAverageShsOutDil": 589000000,
    "link": "https://www.sec.gov/Archives/edgar/data/318154/000031815420000060/0000318154-20-000060-index.htm",
    "finalLink": "https://www.sec.gov/Archives/edgar/data/318154/000031815420000060/amgn-20200930.htm"
  },
  {
    "date": "2020-06-30",
    "symbol": "AMGN",
    "reportedCurrency": "USD",
    "cik": "0000318154",
    "fillingDate": "2020-07-29",
    "acceptedDate": "2020-07-28 19:18:00",
    "calendarYear": "2020",
    "period": "Q2",
    "revenue": 6206000000,
    "costOfRevenue": 1488000000,
    "grossProfit": 4718000000,
    "grossProfitRatio": 0.7602320335,
    "researchAndDevelopmentExpenses": 964000000,
    "generalAndAdministrativeExpenses": 0,
    "sellingAndMarketingExpenses": 0,
    "sellingGeneralAndAdministrativeExpenses": 1295000000,
    "otherExpenses": 136000000,
    "operatingExpenses": 2395000000,
    "costAndExpenses": 3883000000,
    "interestIncome": 0,
    "interestExpense": 296000000,
    "depreciationAndAmortization": 930000000,
    "ebitda": 3256000000,
    "ebitdaratio": 0.5246535611,
    "operatingIncome": 2323000000,
    "operatingIncomeRatio": 0.3743151789,
    "totalOtherIncomeExpensesNet": -293000000,
    "incomeBeforeTax": 2030000000,
    "incomeBeforeTaxRatio": 0.3271028037,
    "incomeTaxExpense": 227000000,
    "netIncome": 1803000000,
    "netIncomeRatio": 0.2905252981,
    "eps": 3.07,
    "epsdiluted": 3.05,
    "weightedAverageShsOut": 588000000,
    "weightedAverageShsOutDil": 592000000,
    "link": "https://www.sec.gov/Archives/edgar/data/318154/000031815420000048/0000318154-20-000048-index.htm",
    "finalLink": "https://www.sec.gov/Archives/edgar/data/318154/000031815420000048/amgn-20200630.htm"
  },
  {
    "date": "2020-03-31",
    "symbol": "AMGN",
    "reportedCurrency": "USD",
    "cik": "0000318154",
    "fillingDate": "2020-05-01",
    "acceptedDate": "2020-04-30 20:48:21",
    "calendarYear": "2020",
    "period": "Q1",
    "revenue": 6161000000,
    "costOfRevenue": 1513000000,
    "grossProfit": 4648000000,
    "grossProfitRatio": 0.7544229833,
    "researchAndDevelopmentExpenses": 952000000,
    "generalAndAdministrativeExpenses": 0,
    "sellingAndMarketingExpenses": 0,
    "sellingGeneralAndAdministrativeExpenses": 1316000000,
    "otherExpenses": 25000000,
    "operatingExpenses": 2293000000,
    "costAndExpenses": 3806000000,
    "interestIncome": 0,
    "interestExpense": 346000000,
    "depreciationAndAmortization": 897000000,
    "ebitda": 3263000000,
    "ebitdaratio": 0.5296218146,
    "operatingIncome": 2355000000,
    "operatingIncomeRatio": 0.3822431423,
    "totalOtherIncomeExpensesNet": -335000000,
    "incomeBeforeTax": 2020000000,
    "incomeBeforeTaxRatio": 0.3278688525,
    "incomeTaxExpense": 195000000,
    "netIncome": 1825000000,
    "netIncomeRatio": 0.2962181464,
    "eps": 3.09,
    "epsdiluted": 3.07,
    "weightedAverageShsOut": 590000000,
    "weightedAverageShsOutDil": 594000000,
    "link": "https://www.sec.gov/Archives/edgar/data/318154/000031815420000031/0000318154-20-000031-index.htm",
    "finalLink": "https://www.sec.gov/Archives/edgar/data/318154/000031815420000031/amgn-2020331x10q.htm"
  },
  {
    "date": "2019-12-31",
    "symbol": "AMGN",
    "reportedCurrency": "USD",
    "cik": "0000318154",
    "fillingDate": "2020-02-12",
    "acceptedDate": "2020-02-12 17:15:19",
    "calendarYear": "2019",
    "period": "Q4",
    "revenue": 6197000000,
    "costOfRevenue": 1253000000,
    "grossProfit": 4944000000,
    "grossProfitRatio": 0.7978053897,
    "researchAndDevelopmentExpenses": 1312000000,
    "generalAndAdministrativeExpenses": 0,
    "sellingAndMarketingExpenses": 0,
    "sellingGeneralAndAdministrativeExpenses": 1513000000,
    "otherExpenses": 71000000,
    "operatingExpenses": 2896000000,
    "costAndExpenses": 4149000000,
    "interestIncome": 236000000,
    "interestExpense": 301000000,
    "depreciationAndAmortization": 702000000,
    "ebitda": 2986000000,
    "ebitdaratio": 0.4818460545,
    "operatingIncome": 2048000000,
    "operatingIncomeRatio": 0.3304824915,
    "totalOtherIncomeExpensesNet": -65000000,
    "incomeBeforeTax": 1983000000,
    "incomeBeforeTaxRatio": 0.3199935453,
    "incomeTaxExpense": 280000000,
    "netIncome": 1703000000,
    "netIncomeRatio": 0.2748103921,
    "eps": 2.87,
    "epsdiluted": 2.85,
    "weightedAverageShsOut": 593000000,
    "weightedAverageShsOutDil": 598000000,
    "link": "https://www.sec.gov/Archives/edgar/data/318154/000031815420000017/0000318154-20-000017-index.htm",
    "finalLink": "https://www.sec.gov/Archives/edgar/data/318154/000031815420000017/amgn-12312019x10kq42019.htm"
  },
  {
    "date": "2019-09-30",
    "symbol": "AMGN",
    "reportedCurrency": "USD",
    "cik": "0000318154",
    "fillingDate": "2019-10-30",
    "acceptedDate": "2019-10-29 19:31:34",
    "calendarYear": "2019",
    "period": "Q3",
    "revenue": 5737000000,
    "costOfRevenue": 1036000000,
    "grossProfit": 4701000000,
    "grossProfitRatio": 0.8194178142,
    "researchAndDevelopmentExpenses": 1001000000,
    "generalAndAdministrativeExpenses": 0,
    "sellingAndMarketingExpenses": 0,
    "sellingGeneralAndAdministrativeExpenses": 1223000000,
    "otherExpenses": 1000000,
    "operatingExpenses": 2225000000,
    "costAndExpenses": 3261000000,
    "interestIncome": 114000000,
    "interestExpense": 313000000,
    "depreciationAndAmortization": 508000000,
    "ebitda": 3098000000,
    "ebitdaratio": 0.5400034861,
    "operatingIncome": 2476000000,
    "operatingIncomeRatio": 0.4315844518,
    "totalOtherIncomeExpensesNet": -199000000,
    "incomeBeforeTax": 2277000000,
    "incomeBeforeTaxRatio": 0.3968973331,
    "incomeTaxExpense": 309000000,
    "netIncome": 1968000000,
    "netIncomeRatio": 0.3430364302,
    "eps": 3.29,
    "epsdiluted": 3.27,
    "weightedAverageShsOut": 599000000,
    "weightedAverageShsOutDil": 602000000,
    "link": "https://www.sec.gov/Archives/edgar/data/318154/000031815419000046/0000318154-19-000046-index.htm",
    "finalLink": "https://www.sec.gov/Archives/edgar/data/318154/000031815419000046/amgn-2019930x10q.htm"
  },
  {
    "date": "2019-06-30",
    "symbol": "AMGN",
    "reportedCurrency": "USD",
    "cik": "0000318154",
    "fillingDate": "2019-07-31",
    "acceptedDate": "2019-07-30 19:13:12",
    "calendarYear": "2019",
    "period": "Q2",
    "revenue": 5871000000,
    "costOfRevenue": 1012000000,
    "grossProfit": 4859000000,
    "grossProfitRatio": 0.8276273207,
    "researchAndDevelopmentExpenses": 924000000,
    "generalAndAdministrativeExpenses": 0,
    "sellingAndMarketingExpenses": 0,
    "sellingGeneralAndAdministrativeExpenses": 1260000000,
    "otherExpenses": -3000000,
    "operatingExpenses": 2181000000,
    "costAndExpenses": 3193000000,
    "interestIncome": 218000000,
    "interestExpense": 332000000,
    "depreciationAndAmortization": 501000000,
    "ebitda": 3397000000,
    "ebitdaratio": 0.578606711,
    "operatingIncome": 2678000000,
    "operatingIncomeRatio": 0.4561403509,
    "totalOtherIncomeExpensesNet": -114000000,
    "incomeBeforeTax": 2564000000,
    "incomeBeforeTaxRatio": 0.4367228751,
    "incomeTaxExpense": 385000000,
    "netIncome": 2179000000,
    "netIncomeRatio": 0.3711463124,
    "eps": 3.59,
    "epsdiluted": 3.57,
    "weightedAverageShsOut": 607000000,
    "weightedAverageShsOutDil": 610000000,
    "link": "https://www.sec.gov/Archives/edgar/data/318154/000031815419000037/0000318154-19-000037-index.htm",
    "finalLink": "https://www.sec.gov/Archives/edgar/data/318154/000031815419000037/amgn-2019630x10q.htm"
  },
  {
    "date": "2019-03-31",
    "symbol": "AMGN",
    "reportedCurrency": "USD",
    "cik": "0000318154",
    "fillingDate": "2019-05-01",
    "acceptedDate": "2019-04-30 18:37:54",
    "calendarYear": "2019",
    "period": "Q1",
    "revenue": 5557000000,
    "costOfRevenue": 1055000000,
    "grossProfit": 4502000000,
    "grossProfitRatio": 0.8101493612,
    "researchAndDevelopmentExpenses": 879000000,
    "generalAndAdministrativeExpenses": 0,
    "sellingAndMarketingExpenses": 0,
    "sellingGeneralAndAdministrativeExpenses": 1154000000,
    "otherExpenses": -3000000,
    "operatingExpenses": 2030000000,
    "costAndExpenses": 3085000000,
    "interestIncome": 185000000,
    "interestExpense": 343000000,
    "depreciationAndAmortization": 495000000,
    "ebitda": 3152000000,
    "ebitdaratio": 0.5672125247,
    "operatingIncome": 2472000000,
    "operatingIncomeRatio": 0.4448443405,
    "totalOtherIncomeExpensesNet": -158000000,
    "incomeBeforeTax": 2314000000,
    "incomeBeforeTaxRatio": 0.4164117329,
    "incomeTaxExpense": 322000000,
    "netIncome": 1992000000,
    "netIncomeRatio": 0.3584667986,
    "eps": 3.2,
    "epsdiluted": 3.18,
    "weightedAverageShsOut": 622000000,
    "weightedAverageShsOutDil": 626000000,
    "link": "https://www.sec.gov/Archives/edgar/data/318154/000031815419000018/0000318154-19-000018-index.htm",
    "finalLink": "https://www.sec.gov/Archives/edgar/data/318154/000031815419000018/amgn-2019331x10q.htm"
  },
  {
    "date": "2018-12-31",
    "symbol": "AMGN",
    "reportedCurrency": "USD",
    "cik": "0000318154",
    "fillingDate": "2019-02-13",
    "acceptedDate": "2019-02-13 17:20:20",
    "calendarYear": "2018",
    "period": "Q4",
    "revenue": 6230000000,
    "costOfRevenue": 1096000000,
    "grossProfit": 5134000000,
    "grossProfitRatio": 0.8240770465,
    "researchAndDevelopmentExpenses": 1182000000,
    "generalAndAdministrativeExpenses": 0,
    "sellingAndMarketingExpenses": 0,
    "sellingGeneralAndAdministrativeExpenses": 1559000000,
    "otherExpenses": 11000000,
    "operatingExpenses": 2752000000,
    "costAndExpenses": 3848000000,
    "interestIncome": 155000000,
    "interestExpense": 352000000,
    "depreciationAndAmortization": 490000000,
    "ebitda": 3027000000,
    "ebitdaratio": 0.4858747994,
    "operatingIncome": 2382000000,
    "operatingIncomeRatio": 0.3823434992,
    "totalOtherIncomeExpensesNet": -197000000,
    "incomeBeforeTax": 2185000000,
    "incomeBeforeTaxRatio": 0.3507223114,
    "incomeTaxExpense": 257000000,
    "netIncome": 1928000000,
    "netIncomeRatio": 0.309470305,
    "eps": 3.04,
    "epsdiluted": 3.01,
    "weightedAverageShsOut": 635000000,
    "weightedAverageShsOutDil": 640000000,
    "link": "https://www.sec.gov/Archives/edgar/data/318154/000031815419000008/0000318154-19-000008-index.htm",
    "finalLink": "https://www.sec.gov/Archives/edgar/data/318154/000031815419000008/amgn-12312018x10kq42018.htm"
  },
  {
    "date": "2018-09-30",
    "symbol": "AMGN",
    "reportedCurrency": "USD",
    "cik": "0000318154",
    "fillingDate": "2018-10-31",
    "acceptedDate": "2018-10-30 18:53:11",
    "calendarYear": "2018",
    "period": "Q3",
    "revenue": 5904000000,
    "costOfRevenue": 1037000000,
    "grossProfit": 4867000000,
    "grossProfitRatio": 0.8243563686,
    "researchAndDevelopmentExpenses": 926000000,
    "generalAndAdministrativeExpenses": 0,
    "sellingAndMarketingExpenses": 0,
    "sellingGeneralAndAdministrativeExpenses": 1293000000,
    "otherExpenses": 325000000,
    "operatingExpenses": 2544000000,
    "costAndExpenses": 3581000000,
    "interestIncome": 126000000,
    "interestExpense": 355000000,
    "depreciationAndAmortization": 501000000,
    "ebitda": 2950000000,
    "ebitdaratio": 0.4996612466,
    "operatingIncome": 2323000000,
    "operatingIncomeRatio": 0.3934620596,
    "totalOtherIncomeExpensesNet": -229000000,
    "incomeBeforeTax": 2094000000,
    "incomeBeforeTaxRatio": 0.3546747967,
    "incomeTaxExpense": 235000000,
    "netIncome": 1859000000,
    "netIncomeRatio": 0.3148712737,
    "eps": 2.88,
    "epsdiluted": 2.86,
    "weightedAverageShsOut": 645000000,
    "weightedAverageShsOutDil": 649000000,
    "link": "https://www.sec.gov/Archives/edgar/data/318154/000031815418000022/0000318154-18-000022-index.htm",
    "finalLink": "https://www.sec.gov/Archives/edgar/data/318154/000031815418000022/amgn-2018930x10q.htm"
  },
  {
    "date": "2018-06-30",
    "symbol": "AMGN",
    "reportedCurrency": "USD",
    "cik": "0000318154",
    "fillingDate": "2018-07-27",
    "acceptedDate": "2018-07-26 18:58:06",
    "calendarYear": "2018",
    "period": "Q2",
    "revenue": 6059000000,
    "costOfRevenue": 1024000000,
    "grossProfit": 5035000000,
    "grossProfitRatio": 0.8309952137,
    "researchAndDevelopmentExpenses": 869000000,
    "generalAndAdministrativeExpenses": 0,
    "sellingAndMarketingExpenses": 0,
    "sellingGeneralAndAdministrativeExpenses": 1353000000,
    "otherExpenses": -19000000,
    "operatingExpenses": 2203000000,
    "costAndExpenses": 3227000000,
    "interestIncome": 162000000,
    "interestExpense": 347000000,
    "depreciationAndAmortization": 484000000,
    "ebitda": 3478000000,
    "ebitdaratio": 0.5740221159,
    "operatingIncome": 2832000000,
    "operatingIncomeRatio": 0.467403862,
    "totalOtherIncomeExpensesNet": -185000000,
    "incomeBeforeTax": 2647000000,
    "incomeBeforeTaxRatio": 0.4368707708,
    "incomeTaxExpense": 351000000,
    "netIncome": 2296000000,
    "netIncomeRatio": 0.3789404192,
    "eps": 3.5,
    "epsdiluted": 3.48,
    "weightedAverageShsOut": 656000000,
    "weightedAverageShsOutDil": 660000000,
    "link": "https://www.sec.gov/Archives/edgar/data/318154/000031815418000015/0000318154-18-000015-index.htm",
    "finalLink": "https://www.sec.gov/Archives/edgar/data/318154/000031815418000015/amgn-2018630x10q.htm"
  },
  {
    "date": "2018-03-31",
    "symbol": "AMGN",
    "reportedCurrency": "USD",
    "cik": "0000318154",
    "fillingDate": "2018-04-25",
    "acceptedDate": "2018-04-24 19:28:44",
    "calendarYear": "2018",
    "period": "Q1",
    "revenue": 5554000000,
    "costOfRevenue": 944000000,
    "grossProfit": 4610000000,
    "grossProfitRatio": 0.8300324091,
    "researchAndDevelopmentExpenses": 760000000,
    "generalAndAdministrativeExpenses": 0,
    "sellingAndMarketingExpenses": 0,
    "sellingGeneralAndAdministrativeExpenses": 1127000000,
    "otherExpenses": -3000000,
    "operatingExpenses": 1884000000,
    "costAndExpenses": 2828000000,
    "interestIncome": 231000000,
    "interestExpense": 338000000,
    "depreciationAndAmortization": 471000000,
    "ebitda": 3428000000,
    "ebitdaratio": 0.6172128196,
    "operatingIncome": 2726000000,
    "operatingIncomeRatio": 0.4908174289,
    "totalOtherIncomeExpensesNet": -107000000,
    "incomeBeforeTax": 2619000000,
    "incomeBeforeTaxRatio": 0.4715520346,
    "incomeTaxExpense": 308000000,
    "netIncome": 2311000000,
    "netIncomeRatio": 0.416096507,
    "eps": 3.27,
    "epsdiluted": 3.25,
    "weightedAverageShsOut": 707000000,
    "weightedAverageShsOutDil": 711000000,
    "link": "https://www.sec.gov/Archives/edgar/data/318154/000031815418000008/0000318154-18-000008-index.htm",
    "finalLink": "https://www.sec.gov/Archives/edgar/data/318154/000031815418000008/amgn-2018331x10q.htm"
  },
  {
    "date": "2017-12-31",
    "symbol": "AMGN",
    "reportedCurrency": "USD",
    "cik": "0000318154",
    "fillingDate": "2018-02-13",
    "acceptedDate": "2018-02-13 16:48:04",
    "calendarYear": "2017",
    "period": "Q4",
    "revenue": 5802000000,
    "costOfRevenue": 1059000000,
    "grossProfit": 4743000000,
    "grossProfitRatio": 0.8174767322,
    "researchAndDevelopmentExpenses": 1043000000,
    "generalAndAdministrativeExpenses": 0,
    "sellingAndMarketingExpenses": 0,
    "sellingGeneralAndAdministrativeExpenses": 1427000000,
    "otherExpenses": 28000000,
    "operatingExpenses": 2498000000,
    "costAndExpenses": 3557000000,
    "interestIncome": 301000000,
    "interestExpense": 332000000,
    "depreciationAndAmortization": 449000000,
    "ebitda": 2995000000,
    "ebitdaratio": 0.5162013099,
    "operatingIncome": 2245000000,
    "operatingIncomeRatio": 0.3869355395,
    "totalOtherIncomeExpensesNet": -31000000,
    "incomeBeforeTax": 2214000000,
    "incomeBeforeTaxRatio": 0.3815925543,
    "incomeTaxExpense": 6478000000,
    "netIncome": -4264000000,
    "netIncomeRatio": -0.7349189935,
    "eps": -5.89,
    "epsdiluted": -5.89,
    "weightedAverageShsOut": 723604719,
    "weightedAverageShsOutDil": 724000000,
    "link": "https://www.sec.gov/Archives/edgar/data/318154/000031815418000004/0000318154-18-000004-index.htm",
    "finalLink": "https://www.sec.gov/Archives/edgar/data/318154/000031815418000004/amgn-12312017x10k.htm"
  },
  {
    "date": "2017-09-30",
    "symbol": "AMGN",
    "reportedCurrency": "USD",
    "cik": "0000318154",
    "fillingDate": "2017-10-26",
    "acceptedDate": "2017-10-25 20:00:14",
    "calendarYear": "2017",
    "period": "Q3",
    "revenue": 5773000000,
    "costOfRevenue": 990000000,
    "grossProfit": 4783000000,
    "grossProfitRatio": 0.8285120388,
    "researchAndDevelopmentExpenses": 877000000,
    "generalAndAdministrativeExpenses": 0,
    "sellingAndMarketingExpenses": 0,
    "sellingGeneralAndAdministrativeExpenses": 1170000000,
    "otherExpenses": 297000000,
    "operatingExpenses": 2344000000,
    "costAndExpenses": 3334000000,
    "interestIncome": 267000000,
    "interestExpense": 325000000,
    "depreciationAndAmortization": 464000000,
    "ebitda": 3170000000,
    "ebitdaratio": 0.5491079162,
    "operatingIncome": 2439000000,
    "operatingIncomeRatio": 0.4224839771,
    "totalOtherIncomeExpensesNet": -58000000,
    "incomeBeforeTax": 2381000000,
    "incomeBeforeTaxRatio": 0.4124372077,
    "incomeTaxExpense": 360000000,
    "netIncome": 2021000000,
    "netIncomeRatio": 0.3500779491,
    "eps": 2.78,
    "epsdiluted": 2.76,
    "weightedAverageShsOut": 728000000,
    "weightedAverageShsOutDil": 733000000,
    "link": "https://www.sec.gov/Archives/edgar/data/318154/000031815417000027/0000318154-17-000027-index.htm",
    "finalLink": "https://www.sec.gov/Archives/edgar/data/318154/000031815417000027/amgn-2017930x10q.htm"
  },
  {
    "date": "2017-06-30",
    "symbol": "AMGN",
    "reportedCurrency": "USD",
    "cik": "0000318154",
    "fillingDate": "2017-07-26",
    "acceptedDate": "2017-07-26 16:37:28",
    "calendarYear": "2017",
    "period": "Q2",
    "revenue": 5810000000,
    "costOfRevenue": 1024000000,
    "grossProfit": 4786000000,
    "grossProfitRatio": 0.8237521515,
    "researchAndDevelopmentExpenses": 873000000,
    "generalAndAdministrativeExpenses": 0,
    "sellingAndMarketingExpenses": 0,
    "sellingGeneralAndAdministrativeExpenses": 1209000000,
    "otherExpenses": 6000000,
    "operatingExpenses": 2088000000,
    "costAndExpenses": 3112000000,
    "interestIncome": 165000000,
    "interestExpense": 321000000,
    "depreciationAndAmortization": 518000000,
    "ebitda": 3381000000,
    "ebitdaratio": 0.5819277108,
    "operatingIncome": 2698000000,
    "operatingIncomeRatio": 0.4643717728,
    "totalOtherIncomeExpensesNet": -156000000,
    "incomeBeforeTax": 2542000000,
    "incomeBeforeTaxRatio": 0.4375215146,
    "incomeTaxExpense": 391000000,
    "netIncome": 2151000000,
    "netIncomeRatio": 0.3702237522,
    "eps": 2.93,
    "epsdiluted": 2.91,
    "weightedAverageShsOut": 734000000,
    "weightedAverageShsOutDil": 738000000,
    "link": "https://www.sec.gov/Archives/edgar/data/318154/000031815417000021/0000318154-17-000021-index.htm",
    "finalLink": "https://www.sec.gov/Archives/edgar/data/318154/000031815417000021/amgn-2017630x10q.htm"
  },
  {
    "date": "2017-03-31",
    "symbol": "AMGN",
    "reportedCurrency": "USD",
    "cik": "0000318154",
    "fillingDate": "2017-04-27",
    "acceptedDate": "2017-04-26 20:16:03",
    "calendarYear": "2017",
    "period": "Q1",
    "revenue": 5464000000,
    "costOfRevenue": 996000000,
    "grossProfit": 4468000000,
    "grossProfitRatio": 0.817715959,
    "researchAndDevelopmentExpenses": 769000000,
    "generalAndAdministrativeExpenses": 0,
    "sellingAndMarketingExpenses": 0,
    "sellingGeneralAndAdministrativeExpenses": 1064000000,
    "otherExpenses": 44000000,
    "operatingExpenses": 1877000000,
    "costAndExpenses": 2873000000,
    "interestIncome": 195000000,
    "interestExpense": 326000000,
    "depreciationAndAmortization": 524000000,
    "ebitda": 3310000000,
    "ebitdaratio": 0.6057833089,
    "operatingIncome": 2591000000,
    "operatingIncomeRatio": 0.4741947291,
    "totalOtherIncomeExpensesNet": -131000000,
    "incomeBeforeTax": 2460000000,
    "incomeBeforeTaxRatio": 0.4502196193,
    "incomeTaxExpense": 389000000,
    "netIncome": 2071000000,
    "netIncomeRatio": 0.3790263543,
    "eps": 2.81,
    "epsdiluted": 2.79,
    "weightedAverageShsOut": 737000000,
    "weightedAverageShsOutDil": 741000000,
    "link": "https://www.sec.gov/Archives/edgar/data/318154/000031815417000009/0000318154-17-000009-index.htm",
    "finalLink": "https://www.sec.gov/Archives/edgar/data/318154/000031815417000009/amgn-2017331x10q.htm"
  },
  {
    "date": "2016-12-31",
    "symbol": "AMGN",
    "reportedCurrency": "USD",
    "cik": "0000318154",
    "fillingDate": "2017-02-14",
    "acceptedDate": "2017-02-14 16:21:05",
    "calendarYear": "2016",
    "period": "Q4",
    "revenue": 5965000000,
    "costOfRevenue": 1067000000,
    "grossProfit": 4898000000,
    "grossProfitRatio": 0.8211232188,
    "researchAndDevelopmentExpenses": 1078000000,
    "generalAndAdministrativeExpenses": 0,
    "sellingAndMarketingExpenses": 0,
    "sellingGeneralAndAdministrativeExpenses": 1323000000,
    "otherExpenses": 12000000,
    "operatingExpenses": 2413000000,
    "costAndExpenses": 3480000000,
    "interestIncome": 126000000,
    "interestExpense": 328000000,
    "depreciationAndAmortization": 559000000,
    "ebitda": 3170000000,
    "ebitdaratio": 0.5314333613,
    "operatingIncome": 2485000000,
    "operatingIncomeRatio": 0.4165968148,
    "totalOtherIncomeExpensesNet": -202000000,
    "incomeBeforeTax": 2283000000,
    "incomeBeforeTaxRatio": 0.3827326069,
    "incomeTaxExpense": 348000000,
    "netIncome": 1935000000,
    "netIncomeRatio": 0.3243922883,
    "eps": 2.61,
    "epsdiluted": 2.59,
    "weightedAverageShsOut": 742000000,
    "weightedAverageShsOutDil": 748000000,
    "link": "https://www.sec.gov/Archives/edgar/data/318154/000031815417000004/0000318154-17-000004-index.htm",
    "finalLink": "https://www.sec.gov/Archives/edgar/data/318154/000031815417000004/amgn-12312016x10k.htm"
  },
  {
    "date": "2016-09-30",
    "symbol": "AMGN",
    "reportedCurrency": "USD",
    "cik": "0000318154",
    "fillingDate": "2016-10-28",
    "acceptedDate": "2016-10-28 16:47:10",
    "calendarYear": "2016",
    "period": "Q3",
    "revenue": 5811000000,
    "costOfRevenue": 1027000000,
    "grossProfit": 4784000000,
    "grossProfitRatio": 0.8232662192,
    "researchAndDevelopmentExpenses": 990000000,
    "generalAndAdministrativeExpenses": 0,
    "sellingAndMarketingExpenses": 0,
    "sellingGeneralAndAdministrativeExpenses": 1244000000,
    "otherExpenses": 23000000,
    "operatingExpenses": 2257000000,
    "costAndExpenses": 3284000000,
    "interestIncome": 216000000,
    "interestExpense": 325000000,
    "depreciationAndAmortization": 503000000,
    "ebitda": 3246000000,
    "ebitdaratio": 0.5585957666,
    "operatingIncome": 2527000000,
    "operatingIncomeRatio": 0.4348649114,
    "totalOtherIncomeExpensesNet": -109000000,
    "incomeBeforeTax": 2418000000,
    "incomeBeforeTaxRatio": 0.4161073826,
    "incomeTaxExpense": 401000000,
    "netIncome": 2017000000,
    "netIncomeRatio": 0.347100327,
    "eps": 2.7,
    "epsdiluted": 2.68,
    "weightedAverageShsOut": 747000000,
    "weightedAverageShsOutDil": 753000000,
    "link": "https://www.sec.gov/Archives/edgar/data/318154/000031815416000053/0000318154-16-000053-index.htm",
    "finalLink": "https://www.sec.gov/Archives/edgar/data/318154/000031815416000053/amgn-2016930x10q.htm"
  },
  {
    "date": "2016-06-30",
    "symbol": "AMGN",
    "reportedCurrency": "USD",
    "cik": "0000318154",
    "fillingDate": "2016-07-29",
    "acceptedDate": "2016-07-29 16:47:26",
    "calendarYear": "2016",
    "period": "Q2",
    "revenue": 5688000000,
    "costOfRevenue": 1050000000,
    "grossProfit": 4638000000,
    "grossProfitRatio": 0.8154008439,
    "researchAndDevelopmentExpenses": 900000000,
    "generalAndAdministrativeExpenses": 0,
    "sellingAndMarketingExpenses": 0,
    "sellingGeneralAndAdministrativeExpenses": 1292000000,
    "otherExpenses": 66000000,
    "operatingExpenses": 2258000000,
    "costAndExpenses": 3308000000,
    "interestIncome": 137000000,
    "interestExpense": 313000000,
    "depreciationAndAmortization": 522000000,
    "ebitda": 3039000000,
    "ebitdaratio": 0.5342827004,
    "operatingIncome": 2380000000,
    "operatingIncomeRatio": 0.4184247539,
    "totalOtherIncomeExpensesNet": -176000000,
    "incomeBeforeTax": 2204000000,
    "incomeBeforeTaxRatio": 0.3874824191,
    "incomeTaxExpense": 334000000,
    "netIncome": 1870000000,
    "netIncomeRatio": 0.3287623066,
    "eps": 2.49,
    "epsdiluted": 2.47,
    "weightedAverageShsOut": 751000000,
    "weightedAverageShsOutDil": 756000000,
    "link": "https://www.sec.gov/Archives/edgar/data/318154/000031815416000046/0000318154-16-000046-index.htm",
    "finalLink": "https://www.sec.gov/Archives/edgar/data/318154/000031815416000046/amgn-2016630x10q.htm"
  },
  {
    "date": "2016-03-31",
    "symbol": "AMGN",
    "reportedCurrency": "USD",
    "cik": "0000318154",
    "fillingDate": "2016-05-02",
    "acceptedDate": "2016-05-02 16:49:29",
    "calendarYear": "2016",
    "period": "Q1",
    "revenue": 5527000000,
    "costOfRevenue": 1018000000,
    "grossProfit": 4509000000,
    "grossProfitRatio": 0.8158132803,
    "researchAndDevelopmentExpenses": 872000000,
    "generalAndAdministrativeExpenses": 0,
    "sellingAndMarketingExpenses": 0,
    "sellingGeneralAndAdministrativeExpenses": 1203000000,
    "otherExpenses": 32000000,
    "operatingExpenses": 2107000000,
    "costAndExpenses": 3125000000,
    "interestIncome": 150000000,
    "interestExpense": 294000000,
    "depreciationAndAmortization": 521000000,
    "ebitda": 3073000000,
    "ebitdaratio": 0.5559978288,
    "operatingIncome": 2402000000,
    "operatingIncomeRatio": 0.4345938122,
    "totalOtherIncomeExpensesNet": -144000000,
    "incomeBeforeTax": 2258000000,
    "incomeBeforeTaxRatio": 0.4085398951,
    "incomeTaxExpense": 358000000,
    "netIncome": 1900000000,
    "netIncomeRatio": 0.3437669622,
    "eps": 2.52,
    "epsdiluted": 2.5,
    "weightedAverageShsOut": 753000000,
    "weightedAverageShsOutDil": 760000000,
    "link": "https://www.sec.gov/Archives/edgar/data/318154/000031815416000035/0000318154-16-000035-index.htm",
    "finalLink": "https://www.sec.gov/Archives/edgar/data/318154/000031815416000035/amgn-2016331x10q.htm"
  },
  {
    "date": "2015-12-31",
    "symbol": "AMGN",
    "reportedCurrency": "USD",
    "cik": "0000318154",
    "fillingDate": "2016-02-16",
    "acceptedDate": "2016-02-16 07:00:35",
    "calendarYear": "2015",
    "period": "Q4",
    "revenue": 5536000000,
    "costOfRevenue": 1071000000,
    "grossProfit": 4465000000,
    "grossProfitRatio": 0.8065390173,
    "researchAndDevelopmentExpenses": 1093000000,
    "generalAndAdministrativeExpenses": 0,
    "sellingAndMarketingExpenses": 0,
    "sellingGeneralAndAdministrativeExpenses": 1416000000,
    "otherExpenses": -77000000,
    "operatingExpenses": 2432000000,
    "costAndExpenses": 3503000000,
    "interestIncome": 164000000,
    "interestExpense": 284000000,
    "depreciationAndAmortization": 542000000,
    "ebitda": 2739000000,
    "ebitdaratio": 0.4947615607,
    "operatingIncome": 2033000000,
    "operatingIncomeRatio": 0.367232659,
    "totalOtherIncomeExpensesNet": -120000000,
    "incomeBeforeTax": 1913000000,
    "incomeBeforeTaxRatio": 0.3455563584,
    "incomeTaxExpense": 113000000,
    "netIncome": 1800000000,
    "netIncomeRatio": 0.3251445087,
    "eps": 2.39,
    "epsdiluted": 2.37,
    "weightedAverageShsOut": 754000000,
    "weightedAverageShsOutDil": 761000000,
    "link": "https://www.sec.gov/Archives/edgar/data/318154/000031815416000031/0000318154-16-000031-index.htm",
    "finalLink": "https://www.sec.gov/Archives/edgar/data/318154/000031815416000031/amgn-12312015x10k.htm"
  },
  {
    "date": "2015-09-30",
    "symbol": "AMGN",
    "reportedCurrency": "USD",
    "cik": "0000318154",
    "fillingDate": "2015-11-02",
    "acceptedDate": "2015-11-02 06:09:19",
    "calendarYear": "2015",
    "period": "Q3",
    "revenue": 5723000000,
    "costOfRevenue": 1034000000,
    "grossProfit": 4689000000,
    "grossProfitRatio": 0.8193255286,
    "researchAndDevelopmentExpenses": 1119000000,
    "generalAndAdministrativeExpenses": 0,
    "sellingAndMarketingExpenses": 0,
    "sellingGeneralAndAdministrativeExpenses": 1244000000,
    "otherExpenses": -13000000,
    "operatingExpenses": 2350000000,
    "costAndExpenses": 3384000000,
    "interestIncome": 135000000,
    "interestExpense": 282000000,
    "depreciationAndAmortization": 523000000,
    "ebitda": 2997000000,
    "ebitdaratio": 0.5236763935,
    "operatingIncome": 2339000000,
    "operatingIncomeRatio": 0.4087017299,
    "totalOtherIncomeExpensesNet": -147000000,
    "incomeBeforeTax": 2192000000,
    "incomeBeforeTaxRatio": 0.3830159008,
    "incomeTaxExpense": 329000000,
    "netIncome": 1863000000,
    "netIncomeRatio": 0.3255285689,
    "eps": 2.46,
    "epsdiluted": 2.44,
    "weightedAverageShsOut": 757000000,
    "weightedAverageShsOutDil": 764000000,
    "link": "https://www.sec.gov/Archives/edgar/data/318154/000031815415000025/0000318154-15-000025-index.htm",
    "finalLink": "https://www.sec.gov/Archives/edgar/data/318154/000031815415000025/amgn-2015930x10q.htm"
  },
  {
    "date": "2015-06-30",
    "symbol": "AMGN",
    "reportedCurrency": "USD",
    "cik": "0000318154",
    "fillingDate": "2015-08-05",
    "acceptedDate": "2015-08-05 06:04:03",
    "calendarYear": "2015",
    "period": "Q2",
    "revenue": 5370000000,
    "costOfRevenue": 1089000000,
    "grossProfit": 4281000000,
    "grossProfitRatio": 0.7972067039,
    "researchAndDevelopmentExpenses": 964000000,
    "generalAndAdministrativeExpenses": 0,
    "sellingAndMarketingExpenses": 0,
    "sellingGeneralAndAdministrativeExpenses": 1160000000,
    "otherExpenses": 81000000,
    "operatingExpenses": 2205000000,
    "costAndExpenses": 3294000000,
    "interestIncome": 198000000,
    "interestExpense": 277000000,
    "depreciationAndAmortization": 519000000,
    "ebitda": 2793000000,
    "ebitdaratio": 0.5201117318,
    "operatingIncome": 2076000000,
    "operatingIncomeRatio": 0.3865921788,
    "totalOtherIncomeExpensesNet": -79000000,
    "incomeBeforeTax": 1997000000,
    "incomeBeforeTaxRatio": 0.3718808194,
    "incomeTaxExpense": 344000000,
    "netIncome": 1653000000,
    "netIncomeRatio": 0.3078212291,
    "eps": 2.18,
    "epsdiluted": 2.15,
    "weightedAverageShsOut": 760000000,
    "weightedAverageShsOutDil": 768000000,
    "link": "https://www.sec.gov/Archives/edgar/data/318154/000031815415000022/0000318154-15-000022-index.htm",
    "finalLink": "https://www.sec.gov/Archives/edgar/data/318154/000031815415000022/amgn-2015630x10q.htm"
  },
  {
    "date": "2015-03-31",
    "symbol": "AMGN",
    "reportedCurrency": "USD",
    "cik": "0000318154",
    "fillingDate": "2015-04-27",
    "acceptedDate": "2015-04-27 06:14:16",
    "calendarYear": "2015",
    "period": "Q1",
    "revenue": 5033000000,
    "costOfRevenue": 1033000000,
    "grossProfit": 4000000000,
    "grossProfitRatio": 0.7947546195,
    "researchAndDevelopmentExpenses": 894000000,
    "generalAndAdministrativeExpenses": 0,
    "sellingAndMarketingExpenses": 0,
    "sellingGeneralAndAdministrativeExpenses": 1026000000,
    "otherExpenses": 58000000,
    "operatingExpenses": 1978000000,
    "costAndExpenses": 3011000000,
    "interestIncome": 106000000,
    "interestExpense": 252000000,
    "depreciationAndAmortization": 524000000,
    "ebitda": 2652000000,
    "ebitdaratio": 0.5269223127,
    "operatingIncome": 2022000000,
    "operatingIncomeRatio": 0.4017484602,
    "totalOtherIncomeExpensesNet": -146000000,
    "incomeBeforeTax": 1876000000,
    "incomeBeforeTaxRatio": 0.3727399166,
    "incomeTaxExpense": 253000000,
    "netIncome": 1623000000,
    "netIncomeRatio": 0.3224716869,
    "eps": 2.13,
    "epsdiluted": 2.11,
    "weightedAverageShsOut": 761000000,
    "weightedAverageShsOutDil": 770000000,
    "link": "https://www.sec.gov/Archives/edgar/data/318154/000031815415000010/0000318154-15-000010-index.htm",
    "finalLink": "https://www.sec.gov/Archives/edgar/data/318154/000031815415000010/amgn-2015331x10q.htm"
  },
  {
    "date": "2014-12-31",
    "symbol": "AMGN",
    "reportedCurrency": "USD",
    "cik": "0000318154",
    "fillingDate": "2015-02-19",
    "acceptedDate": "2015-02-19 17:06:08",
    "calendarYear": "2014",
    "period": "Q4",
    "revenue": 5331000000,
    "costOfRevenue": 1183000000,
    "grossProfit": 4148000000,
    "grossProfitRatio": 0.7780904146,
    "researchAndDevelopmentExpenses": 1234000000,
    "generalAndAdministrativeExpenses": 0,
    "sellingAndMarketingExpenses": 0,
    "sellingGeneralAndAdministrativeExpenses": 1327000000,
    "otherExpenses": 128000000,
    "operatingExpenses": 2689000000,
    "costAndExpenses": 3872000000,
    "interestIncome": 88000000,
    "interestExpense": 261000000,
    "depreciationAndAmortization": 525000000,
    "ebitda": 2072000000,
    "ebitdaratio": 0.3886700431,
    "operatingIncome": 1459000000,
    "operatingIncomeRatio": 0.273682236,
    "totalOtherIncomeExpensesNet": -173000000,
    "incomeBeforeTax": 1286000000,
    "incomeBeforeTaxRatio": 0.2412305384,
    "incomeTaxExpense": -8000000,
    "netIncome": 1294000000,
    "netIncomeRatio": 0.2427311949,
    "eps": 1.7,
    "epsdiluted": 1.68,
    "weightedAverageShsOut": 761000000,
    "weightedAverageShsOutDil": 772000000,
    "link": "https://www.sec.gov/Archives/edgar/data/318154/000031815415000005/0000318154-15-000005-index.htm",
    "finalLink": "https://www.sec.gov/Archives/edgar/data/318154/000031815415000005/amgn-12312014x10k.htm"
  },
  {
    "date": "2014-09-30",
    "symbol": "AMGN",
    "reportedCurrency": "USD",
    "cik": "0000318154",
    "fillingDate": "2014-10-29",
    "acceptedDate": "2014-10-29 16:46:52",
    "calendarYear": "2014",
    "period": "Q3",
    "revenue": 5031000000,
    "costOfRevenue": 1068000000,
    "grossProfit": 3963000000,
    "grossProfitRatio": 0.7877161598,
    "researchAndDevelopmentExpenses": 1018000000,
    "generalAndAdministrativeExpenses": 0,
    "sellingAndMarketingExpenses": 0,
    "sellingGeneralAndAdministrativeExpenses": 1213000000,
    "otherExpenses": 266000000,
    "operatingExpenses": 2497000000,
    "costAndExpenses": 3565000000,
    "interestIncome": 140000000,
    "interestExpense": 269000000,
    "depreciationAndAmortization": 543000000,
    "ebitda": 2149000000,
    "ebitdaratio": 0.4271516597,
    "operatingIncome": 1466000000,
    "operatingIncomeRatio": 0.2913933612,
    "totalOtherIncomeExpensesNet": -129000000,
    "incomeBeforeTax": 1337000000,
    "incomeBeforeTaxRatio": 0.2657523355,
    "incomeTaxExpense": 93000000,
    "netIncome": 1244000000,
    "netIncomeRatio": 0.2472669449,
    "eps": 1.63,
    "epsdiluted": 1.61,
    "weightedAverageShsOut": 761000000,
    "weightedAverageShsOutDil": 771000000,
    "link": "https://www.sec.gov/Archives/edgar/data/318154/000031815414000022/0000318154-14-000022-index.htm",
    "finalLink": "https://www.sec.gov/Archives/edgar/data/318154/000031815414000022/amgn-2014930x10q.htm"
  },
  {
    "date": "2014-06-30",
    "symbol": "AMGN",
    "reportedCurrency": "USD",
    "cik": "0000318154",
    "fillingDate": "2014-08-05",
    "acceptedDate": "2014-08-05 16:06:09",
    "calendarYear": "2014",
    "period": "Q2",
    "revenue": 5180000000,
    "costOfRevenue": 1081000000,
    "grossProfit": 4099000000,
    "grossProfitRatio": 0.7913127413,
    "researchAndDevelopmentExpenses": 1018000000,
    "generalAndAdministrativeExpenses": 0,
    "sellingAndMarketingExpenses": 0,
    "sellingGeneralAndAdministrativeExpenses": 1136000000,
    "otherExpenses": 43000000,
    "operatingExpenses": 2197000000,
    "costAndExpenses": 3278000000,
    "interestIncome": 138000000,
    "interestExpense": 282000000,
    "depreciationAndAmortization": 506000000,
    "ebitda": 2546000000,
    "ebitdaratio": 0.4915057915,
    "operatingIncome": 1902000000,
    "operatingIncomeRatio": 0.3671814672,
    "totalOtherIncomeExpensesNet": -144000000,
    "incomeBeforeTax": 1758000000,
    "incomeBeforeTaxRatio": 0.3393822394,
    "incomeTaxExpense": 211000000,
    "netIncome": 1547000000,
    "netIncomeRatio": 0.2986486486,
    "eps": 2.04,
    "epsdiluted": 2.01,
    "weightedAverageShsOut": 759000000,
    "weightedAverageShsOutDil": 768000000,
    "link": "https://www.sec.gov/Archives/edgar/data/318154/000031815414000017/0000318154-14-000017-index.htm",
    "finalLink": "https://www.sec.gov/Archives/edgar/data/318154/000031815414000017/amgn-2014630x10q.htm"
  },
  {
    "date": "2014-03-31",
    "symbol": "AMGN",
    "reportedCurrency": "USD",
    "cik": "0000318154",
    "fillingDate": "2014-04-30",
    "acceptedDate": "2014-04-30 16:18:43",
    "calendarYear": "2014",
    "period": "Q1",
    "revenue": 4521000000,
    "costOfRevenue": 1090000000,
    "grossProfit": 3431000000,
    "grossProfitRatio": 0.7589028976,
    "researchAndDevelopmentExpenses": 1027000000,
    "generalAndAdministrativeExpenses": 0,
    "sellingAndMarketingExpenses": 0,
    "sellingGeneralAndAdministrativeExpenses": 1023000000,
    "otherExpenses": 17000000,
    "operatingExpenses": 2067000000,
    "costAndExpenses": 3157000000,
    "interestIncome": 99000000,
    "interestExpense": 259000000,
    "depreciationAndAmortization": 518000000,
    "ebitda": 1981000000,
    "ebitdaratio": 0.4381773944,
    "operatingIncome": 1364000000,
    "operatingIncomeRatio": 0.301703163,
    "totalOtherIncomeExpensesNet": -160000000,
    "incomeBeforeTax": 1204000000,
    "incomeBeforeTaxRatio": 0.2663127627,
    "incomeTaxExpense": 131000000,
    "netIncome": 1073000000,
    "netIncomeRatio": 0.2373368724,
    "eps": 1.42,
    "epsdiluted": 1.4,
    "weightedAverageShsOut": 757000000,
    "weightedAverageShsOutDil": 768000000,
    "link": "https://www.sec.gov/Archives/edgar/data/318154/000031815414000008/0000318154-14-000008-index.htm",
    "finalLink": "https://www.sec.gov/Archives/edgar/data/318154/000031815414000008/amgn-2014331x10q.htm"
  },
  {
    "date": "2013-12-31",
    "symbol": "AMGN",
    "reportedCurrency": "USD",
    "cik": "0000318154",
    "fillingDate": "2014-02-24",
    "acceptedDate": "2014-02-24 16:07:20",
    "calendarYear": "2013",
    "period": "Q4",
    "revenue": 5011000000,
    "costOfRevenue": 1029000000,
    "grossProfit": 3982000000,
    "grossProfitRatio": 0.7946517661,
    "researchAndDevelopmentExpenses": 1249000000,
    "generalAndAdministrativeExpenses": 0,
    "sellingAndMarketingExpenses": 0,
    "sellingGeneralAndAdministrativeExpenses": 1521000000,
    "otherExpenses": 25000000,
    "operatingExpenses": 2795000000,
    "costAndExpenses": 3824000000,
    "interestIncome": 88000000,
    "interestExpense": 261000000,
    "depreciationAndAmortization": 444000000,
    "ebitda": 1719000000,
    "ebitdaratio": 0.3430453003,
    "operatingIncome": 1187000000,
    "operatingIncomeRatio": 0.2368788665,
    "totalOtherIncomeExpensesNet": -173000000,
    "incomeBeforeTax": 1014000000,
    "incomeBeforeTaxRatio": 0.2023548194,
    "incomeTaxExpense": -7000000,
    "netIncome": 1021000000,
    "netIncomeRatio": 0.2037517462,
    "eps": 1.35,
    "epsdiluted": 1.33,
    "weightedAverageShsOut": 754000000,
    "weightedAverageShsOutDil": 766000000,
    "link": "https://www.sec.gov/Archives/edgar/data/318154/000031815414000004/0000318154-14-000004-index.htm",
    "finalLink": "https://www.sec.gov/Archives/edgar/data/318154/000031815414000004/amgn-12312013x10k.htm"
  },
  {
    "date": "2013-09-30",
    "symbol": "AMGN",
    "reportedCurrency": "USD",
    "cik": "0000318154",
    "fillingDate": "2013-10-29",
    "acceptedDate": "2013-10-29 17:22:48",
    "calendarYear": "2013",
    "period": "Q3",
    "revenue": 4748000000,
    "costOfRevenue": 788000000,
    "grossProfit": 3960000000,
    "grossProfitRatio": 0.8340353833,
    "researchAndDevelopmentExpenses": 989000000,
    "generalAndAdministrativeExpenses": 0,
    "sellingAndMarketingExpenses": 0,
    "sellingGeneralAndAdministrativeExpenses": 1249000000,
    "otherExpenses": 34000000,
    "operatingExpenses": 2272000000,
    "costAndExpenses": 3060000000,
    "interestIncome": 72000000,
    "interestExpense": 257000000,
    "depreciationAndAmortization": 288000000,
    "ebitda": 2048000000,
    "ebitdaratio": 0.4313395114,
    "operatingIncome": 1688000000,
    "operatingIncomeRatio": 0.3555181129,
    "totalOtherIncomeExpensesNet": -185000000,
    "incomeBeforeTax": 1503000000,
    "incomeBeforeTaxRatio": 0.3165543387,
    "incomeTaxExpense": 135000000,
    "netIncome": 1368000000,
    "netIncomeRatio": 0.2881213142,
    "eps": 1.81,
    "epsdiluted": 1.79,
    "weightedAverageShsOut": 754000000,
    "weightedAverageShsOutDil": 766000000,
    "link": "https://www.sec.gov/Archives/edgar/data/318154/000031815413000012/0000318154-13-000012-index.htm",
    "finalLink": "https://www.sec.gov/Archives/edgar/data/318154/000031815413000012/amgn-2013930x10q.htm"
  },
  {
    "date": "2013-06-30",
    "symbol": "AMGN",
    "reportedCurrency": "USD",
    "cik": "0000318154",
    "fillingDate": "2013-08-06",
    "acceptedDate": "2013-08-06 17:10:01",
    "calendarYear": "2013",
    "period": "Q2",
    "revenue": 4679000000,
    "costOfRevenue": 785000000,
    "grossProfit": 3894000000,
    "grossProfitRatio": 0.8322291088,
    "researchAndDevelopmentExpenses": 967000000,
    "generalAndAdministrativeExpenses": 0,
    "sellingAndMarketingExpenses": 0,
    "sellingGeneralAndAdministrativeExpenses": 1256000000,
    "otherExpenses": 121000000,
    "operatingExpenses": 2344000000,
    "costAndExpenses": 3129000000,
    "interestIncome": 96000000,
    "interestExpense": 241000000,
    "depreciationAndAmortization": 277000000,
    "ebitda": 1923000000,
    "ebitdaratio": 0.4109852533,
    "operatingIncome": 1550000000,
    "operatingIncomeRatio": 0.3312673648,
    "totalOtherIncomeExpensesNet": -145000000,
    "incomeBeforeTax": 1405000000,
    "incomeBeforeTaxRatio": 0.3002778371,
    "incomeTaxExpense": 147000000,
    "netIncome": 1258000000,
    "netIncomeRatio": 0.2688608677,
    "eps": 1.67,
    "epsdiluted": 1.65,
    "weightedAverageShsOut": 752000000,
    "weightedAverageShsOutDil": 764000000,
    "link": "https://www.sec.gov/Archives/edgar/data/318154/000031815413000008/0000318154-13-000008-index.htm",
    "finalLink": "https://www.sec.gov/Archives/edgar/data/318154/000031815413000008/amgn-2013630x10q.htm"
  },
  {
    "date": "2013-03-31",
    "symbol": "AMGN",
    "reportedCurrency": "USD",
    "cik": "0000318154",
    "fillingDate": "2013-05-03",
    "acceptedDate": "2013-05-03 16:23:52",
    "calendarYear": "2013",
    "period": "Q1",
    "revenue": 4238000000,
    "costOfRevenue": 744000000,
    "grossProfit": 3494000000,
    "grossProfitRatio": 0.8244454932,
    "researchAndDevelopmentExpenses": 878000000,
    "generalAndAdministrativeExpenses": 0,
    "sellingAndMarketingExpenses": 0,
    "sellingGeneralAndAdministrativeExpenses": 1158000000,
    "otherExpenses": 16000000,
    "operatingExpenses": 2052000000,
    "costAndExpenses": 2796000000,
    "interestIncome": 164000000,
    "interestExpense": 263000000,
    "depreciationAndAmortization": 277000000,
    "ebitda": 1883000000,
    "ebitdaratio": 0.4443133554,
    "operatingIncome": 1442000000,
    "operatingIncomeRatio": 0.3402548372,
    "totalOtherIncomeExpensesNet": -99000000,
    "incomeBeforeTax": 1343000000,
    "incomeBeforeTaxRatio": 0.3168947617,
    "incomeTaxExpense": -91000000,
    "netIncome": 1434000000,
    "netIncomeRatio": 0.3383671543,
    "eps": 1.91,
    "epsdiluted": 1.88,
    "weightedAverageShsOut": 751000000,
    "weightedAverageShsOutDil": 764000000,
    "link": "https://www.sec.gov/Archives/edgar/data/318154/000144530513001107/0001445305-13-001107-index.htm",
    "finalLink": "https://www.sec.gov/Archives/edgar/data/318154/000144530513001107/amgn-2013331x10q.htm"
  },
  {
    "date": "2012-12-31",
    "symbol": "AMGN",
    "reportedCurrency": "USD",
    "cik": "0000318154",
    "fillingDate": "2013-02-27",
    "acceptedDate": "2013-02-27 16:18:11",
    "calendarYear": "2012",
    "period": "Q4",
    "revenue": 4421000000,
    "costOfRevenue": 852000000,
    "grossProfit": 3569000000,
    "grossProfitRatio": 0.80728342,
    "researchAndDevelopmentExpenses": 938000000,
    "generalAndAdministrativeExpenses": 0,
    "sellingAndMarketingExpenses": 0,
    "sellingGeneralAndAdministrativeExpenses": 1370000000,
    "otherExpenses": 173000000,
    "operatingExpenses": 2481000000,
    "costAndExpenses": 3333000000,
    "interestIncome": 126000000,
    "interestExpense": 291000000,
    "depreciationAndAmortization": 273000000,
    "ebitda": 1487000000,
    "ebitdaratio": 0.3363492423,
    "operatingIncome": 1088000000,
    "operatingIncomeRatio": 0.2460981678,
    "totalOtherIncomeExpensesNet": -165000000,
    "incomeBeforeTax": 923000000,
    "incomeBeforeTaxRatio": 0.208776295,
    "incomeTaxExpense": 135000000,
    "netIncome": 788000000,
    "netIncomeRatio": 0.1782402171,
    "eps": 1.03,
    "epsdiluted": 1.01,
    "weightedAverageShsOut": 763000000,
    "weightedAverageShsOutDil": 778000000,
    "link": "https://www.sec.gov/Archives/edgar/data/318154/000144530513000364/0001445305-13-000364-index.htm",
    "finalLink": "https://www.sec.gov/Archives/edgar/data/318154/000144530513000364/amgn-12312012x10k.htm"
  },
  {
    "date": "2012-09-30",
    "symbol": "AMGN",
    "reportedCurrency": "USD",
    "cik": "0000318154",
    "fillingDate": "2012-11-06",
    "acceptedDate": "2012-11-06 16:47:49",
    "calendarYear": "2012",
    "period": "Q3",
    "revenue": 4319000000,
    "costOfRevenue": 705000000,
    "grossProfit": 3614000000,
    "grossProfitRatio": 0.8367677703,
    "researchAndDevelopmentExpenses": 880000000,
    "generalAndAdministrativeExpenses": 0,
    "sellingAndMarketingExpenses": 0,
    "sellingGeneralAndAdministrativeExpenses": 1131000000,
    "otherExpenses": 110000000,
    "operatingExpenses": 2121000000,
    "costAndExpenses": 2896000000,
    "interestIncome": 111000000,
    "interestExpense": 271000000,
    "depreciationAndAmortization": 287000000,
    "ebitda": 1821000000,
    "ebitdaratio": 0.4216253762,
    "operatingIncome": 1423000000,
    "operatingIncomeRatio": 0.3294744154,
    "totalOtherIncomeExpensesNet": -160000000,
    "incomeBeforeTax": 1263000000,
    "incomeBeforeTaxRatio": 0.292428803,
    "incomeTaxExpense": 156000000,
    "netIncome": 1107000000,
    "netIncomeRatio": 0.2563093309,
    "eps": 1.44,
    "epsdiluted": 1.41,
    "weightedAverageShsOut": 771000000,
    "weightedAverageShsOutDil": 783000000,
    "link": "https://www.sec.gov/Archives/edgar/data/318154/000144530512003469/0001445305-12-003469-index.htm",
    "finalLink": "https://www.sec.gov/Archives/edgar/data/318154/000144530512003469/amgn-2012930x10q.htm"
  },
  {
    "date": "2012-06-30",
    "symbol": "AMGN",
    "reportedCurrency": "USD",
    "cik": "0000318154",
    "fillingDate": "2012-08-08",
    "acceptedDate": "2012-08-08 17:03:20",
    "calendarYear": "2012",
    "period": "Q2",
    "revenue": 4477000000,
    "costOfRevenue": 682000000,
    "grossProfit": 3795000000,
    "grossProfitRatio": 0.8476658477,
    "researchAndDevelopmentExpenses": 826000000,
    "generalAndAdministrativeExpenses": 0,
    "sellingAndMarketingExpenses": 0,
    "sellingGeneralAndAdministrativeExpenses": 1231000000,
    "otherExpenses": 79000000,
    "operatingExpenses": 2136000000,
    "costAndExpenses": 2888000000,
    "interestIncome": 124000000,
    "interestExpense": 256000000,
    "depreciationAndAmortization": 269000000,
    "ebitda": 1982000000,
    "ebitdaratio": 0.44270717,
    "operatingIncome": 1589000000,
    "operatingIncomeRatio": 0.3549251731,
    "totalOtherIncomeExpensesNet": -132000000,
    "incomeBeforeTax": 1457000000,
    "incomeBeforeTaxRatio": 0.3254411436,
    "incomeTaxExpense": 191000000,
    "netIncome": 1266000000,
    "netIncomeRatio": 0.2827786464,
    "eps": 1.63,
    "epsdiluted": 1.61,
    "weightedAverageShsOut": 776000000,
    "weightedAverageShsOutDil": 785000000,
    "link": "https://www.sec.gov/Archives/edgar/data/318154/000119312512344279/0001193125-12-344279-index.htm",
    "finalLink": "https://www.sec.gov/Archives/edgar/data/318154/000119312512344279/d351286d10q.htm"
  },
  {
    "date": "2012-03-31",
    "symbol": "AMGN",
    "reportedCurrency": "USD",
    "cik": "0000318154",
    "fillingDate": "2012-05-08",
    "acceptedDate": "2012-05-08 06:03:22",
    "calendarYear": "2012",
    "period": "Q1",
    "revenue": 4048000000,
    "costOfRevenue": 679000000,
    "grossProfit": 3369000000,
    "grossProfitRatio": 0.8322628458,
    "researchAndDevelopmentExpenses": 736000000,
    "generalAndAdministrativeExpenses": 0,
    "sellingAndMarketingExpenses": 0,
    "sellingGeneralAndAdministrativeExpenses": 1079000000,
    "otherExpenses": 6000000,
    "operatingExpenses": 1821000000,
    "costAndExpenses": 2571000000,
    "interestIncome": 124000000,
    "interestExpense": 235000000,
    "depreciationAndAmortization": 259000000,
    "ebitda": 1860000000,
    "ebitdaratio": 0.459486166,
    "operatingIncome": 1477000000,
    "operatingIncomeRatio": 0.3648715415,
    "totalOtherIncomeExpensesNet": -111000000,
    "incomeBeforeTax": 1366000000,
    "incomeBeforeTaxRatio": 0.3374505929,
    "incomeTaxExpense": 182000000,
    "netIncome": 1184000000,
    "netIncomeRatio": 0.2924901186,
    "eps": 1.5,
    "epsdiluted": 1.48,
    "weightedAverageShsOut": 791000000,
    "weightedAverageShsOutDil": 800000000,
    "link": "https://www.sec.gov/Archives/edgar/data/318154/000119312512216282/0001193125-12-216282-index.htm",
    "finalLink": "https://www.sec.gov/Archives/edgar/data/318154/000119312512216282/d312223d10q.htm"
  },
  {
    "date": "2011-12-31",
    "symbol": "AMGN",
    "reportedCurrency": "USD",
    "cik": "0000318154",
    "fillingDate": "2012-02-29",
    "acceptedDate": "2012-02-29 06:02:52",
    "calendarYear": "2011",
    "period": "Q4",
    "revenue": 3973000000,
    "costOfRevenue": 656000000,
    "grossProfit": 3317000000,
    "grossProfitRatio": 0.834885477,
    "researchAndDevelopmentExpenses": 851000000,
    "generalAndAdministrativeExpenses": 0,
    "sellingAndMarketingExpenses": 0,
    "sellingGeneralAndAdministrativeExpenses": 1208000000,
    "otherExpenses": 96000000,
    "operatingExpenses": 2155000000,
    "costAndExpenses": 2811000000,
    "interestIncome": 84000000,
    "interestExpense": 195000000,
    "depreciationAndAmortization": 261000000,
    "ebitda": 1507000000,
    "ebitdaratio": 0.3793103448,
    "operatingIncome": 1162000000,
    "operatingIncomeRatio": 0.2924742009,
    "totalOtherIncomeExpensesNet": -111000000,
    "incomeBeforeTax": 1051000000,
    "incomeBeforeTaxRatio": 0.2645356154,
    "incomeTaxExpense": 117000000,
    "netIncome": 934000000,
    "netIncomeRatio": 0.2350868361,
    "eps": 1.18,
    "epsdiluted": 1.17,
    "weightedAverageShsOut": 791000000,
    "weightedAverageShsOutDil": 800000000,
    "link": "https://www.sec.gov/Archives/edgar/data/318154/000119312512086670/0001193125-12-086670-index.htm",
    "finalLink": "https://www.sec.gov/Archives/edgar/data/318154/000119312512086670/d241420d10k.htm"
  },
  {
    "date": "2011-09-30",
    "symbol": "AMGN",
    "reportedCurrency": "USD",
    "cik": "0000318154",
    "fillingDate": "2011-11-04",
    "acceptedDate": "2011-11-04 06:10:39",
    "calendarYear": "2011",
    "period": "Q3",
    "revenue": 3944000000,
    "costOfRevenue": 605000000,
    "grossProfit": 3339000000,
    "grossProfitRatio": 0.8466024341,
    "researchAndDevelopmentExpenses": 761000000,
    "generalAndAdministrativeExpenses": 0,
    "sellingAndMarketingExpenses": 0,
    "sellingGeneralAndAdministrativeExpenses": 1125000000,
    "otherExpenses": 928000000,
    "operatingExpenses": 2814000000,
    "costAndExpenses": 3419000000,
    "interestIncome": 87000000,
    "interestExpense": 158000000,
    "depreciationAndAmortization": 265000000,
    "ebitda": 877000000,
    "ebitdaratio": 0.2223630832,
    "operatingIncome": 525000000,
    "operatingIncomeRatio": 0.1331135903,
    "totalOtherIncomeExpensesNet": -71000000,
    "incomeBeforeTax": 454000000,
    "incomeBeforeTaxRatio": 0.1151115619,
    "incomeTaxExpense": 0,
    "netIncome": 454000000,
    "netIncomeRatio": 0.1151115619,
    "eps": 0.5,
    "epsdiluted": 0.5,
    "weightedAverageShsOut": 907000000,
    "weightedAverageShsOutDil": 914000000,
    "link": "https://www.sec.gov/Archives/edgar/data/318154/000119312511296147/0001193125-11-296147-index.htm",
    "finalLink": "https://www.sec.gov/Archives/edgar/data/318154/000119312511296147/d241043d10q.htm"
  },
  {
    "date": "2011-06-30",
    "symbol": "AMGN",
    "reportedCurrency": "USD",
    "cik": "0000318154",
    "fillingDate": "2011-08-08",
    "acceptedDate": "2011-08-08 14:54:26",
    "calendarYear": "2011",
    "period": "Q2",
    "revenue": 3959000000,
    "costOfRevenue": 602000000,
    "grossProfit": 3357000000,
    "grossProfitRatio": 0.8479413993,
    "researchAndDevelopmentExpenses": 819000000,
    "generalAndAdministrativeExpenses": 0,
    "sellingAndMarketingExpenses": 0,
    "sellingGeneralAndAdministrativeExpenses": 1130000000,
    "otherExpenses": 76000000,
    "operatingExpenses": 2025000000,
    "costAndExpenses": 2627000000,
    "interestIncome": 129000000,
    "interestExpense": 122000000,
    "depreciationAndAmortization": 261000000,
    "ebitda": 1722000000,
    "ebitdaratio": 0.4349583228,
    "operatingIncome": 1332000000,
    "operatingIncomeRatio": 0.3364485981,
    "totalOtherIncomeExpensesNet": 7000000,
    "incomeBeforeTax": 1339000000,
    "incomeBeforeTaxRatio": 0.3382167214,
    "incomeTaxExpense": 169000000,
    "netIncome": 1170000000,
    "netIncomeRatio": 0.295529174,
    "eps": 1.26,
    "epsdiluted": 1.25,
    "weightedAverageShsOut": 927000000,
    "weightedAverageShsOutDil": 935000000,
    "link": "https://www.sec.gov/Archives/edgar/data/318154/000095012311074348/0000950123-11-074348-index.htm",
    "finalLink": "https://www.sec.gov/Archives/edgar/data/318154/000095012311074348/v59427e10vq.htm"
  },
  {
    "date": "2011-03-31",
    "symbol": "AMGN",
    "reportedCurrency": "USD",
    "cik": "0000318154",
    "fillingDate": "2011-05-10",
    "acceptedDate": "2011-05-10 13:12:16",
    "calendarYear": "2011",
    "period": "Q1",
    "revenue": 3706000000,
    "costOfRevenue": 564000000,
    "grossProfit": 3142000000,
    "grossProfitRatio": 0.8478143551,
    "researchAndDevelopmentExpenses": 736000000,
    "generalAndAdministrativeExpenses": 0,
    "sellingAndMarketingExpenses": 0,
    "sellingGeneralAndAdministrativeExpenses": 1023000000,
    "otherExpenses": 90000000,
    "operatingExpenses": 1849000000,
    "costAndExpenses": 2413000000,
    "interestIncome": 148000000,
    "interestExpense": 135000000,
    "depreciationAndAmortization": 273000000,
    "ebitda": 1714000000,
    "ebitdaratio": 0.4624932542,
    "operatingIncome": 1293000000,
    "operatingIncomeRatio": 0.3488936859,
    "totalOtherIncomeExpensesNet": 13000000,
    "incomeBeforeTax": 1306000000,
    "incomeBeforeTaxRatio": 0.3524015111,
    "incomeTaxExpense": 181000000,
    "netIncome": 1125000000,
    "netIncomeRatio": 0.3035617917,
    "eps": 1.21,
    "epsdiluted": 1.2,
    "weightedAverageShsOut": 933000000,
    "weightedAverageShsOutDil": 941000000,
    "link": "https://www.sec.gov/Archives/edgar/data/318154/000095012311048073/0000950123-11-048073-index.htm",
    "finalLink": "https://www.sec.gov/Archives/edgar/data/318154/000095012311048073/v58996e10vq.htm"
  },
  {
    "date": "2010-12-31",
    "symbol": "AMGN",
    "reportedCurrency": "USD",
    "cik": "0000318154",
    "fillingDate": "2011-02-25",
    "acceptedDate": "2011-02-25 16:38:48",
    "calendarYear": "2010",
    "period": "Q4",
    "revenue": 3841000000,
    "costOfRevenue": 572000000,
    "grossProfit": 3269000000,
    "grossProfitRatio": 0.8510804478,
    "researchAndDevelopmentExpenses": 854000000,
    "generalAndAdministrativeExpenses": 0,
    "sellingAndMarketingExpenses": 0,
    "sellingGeneralAndAdministrativeExpenses": 1156000000,
    "otherExpenses": 191000000,
    "operatingExpenses": 2201000000,
    "costAndExpenses": 2773000000,
    "interestIncome": 93000000,
    "interestExpense": 162000000,
    "depreciationAndAmortization": 261000000,
    "ebitda": 1422000000,
    "ebitdaratio": 0.3702160896,
    "operatingIncome": 1068000000,
    "operatingIncomeRatio": 0.2780525905,
    "totalOtherIncomeExpensesNet": -69000000,
    "incomeBeforeTax": 999000000,
    "incomeBeforeTaxRatio": 0.2600885186,
    "incomeTaxExpense": -23000000,
    "netIncome": 1022000000,
    "netIncomeRatio": 0.2660765426,
    "eps": 1.1,
    "epsdiluted": 1.09,
    "weightedAverageShsOut": 933000000,
    "weightedAverageShsOutDil": 941000000,
    "link": "https://www.sec.gov/Archives/edgar/data/318154/000095012311018800/0000950123-11-018800-index.htm",
    "finalLink": "https://www.sec.gov/Archives/edgar/data/318154/000095012311018800/v57113e10vk.htm"
  },
  {
    "date": "2010-09-30",
    "symbol": "AMGN",
    "reportedCurrency": "USD",
    "cik": "0000318154",
    "fillingDate": "2010-11-08",
    "acceptedDate": "2010-11-08 15:23:00",
    "calendarYear": "2010",
    "period": "Q3",
    "revenue": 3816000000,
    "costOfRevenue": 587000000,
    "grossProfit": 3229000000,
    "grossProfitRatio": 0.8461740042,
    "researchAndDevelopmentExpenses": 719000000,
    "generalAndAdministrativeExpenses": 0,
    "sellingAndMarketingExpenses": 0,
    "sellingGeneralAndAdministrativeExpenses": 957000000,
    "otherExpenses": 74000000,
    "operatingExpenses": 1750000000,
    "costAndExpenses": 2337000000,
    "interestIncome": 105000000,
    "interestExpense": 150000000,
    "depreciationAndAmortization": 253000000,
    "ebitda": 1837000000,
    "ebitdaratio": 0.48139413,
    "operatingIncome": 1479000000,
    "operatingIncomeRatio": 0.3875786164,
    "totalOtherIncomeExpensesNet": -45000000,
    "incomeBeforeTax": 1434000000,
    "incomeBeforeTaxRatio": 0.3757861635,
    "incomeTaxExpense": 198000000,
    "netIncome": 1236000000,
    "netIncomeRatio": 0.3238993711,
    "eps": 1.29,
    "epsdiluted": 1.28,
    "weightedAverageShsOut": 958000000,
    "weightedAverageShsOutDil": 962000000,
    "link": "https://www.sec.gov/Archives/edgar/data/318154/000095012310102391/0000950123-10-102391-index.htm",
    "finalLink": "https://www.sec.gov/Archives/edgar/data/318154/000095012310102391/v57086e10vq.htm"
  },
  {
    "date": "2010-06-30",
    "symbol": "AMGN",
    "reportedCurrency": "USD",
    "cik": "0000318154",
    "fillingDate": "2010-08-09",
    "acceptedDate": "2010-08-09 13:57:15",
    "calendarYear": "2010",
    "period": "Q2",
    "revenue": 3804000000,
    "costOfRevenue": 553000000,
    "grossProfit": 3251000000,
    "grossProfitRatio": 0.8546267087,
    "researchAndDevelopmentExpenses": 675000000,
    "generalAndAdministrativeExpenses": 0,
    "sellingAndMarketingExpenses": 0,
    "sellingGeneralAndAdministrativeExpenses": 986000000,
    "otherExpenses": 73000000,
    "operatingExpenses": 1734000000,
    "costAndExpenses": 2287000000,
    "interestIncome": 94000000,
    "interestExpense": 147000000,
    "depreciationAndAmortization": 251000000,
    "ebitda": 1862000000,
    "ebitdaratio": 0.4894847529,
    "operatingIncome": 1517000000,
    "operatingIncomeRatio": 0.3987907466,
    "totalOtherIncomeExpensesNet": -53000000,
    "incomeBeforeTax": 1464000000,
    "incomeBeforeTaxRatio": 0.3848580442,
    "incomeTaxExpense": 262000000,
    "netIncome": 1202000000,
    "netIncomeRatio": 0.3159831756,
    "eps": 1.25,
    "epsdiluted": 1.25,
    "weightedAverageShsOut": 959000000,
    "weightedAverageShsOutDil": 964000000,
    "link": "https://www.sec.gov/Archives/edgar/data/318154/000095012310074870/0000950123-10-074870-index.htm",
    "finalLink": "https://www.sec.gov/Archives/edgar/data/318154/000095012310074870/v56588e10vq.htm"
  },
  {
    "date": "2010-03-31",
    "symbol": "AMGN",
    "reportedCurrency": "USD",
    "cik": "0000318154",
    "fillingDate": "2010-05-07",
    "acceptedDate": "2010-05-07 16:31:22",
    "calendarYear": "2010",
    "period": "Q1",
    "revenue": 3592000000,
    "costOfRevenue": 508000000,
    "grossProfit": 3084000000,
    "grossProfitRatio": 0.8585746102,
    "researchAndDevelopmentExpenses": 646000000,
    "generalAndAdministrativeExpenses": 0,
    "sellingAndMarketingExpenses": 0,
    "sellingGeneralAndAdministrativeExpenses": 884000000,
    "otherExpenses": 73000000,
    "operatingExpenses": 1603000000,
    "costAndExpenses": 2111000000,
    "interestIncome": 84000000,
    "interestExpense": 145000000,
    "depreciationAndAmortization": 252000000,
    "ebitda": 1733000000,
    "ebitdaratio": 0.4824610245,
    "operatingIncome": 1481000000,
    "operatingIncomeRatio": 0.4123051225,
    "totalOtherIncomeExpensesNet": -61000000,
    "incomeBeforeTax": 1420000000,
    "incomeBeforeTaxRatio": 0.3953229399,
    "incomeTaxExpense": 253000000,
    "netIncome": 1167000000,
    "netIncomeRatio": 0.3248886414,
    "eps": 1.19,
    "epsdiluted": 1.18,
    "weightedAverageShsOut": 982000000,
    "weightedAverageShsOutDil": 988000000,
    "link": "https://www.sec.gov/Archives/edgar/data/318154/000119312510112950/0001193125-10-112950-index.htm",
    "finalLink": "https://www.sec.gov/Archives/edgar/data/318154/000119312510112950/d10q.htm"
  },
  {
    "date": "2009-12-31",
    "symbol": "AMGN",
    "reportedCurrency": "USD",
    "cik": "0000318154",
    "fillingDate": "2010-03-01",
    "acceptedDate": "2010-03-01 13:04:44",
    "calendarYear": "2009",
    "period": "Q4",
    "revenue": 3809000000,
    "costOfRevenue": 538000000,
    "grossProfit": 3271000000,
    "grossProfitRatio": 0.8587555789,
    "researchAndDevelopmentExpenses": 891000000,
    "generalAndAdministrativeExpenses": 0,
    "sellingAndMarketingExpenses": 0,
    "sellingGeneralAndAdministrativeExpenses": 1180000000,
    "otherExpenses": 77000000,
    "operatingExpenses": 2148000000,
    "costAndExpenses": 2686000000,
    "interestIncome": 94000000,
    "interestExpense": 142000000,
    "depreciationAndAmortization": 257000000,
    "ebitda": 1474000000,
    "ebitdaratio": 0.3869782095,
    "operatingIncome": 1123000000,
    "operatingIncomeRatio": 0.2948280389,
    "totalOtherIncomeExpensesNet": -48000000,
    "incomeBeforeTax": 1075000000,
    "incomeBeforeTaxRatio": 0.2822263061,
    "incomeTaxExpense": 144000000,
    "netIncome": 931000000,
    "netIncomeRatio": 0.2444211079,
    "eps": 0.95,
    "epsdiluted": 0.94,
    "weightedAverageShsOut": 982000000,
    "weightedAverageShsOutDil": 988000000,
    "link": "https://www.sec.gov/Archives/edgar/data/318154/000119312510044311/0001193125-10-044311-index.htm",
    "finalLink": "https://www.sec.gov/Archives/edgar/data/318154/000119312510044311/d10k.htm"
  },
  {
    "date": "2009-09-30",
    "symbol": "AMGN",
    "reportedCurrency": "USD",
    "cik": "0000318154",
    "fillingDate": "2009-11-06",
    "acceptedDate": "2009-11-06 17:10:11",
    "calendarYear": "2009",
    "period": "Q3",
    "revenue": 3812000000,
    "costOfRevenue": 545000000,
    "grossProfit": 3267000000,
    "grossProfitRatio": 0.8570304302,
    "researchAndDevelopmentExpenses": 647000000,
    "generalAndAdministrativeExpenses": 0,
    "sellingAndMarketingExpenses": 0,
    "sellingGeneralAndAdministrativeExpenses": 932000000,
    "otherExpenses": 83000000,
    "operatingExpenses": 1662000000,
    "costAndExpenses": 2207000000,
    "interestIncome": 74000000,
    "interestExpense": 139000000,
    "depreciationAndAmortization": 272000000,
    "ebitda": 1951000000,
    "ebitdaratio": 0.5118048269,
    "operatingIncome": 1605000000,
    "operatingIncomeRatio": 0.4210388248,
    "totalOtherIncomeExpensesNet": -65000000,
    "incomeBeforeTax": 1540000000,
    "incomeBeforeTaxRatio": 0.4039874082,
    "incomeTaxExpense": 154000000,
    "netIncome": 1386000000,
    "netIncomeRatio": 0.3635886674,
    "eps": 1.36,
    "epsdiluted": 1.36,
    "weightedAverageShsOut": 1016000000,
    "weightedAverageShsOutDil": 1022000000,
    "link": "https://www.sec.gov/Archives/edgar/data/318154/000119312509227739/0001193125-09-227739-index.htm",
    "finalLink": "https://www.sec.gov/Archives/edgar/data/318154/000119312509227739/d10q.htm"
  },
  {
    "date": "2009-06-30",
    "symbol": "AMGN",
    "reportedCurrency": "USD",
    "cik": "0000318154",
    "fillingDate": "2009-08-10",
    "acceptedDate": "2009-08-07 19:09:42",
    "calendarYear": "2009",
    "period": "Q2",
    "revenue": 3713000000,
    "costOfRevenue": 531000000,
    "grossProfit": 3182000000,
    "grossProfitRatio": 0.8569889577,
    "researchAndDevelopmentExpenses": 693000000,
    "generalAndAdministrativeExpenses": 0,
    "sellingAndMarketingExpenses": 0,
    "sellingGeneralAndAdministrativeExpenses": 910000000,
    "otherExpenses": 122000000,
    "operatingExpenses": 1725000000,
    "costAndExpenses": 2256000000,
    "interestIncome": 50000000,
    "interestExpense": 150000000,
    "depreciationAndAmortization": 253000000,
    "ebitda": 1760000000,
    "ebitdaratio": 0.4740102343,
    "operatingIncome": 1457000000,
    "operatingIncomeRatio": 0.3924050633,
    "totalOtherIncomeExpensesNet": -100000000,
    "incomeBeforeTax": 1357000000,
    "incomeBeforeTaxRatio": 0.3654726636,
    "incomeTaxExpense": 88000000,
    "netIncome": 1269000000,
    "netIncomeRatio": 0.3417721519,
    "eps": 1.25,
    "epsdiluted": 1.25,
    "weightedAverageShsOut": 1013000000,
    "weightedAverageShsOutDil": 1017000000,
    "link": "https://www.sec.gov/Archives/edgar/data/318154/000119312509169378/0001193125-09-169378-index.htm",
    "finalLink": "https://www.sec.gov/Archives/edgar/data/318154/000119312509169378/d10q.htm"
  },
  {
    "date": "2009-03-31",
    "symbol": "AMGN",
    "reportedCurrency": "USD",
    "cik": "0000318154",
    "fillingDate": "2009-05-11",
    "acceptedDate": "2009-05-11 17:09:37",
    "calendarYear": "2009",
    "period": "Q1",
    "revenue": 3308000000,
    "costOfRevenue": 477000000,
    "grossProfit": 2831000000,
    "grossProfitRatio": 0.8558041112,
    "researchAndDevelopmentExpenses": 633000000,
    "generalAndAdministrativeExpenses": 0,
    "sellingAndMarketingExpenses": 0,
    "sellingGeneralAndAdministrativeExpenses": 798000000,
    "otherExpenses": 79000000,
    "operatingExpenses": 1510000000,
    "costAndExpenses": 1987000000,
    "interestIncome": 58000000,
    "interestExpense": 147000000,
    "depreciationAndAmortization": 267000000,
    "ebitda": 1646000000,
    "ebitdaratio": 0.4975816203,
    "operatingIncome": 1321000000,
    "operatingIncomeRatio": 0.3993349456,
    "totalOtherIncomeExpensesNet": -89000000,
    "incomeBeforeTax": 1232000000,
    "incomeBeforeTaxRatio": 0.3724304716,
    "incomeTaxExpense": 213000000,
    "netIncome": 1019000000,
    "netIncomeRatio": 0.3080411125,
    "eps": 0.99,
    "epsdiluted": 0.98,
    "weightedAverageShsOut": 1032000000,
    "weightedAverageShsOutDil": 1037000000,
    "link": "https://www.sec.gov/Archives/edgar/data/318154/000119312509107323/0001193125-09-107323-index.htm",
    "finalLink": "https://www.sec.gov/Archives/edgar/data/318154/000119312509107323/d10q.htm"
  },
  {
    "date": "2008-12-31",
    "symbol": "AMGN",
    "reportedCurrency": "USD",
    "cik": "0000318154",
    "fillingDate": "2009-02-27",
    "acceptedDate": "2009-02-27 16:46:53",
    "calendarYear": "2008",
    "period": "Q4",
    "revenue": 3751000000,
    "costOfRevenue": 558000000,
    "grossProfit": 3193000000,
    "grossProfitRatio": 0.8512396694,
    "researchAndDevelopmentExpenses": 798000000,
    "generalAndAdministrativeExpenses": 0,
    "sellingAndMarketingExpenses": 0,
    "sellingGeneralAndAdministrativeExpenses": 1111000000,
    "otherExpenses": 147000000,
    "operatingExpenses": 2056000000,
    "costAndExpenses": 2614000000,
    "interestIncome": 0,
    "interestExpense": 0,
    "depreciationAndAmortization": 274000000,
    "ebitda": 1411000000,
    "ebitdaratio": 0.3761663556,
    "operatingIncome": 1137000000,
    "operatingIncomeRatio": 0.3031191682,
    "totalOtherIncomeExpensesNet": 17000000,
    "incomeBeforeTax": 1154000000,
    "incomeBeforeTaxRatio": 0.307651293,
    "incomeTaxExpense": 193000000,
    "netIncome": 961000000,
    "netIncomeRatio": 0.2561983471,
    "eps": 0.93,
    "epsdiluted": 0.93,
    "weightedAverageShsOut": 1032000000,
    "weightedAverageShsOutDil": 1037000000,
    "link": "https://www.sec.gov/Archives/edgar/data/318154/000119312509041091/0001193125-09-041091-index.htm",
    "finalLink": "https://www.sec.gov/Archives/edgar/data/318154/000119312509041091/d10k.htm"
  },
  {
    "date": "2008-09-30",
    "symbol": "AMGN",
    "reportedCurrency": "USD",
    "cik": "0000318154",
    "fillingDate": "2008-11-07",
    "acceptedDate": "2008-11-07 07:16:01",
    "calendarYear": "2008",
    "period": "Q3",
    "revenue": 3875000000,
    "costOfRevenue": 677000000,
    "grossProfit": 3198000000,
    "grossProfitRatio": 0.8252903226,
    "researchAndDevelopmentExpenses": 729000000,
    "generalAndAdministrativeExpenses": 0,
    "sellingAndMarketingExpenses": 0,
    "sellingGeneralAndAdministrativeExpenses": 900000000,
    "otherExpenses": 86000000,
    "operatingExpenses": 1715000000,
    "costAndExpenses": 2392000000,
    "interestIncome": 0,
    "interestExpense": 0,
    "depreciationAndAmortization": 268000000,
    "ebitda": 1751000000,
    "ebitdaratio": 0.4518709677,
    "operatingIncome": 1483000000,
    "operatingIncomeRatio": 0.3827096774,
    "totalOtherIncomeExpensesNet": -12000000,
    "incomeBeforeTax": 1471000000,
    "incomeBeforeTaxRatio": 0.3796129032,
    "incomeTaxExpense": 313000000,
    "netIncome": 1158000000,
    "netIncomeRatio": 0.2988387097,
    "eps": 1.09,
    "epsdiluted": 1.09,
    "weightedAverageShsOut": 1058000000,
    "weightedAverageShsOutDil": 1064000000,
    "link": "https://www.sec.gov/Archives/edgar/data/318154/000119312508228861/0001193125-08-228861-index.htm",
    "finalLink": "https://www.sec.gov/Archives/edgar/data/318154/000119312508228861/d10q.htm"
  },
  {
    "date": "2008-06-30",
    "symbol": "AMGN",
    "reportedCurrency": "USD",
    "cik": "0000318154",
    "fillingDate": "2008-08-08",
    "acceptedDate": "2008-08-08 16:15:00",
    "calendarYear": "2008",
    "period": "Q2",
    "revenue": 3764000000,
    "costOfRevenue": 515000000,
    "grossProfit": 3249000000,
    "grossProfitRatio": 0.8631774708,
    "researchAndDevelopmentExpenses": 809000000,
    "generalAndAdministrativeExpenses": 0,
    "sellingAndMarketingExpenses": 0,
    "sellingGeneralAndAdministrativeExpenses": 904000000,
    "otherExpenses": 357000000,
    "operatingExpenses": 2070000000,
    "costAndExpenses": 2585000000,
    "interestIncome": 0,
    "interestExpense": 0,
    "depreciationAndAmortization": 265000000,
    "ebitda": 1444000000,
    "ebitdaratio": 0.3836344315,
    "operatingIncome": 1179000000,
    "operatingIncomeRatio": 0.3132306057,
    "totalOtherIncomeExpensesNet": 9000000,
    "incomeBeforeTax": 1188000000,
    "incomeBeforeTaxRatio": 0.3156216791,
    "incomeTaxExpense": 247000000,
    "netIncome": 941000000,
    "netIncomeRatio": 0.25,
    "eps": 0.87,
    "epsdiluted": 0.87,
    "weightedAverageShsOut": 1078000000,
    "weightedAverageShsOutDil": 1081000000,
    "link": "https://www.sec.gov/Archives/edgar/data/318154/000119312508171935/0001193125-08-171935-index.htm",
    "finalLink": "https://www.sec.gov/Archives/edgar/data/318154/000119312508171935/d10q.htm"
  },
  {
    "date": "2008-03-31",
    "symbol": "AMGN",
    "reportedCurrency": "USD",
    "cik": "0000318154",
    "fillingDate": "2008-05-12",
    "acceptedDate": "2008-05-09 20:21:24",
    "calendarYear": "2008",
    "period": "Q1",
    "revenue": 3613000000,
    "costOfRevenue": 546000000,
    "grossProfit": 3067000000,
    "grossProfitRatio": 0.8488790479,
    "researchAndDevelopmentExpenses": 694000000,
    "generalAndAdministrativeExpenses": 0,
    "sellingAndMarketingExpenses": 0,
    "sellingGeneralAndAdministrativeExpenses": 874000000,
    "otherExpenses": 84000000,
    "operatingExpenses": 1652000000,
    "costAndExpenses": 2198000000,
    "interestIncome": 0,
    "interestExpense": 0,
    "depreciationAndAmortization": 266000000,
    "ebitda": 1681000000,
    "ebitdaratio": 0.4652643233,
    "operatingIncome": 1415000000,
    "operatingIncomeRatio": 0.3916412953,
    "totalOtherIncomeExpensesNet": 22000000,
    "incomeBeforeTax": 1437000000,
    "incomeBeforeTaxRatio": 0.3977304179,
    "incomeTaxExpense": 301000000,
    "netIncome": 1136000000,
    "netIncomeRatio": 0.3144201495,
    "eps": 1.04,
    "epsdiluted": 1.04,
    "weightedAverageShsOut": 1089000000,
    "weightedAverageShsOutDil": 1092000000,
    "link": "https://www.sec.gov/Archives/edgar/data/318154/000119312508110189/0001193125-08-110189-index.htm",
    "finalLink": "https://www.sec.gov/Archives/edgar/data/318154/000119312508110189/d10q.htm"
  },
  {
    "date": "2007-12-31",
    "symbol": "AMGN",
    "reportedCurrency": "USD",
    "cik": "0000318154",
    "fillingDate": "2008-02-28",
    "acceptedDate": "2008-02-27 20:55:52",
    "calendarYear": "2007",
    "period": "Q4",
    "revenue": 3745000000,
    "costOfRevenue": 606000000,
    "grossProfit": 3139000000,
    "grossProfitRatio": 0.8381842457,
    "researchAndDevelopmentExpenses": 822000000,
    "generalAndAdministrativeExpenses": 0,
    "sellingAndMarketingExpenses": 0,
    "sellingGeneralAndAdministrativeExpenses": 1001000000,
    "otherExpenses": 259000000,
    "operatingExpenses": 2082000000,
    "costAndExpenses": 2688000000,
    "interestIncome": 0,
    "interestExpense": 0,
    "depreciationAndAmortization": 302000000,
    "ebitda": 1568000000,
    "ebitdaratio": 0.4186915888,
    "operatingIncome": 1057000000,
    "operatingIncomeRatio": 0.2822429907,
    "totalOtherIncomeExpensesNet": 1000000,
    "incomeBeforeTax": 1058000000,
    "incomeBeforeTaxRatio": 0.2825100134,
    "incomeTaxExpense": 223000000,
    "netIncome": 835000000,
    "netIncomeRatio": 0.2229639519,
    "eps": 0.77,
    "epsdiluted": 0.76,
    "weightedAverageShsOut": 1089000000,
    "weightedAverageShsOutDil": 1092000000,
    "link": "https://www.sec.gov/Archives/edgar/data/318154/000119312508040431/0001193125-08-040431-index.htm",
    "finalLink": "https://www.sec.gov/Archives/edgar/data/318154/000119312508040431/d10k.htm"
  },
  {
    "date": "2007-09-30",
    "symbol": "AMGN",
    "reportedCurrency": "USD",
    "cik": "0000318154",
    "fillingDate": "2007-11-09",
    "acceptedDate": "2007-11-09 16:48:49",
    "calendarYear": "2007",
    "period": "Q3",
    "revenue": 3611000000,
    "costOfRevenue": 792000000,
    "grossProfit": 2819000000,
    "grossProfitRatio": 0.7806701745,
    "researchAndDevelopmentExpenses": 776000000,
    "generalAndAdministrativeExpenses": 0,
    "sellingAndMarketingExpenses": 0,
    "sellingGeneralAndAdministrativeExpenses": 730000000,
    "otherExpenses": 920000000,
    "operatingExpenses": 2426000000,
    "costAndExpenses": 3218000000,
    "interestIncome": 0,
    "interestExpense": 0,
    "depreciationAndAmortization": 374000000,
    "ebitda": 1357000000,
    "ebitdaratio": 0.3757961783,
    "operatingIncome": 393000000,
    "operatingIncomeRatio": 0.108834118,
    "totalOtherIncomeExpensesNet": -21000000,
    "incomeBeforeTax": 372000000,
    "incomeBeforeTaxRatio": 0.1030185544,
    "incomeTaxExpense": 171000000,
    "netIncome": 201000000,
    "netIncomeRatio": 0.0556632512,
    "eps": 0.19,
    "epsdiluted": 0.18,
    "weightedAverageShsOut": 1086000000,
    "weightedAverageShsOutDil": 1090000000,
    "link": "https://www.sec.gov/Archives/edgar/data/318154/000119312507242573/0001193125-07-242573-index.htm",
    "finalLink": "https://www.sec.gov/Archives/edgar/data/318154/000119312507242573/d10q.htm"
  },
  {
    "date": "2007-06-30",
    "symbol": "AMGN",
    "reportedCurrency": "USD",
    "cik": "0000318154",
    "fillingDate": "2007-08-09",
    "acceptedDate": "2007-08-08 21:46:11",
    "calendarYear": "2007",
    "period": "Q2",
    "revenue": 3728000000,
    "costOfRevenue": 558000000,
    "grossProfit": 3170000000,
    "grossProfitRatio": 0.8503218884,
    "researchAndDevelopmentExpenses": 817000000,
    "generalAndAdministrativeExpenses": 0,
    "sellingAndMarketingExpenses": 0,
    "sellingGeneralAndAdministrativeExpenses": 860000000,
    "otherExpenses": 363000000,
    "operatingExpenses": 2040000000,
    "costAndExpenses": 2598000000,
    "interestIncome": 0,
    "interestExpense": 0,
    "depreciationAndAmortization": 282000000,
    "ebitda": 1412000000,
    "ebitdaratio": 0.3787553648,
    "operatingIncome": 1130000000,
    "operatingIncomeRatio": 0.303111588,
    "totalOtherIncomeExpensesNet": 7000000,
    "incomeBeforeTax": 1137000000,
    "incomeBeforeTaxRatio": 0.3049892704,
    "incomeTaxExpense": 118000000,
    "netIncome": 1019000000,
    "netIncomeRatio": 0.2733369099,
    "eps": 0.9,
    "epsdiluted": 0.9,
    "weightedAverageShsOut": 1129000000,
    "weightedAverageShsOutDil": 1134000000,
    "link": "https://www.sec.gov/Archives/edgar/data/318154/000119312507176142/0001193125-07-176142-index.htm",
    "finalLink": "https://www.sec.gov/Archives/edgar/data/318154/000119312507176142/d10q.htm"
  },
  {
    "date": "2007-03-31",
    "symbol": "AMGN",
    "reportedCurrency": "USD",
    "cik": "0000318154",
    "fillingDate": "2007-05-09",
    "acceptedDate": "2007-05-09 06:32:36",
    "calendarYear": "2007",
    "period": "Q1",
    "revenue": 3687000000,
    "costOfRevenue": 592000000,
    "grossProfit": 3095000000,
    "grossProfitRatio": 0.8394358557,
    "researchAndDevelopmentExpenses": 851000000,
    "generalAndAdministrativeExpenses": 0,
    "sellingAndMarketingExpenses": 0,
    "sellingGeneralAndAdministrativeExpenses": 770000000,
    "otherExpenses": 74000000,
    "operatingExpenses": 1695000000,
    "costAndExpenses": 2287000000,
    "interestIncome": 0,
    "interestExpense": 0,
    "depreciationAndAmortization": 244000000,
    "ebitda": 1644000000,
    "ebitdaratio": 0.4458909683,
    "operatingIncome": 1400000000,
    "operatingIncomeRatio": 0.3797125034,
    "totalOtherIncomeExpensesNet": -6000000,
    "incomeBeforeTax": 1394000000,
    "incomeBeforeTaxRatio": 0.3780851641,
    "incomeTaxExpense": 283000000,
    "netIncome": 1111000000,
    "netIncomeRatio": 0.3013289938,
    "eps": 0.95,
    "epsdiluted": 0.94,
    "weightedAverageShsOut": 1167000000,
    "weightedAverageShsOutDil": 1177000000,
    "link": "https://www.sec.gov/Archives/edgar/data/318154/000119312507107084/0001193125-07-107084-index.htm",
    "finalLink": "https://www.sec.gov/Archives/edgar/data/318154/000119312507107084/d10q.htm"
  },
  {
    "date": "2006-12-31",
    "symbol": "AMGN",
    "reportedCurrency": "USD",
    "cik": "0000318154",
    "fillingDate": "2007-02-28",
    "acceptedDate": "2007-02-28 16:07:05",
    "calendarYear": "2006",
    "period": "Q4",
    "revenue": 3835000000,
    "costOfRevenue": 561000000,
    "grossProfit": 3274000000,
    "grossProfitRatio": 0.8537157757,
    "researchAndDevelopmentExpenses": 1051000000,
    "generalAndAdministrativeExpenses": 0,
    "sellingAndMarketingExpenses": 0,
    "sellingGeneralAndAdministrativeExpenses": 1030000000,
    "otherExpenses": 204000000,
    "operatingExpenses": 2285000000,
    "costAndExpenses": 2846000000,
    "interestIncome": 0,
    "interestExpense": 0,
    "depreciationAndAmortization": 200000000,
    "ebitda": 2420000000,
    "ebitdaratio": 0.631029987,
    "operatingIncome": 989000000,
    "operatingIncomeRatio": 0.2578878748,
    "totalOtherIncomeExpensesNet": 40000000,
    "incomeBeforeTax": 1029000000,
    "incomeBeforeTaxRatio": 0.2683181226,
    "incomeTaxExpense": 196000000,
    "netIncome": 833000000,
    "netIncomeRatio": 0.2172099087,
    "eps": 0.71,
    "epsdiluted": 0.71,
    "weightedAverageShsOut": 1167000000,
    "weightedAverageShsOutDil": 1177000000,
    "link": "https://www.sec.gov/Archives/edgar/data/318154/000119312507042586/0001193125-07-042586-index.htm",
    "finalLink": "https://www.sec.gov/Archives/edgar/data/318154/000119312507042586/d10k.htm"
  },
  {
    "date": "2006-09-30",
    "symbol": "AMGN",
    "reportedCurrency": "USD",
    "cik": "0000318154",
    "fillingDate": "2006-11-09",
    "acceptedDate": "2006-11-09 15:55:16",
    "calendarYear": "2006",
    "period": "Q3",
    "revenue": 3612000000,
    "costOfRevenue": 489000000,
    "grossProfit": 3123000000,
    "grossProfitRatio": 0.8646179402,
    "researchAndDevelopmentExpenses": 872000000,
    "generalAndAdministrativeExpenses": 0,
    "sellingAndMarketingExpenses": 0,
    "sellingGeneralAndAdministrativeExpenses": 807000000,
    "otherExpenses": 122000000,
    "operatingExpenses": 1801000000,
    "costAndExpenses": 2290000000,
    "interestIncome": 0,
    "interestExpense": 0,
    "depreciationAndAmortization": 287000000,
    "ebitda": 1609000000,
    "ebitdaratio": 0.4454595792,
    "operatingIncome": 1322000000,
    "operatingIncomeRatio": 0.3660022148,
    "totalOtherIncomeExpensesNet": 39000000,
    "incomeBeforeTax": 1361000000,
    "incomeBeforeTaxRatio": 0.376799557,
    "incomeTaxExpense": 259000000,
    "netIncome": 1102000000,
    "netIncomeRatio": 0.3050941307,
    "eps": 0.94,
    "epsdiluted": 0.94,
    "weightedAverageShsOut": 1167000000,
    "weightedAverageShsOutDil": 1178000000,
    "link": "https://www.sec.gov/Archives/edgar/data/318154/000110465906073573/0001104659-06-073573-index.htm",
    "finalLink": "https://www.sec.gov/Archives/edgar/data/318154/000110465906073573/a06-22059_110q.htm"
  },
  {
    "date": "2006-06-30",
    "symbol": "AMGN",
    "reportedCurrency": "USD",
    "cik": "0000318154",
    "fillingDate": "2006-08-09",
    "acceptedDate": "2006-08-08 21:09:28",
    "calendarYear": "2006",
    "period": "Q2",
    "revenue": 3604000000,
    "costOfRevenue": 493000000,
    "grossProfit": 3111000000,
    "grossProfitRatio": 0.8632075472,
    "researchAndDevelopmentExpenses": 788000000,
    "generalAndAdministrativeExpenses": 0,
    "sellingAndMarketingExpenses": 0,
    "sellingGeneralAndAdministrativeExpenses": 840000000,
    "otherExpenses": 1188000000,
    "operatingExpenses": 2816000000,
    "costAndExpenses": 3309000000,
    "interestIncome": 0,
    "interestExpense": 0,
    "depreciationAndAmortization": 257000000,
    "ebitda": 1653000000,
    "ebitdaratio": 0.4586570477,
    "operatingIncome": 295000000,
    "operatingIncomeRatio": 0.0818534961,
    "totalOtherIncomeExpensesNet": 21000000,
    "incomeBeforeTax": 316000000,
    "incomeBeforeTaxRatio": 0.0876803552,
    "incomeTaxExpense": 302000000,
    "netIncome": 14000000,
    "netIncomeRatio": 0.0038845727,
    "eps": 0.01,
    "epsdiluted": 0.01,
    "weightedAverageShsOut": 1173000000,
    "weightedAverageShsOutDil": 1185000000,
    "link": "https://www.sec.gov/Archives/edgar/data/318154/000110465906052672/0001104659-06-052672-index.htm",
    "finalLink": "https://www.sec.gov/Archives/edgar/data/318154/000110465906052672/a06-15779_110q.htm"
  },
  {
    "date": "2006-03-31",
    "symbol": "AMGN",
    "reportedCurrency": "USD",
    "cik": "0000318154",
    "fillingDate": "2006-05-10",
    "acceptedDate": "2006-05-09 20:46:50",
    "calendarYear": "2006",
    "period": "Q1",
    "revenue": 3217000000,
    "costOfRevenue": 552000000,
    "grossProfit": 2665000000,
    "grossProfitRatio": 0.8284115636,
    "researchAndDevelopmentExpenses": 655000000,
    "generalAndAdministrativeExpenses": 0,
    "sellingAndMarketingExpenses": 0,
    "sellingGeneralAndAdministrativeExpenses": 689000000,
    "otherExpenses": 87000000,
    "operatingExpenses": 1431000000,
    "costAndExpenses": 1983000000,
    "interestIncome": 0,
    "interestExpense": 0,
    "depreciationAndAmortization": 219000000,
    "ebitda": 1453000000,
    "ebitdaratio": 0.4516630401,
    "operatingIncome": 1234000000,
    "operatingIncomeRatio": 0.383587193,
    "totalOtherIncomeExpensesNet": 80000000,
    "incomeBeforeTax": 1314000000,
    "incomeBeforeTaxRatio": 0.4084550824,
    "incomeTaxExpense": 313000000,
    "netIncome": 1001000000,
    "netIncomeRatio": 0.3111594653,
    "eps": 0.83,
    "epsdiluted": 0.82,
    "weightedAverageShsOut": 1202000000,
    "weightedAverageShsOutDil": 1218000000,
    "link": "https://www.sec.gov/Archives/edgar/data/318154/000110465906032813/0001104659-06-032813-index.htm",
    "finalLink": "https://www.sec.gov/Archives/edgar/data/318154/000110465906032813/a06-11194_110q.htm"
  },
  {
    "date": "2005-12-31",
    "symbol": "AMGN",
    "reportedCurrency": "USD",
    "cik": "0000318154",
    "fillingDate": "2006-03-10",
    "acceptedDate": "2006-03-10 16:58:49",
    "calendarYear": "2005",
    "period": "Q4",
    "revenue": 3271000000,
    "costOfRevenue": 511000000,
    "grossProfit": 2760000000,
    "grossProfitRatio": 0.843778661,
    "researchAndDevelopmentExpenses": 661000000,
    "generalAndAdministrativeExpenses": 0,
    "sellingAndMarketingExpenses": 0,
    "sellingGeneralAndAdministrativeExpenses": 911000000,
    "otherExpenses": 87000000,
    "operatingExpenses": 1659000000,
    "costAndExpenses": 2170000000,
    "interestIncome": 0,
    "interestExpense": 0,
    "depreciationAndAmortization": 218000000,
    "ebitda": 1319000000,
    "ebitdaratio": 0.4032405992,
    "operatingIncome": 1101000000,
    "operatingIncomeRatio": 0.3365943137,
    "totalOtherIncomeExpensesNet": 10000000,
    "incomeBeforeTax": 1111000000,
    "incomeBeforeTaxRatio": 0.3396514827,
    "incomeTaxExpense": 287000000,
    "netIncome": 824000000,
    "netIncomeRatio": 0.2519107307,
    "eps": 0.69,
    "epsdiluted": 0.68,
    "weightedAverageShsOut": 1202000000,
    "weightedAverageShsOutDil": 1218000000,
    "link": "https://www.sec.gov/Archives/edgar/data/318154/000110465906015851/0001104659-06-015851-index.htm",
    "finalLink": "https://www.sec.gov/Archives/edgar/data/318154/000110465906015851/a06-5805_110k.htm"
  },
  {
    "date": "2005-09-30",
    "symbol": "AMGN",
    "reportedCurrency": "USD",
    "cik": "0000318154",
    "fillingDate": "2005-11-09",
    "acceptedDate": "2005-11-09 16:06:25",
    "calendarYear": "2005",
    "period": "Q3",
    "revenue": 3154000000,
    "costOfRevenue": 552000000,
    "grossProfit": 2602000000,
    "grossProfitRatio": 0.8249841471,
    "researchAndDevelopmentExpenses": 562000000,
    "generalAndAdministrativeExpenses": 0,
    "sellingAndMarketingExpenses": 0,
    "sellingGeneralAndAdministrativeExpenses": 656000000,
    "otherExpenses": 86000000,
    "operatingExpenses": 1304000000,
    "costAndExpenses": 1856000000,
    "interestIncome": 0,
    "interestExpense": 0,
    "depreciationAndAmortization": 204000000,
    "ebitda": 1502000000,
    "ebitdaratio": 0.4762206722,
    "operatingIncome": 1298000000,
    "operatingIncomeRatio": 0.4115409004,
    "totalOtherIncomeExpensesNet": 14000000,
    "incomeBeforeTax": 1312000000,
    "incomeBeforeTaxRatio": 0.4159797083,
    "incomeTaxExpense": 345000000,
    "netIncome": 967000000,
    "netIncomeRatio": 0.3065948003,
    "eps": 0.78,
    "epsdiluted": 0.77,
    "weightedAverageShsOut": 1233000000,
    "weightedAverageShsOutDil": 1249000000,
    "link": "https://www.sec.gov/Archives/edgar/data/318154/000095012905010807/0000950129-05-010807-index.htm",
    "finalLink": "https://www.sec.gov/Archives/edgar/data/318154/000095012905010807/v13945e10vq.htm"
  },
  {
    "date": "2005-06-30",
    "symbol": "AMGN",
    "reportedCurrency": "USD",
    "cik": "0000318154",
    "fillingDate": "2005-08-08",
    "acceptedDate": "2005-08-05 21:36:29",
    "calendarYear": "2005",
    "period": "Q2",
    "revenue": 3172000000,
    "costOfRevenue": 530000000,
    "grossProfit": 2642000000,
    "grossProfitRatio": 0.8329129887,
    "researchAndDevelopmentExpenses": 567000000,
    "generalAndAdministrativeExpenses": 0,
    "sellingAndMarketingExpenses": 0,
    "sellingGeneralAndAdministrativeExpenses": 646000000,
    "otherExpenses": 136000000,
    "operatingExpenses": 1349000000,
    "costAndExpenses": 1879000000,
    "interestIncome": 0,
    "interestExpense": 0,
    "depreciationAndAmortization": 217000000,
    "ebitda": 1510000000,
    "ebitdaratio": 0.4760403531,
    "operatingIncome": 1293000000,
    "operatingIncomeRatio": 0.407629256,
    "totalOtherIncomeExpensesNet": 6000000,
    "incomeBeforeTax": 1299000000,
    "incomeBeforeTaxRatio": 0.4095208071,
    "incomeTaxExpense": 270000000,
    "netIncome": 1029000000,
    "netIncomeRatio": 0.3244010088,
    "eps": 0.83,
    "epsdiluted": 0.82,
    "weightedAverageShsOut": 1233000000,
    "weightedAverageShsOutDil": 1250000000,
    "link": "https://www.sec.gov/Archives/edgar/data/318154/000095012905007789/0000950129-05-007789-index.htm",
    "finalLink": "https://www.sec.gov/Archives/edgar/data/318154/000095012905007789/v11163e10vq.htm"
  },
  {
    "date": "2005-03-31",
    "symbol": "AMGN",
    "reportedCurrency": "USD",
    "cik": "0000318154",
    "fillingDate": "2005-05-04",
    "acceptedDate": "2005-05-04 15:59:21",
    "calendarYear": "2005",
    "period": "Q1",
    "revenue": 2833000000,
    "costOfRevenue": 489000000,
    "grossProfit": 2344000000,
    "grossProfitRatio": 0.8273914578,
    "researchAndDevelopmentExpenses": 524000000,
    "generalAndAdministrativeExpenses": 0,
    "sellingAndMarketingExpenses": 0,
    "sellingGeneralAndAdministrativeExpenses": 577000000,
    "otherExpenses": 87000000,
    "operatingExpenses": 1188000000,
    "costAndExpenses": 1677000000,
    "interestIncome": 0,
    "interestExpense": 0,
    "depreciationAndAmortization": 202000000,
    "ebitda": 1358000000,
    "ebitdaratio": 0.4793505118,
    "operatingIncome": 1156000000,
    "operatingIncomeRatio": 0.4080480056,
    "totalOtherIncomeExpensesNet": -10000000,
    "incomeBeforeTax": 1146000000,
    "incomeBeforeTaxRatio": 0.4045181786,
    "incomeTaxExpense": 292000000,
    "netIncome": 854000000,
    "netIncomeRatio": 0.3014472291,
    "eps": 0.68,
    "epsdiluted": 0.67,
    "weightedAverageShsOut": 1249000000,
    "weightedAverageShsOutDil": 1290000000,
    "link": "https://www.sec.gov/Archives/edgar/data/318154/000095012905004666/0000950129-05-004666-index.htm",
    "finalLink": "https://www.sec.gov/Archives/edgar/data/318154/000095012905004666/v08553e10vq.htm"
  },
  {
    "date": "2004-12-31",
    "symbol": "AMGN",
    "reportedCurrency": "USD",
    "cik": "0000318154",
    "fillingDate": "2005-03-09",
    "acceptedDate": "2005-03-09 17:21:43",
    "calendarYear": "2004",
    "period": "Q4",
    "revenue": 2909000000,
    "costOfRevenue": 476000000,
    "grossProfit": 2433000000,
    "grossProfitRatio": 0.8363698866,
    "researchAndDevelopmentExpenses": 617000000,
    "generalAndAdministrativeExpenses": 0,
    "sellingAndMarketingExpenses": 0,
    "sellingGeneralAndAdministrativeExpenses": 816000000,
    "otherExpenses": 81000000,
    "operatingExpenses": 1514000000,
    "costAndExpenses": 1990000000,
    "interestIncome": 0,
    "interestExpense": 0,
    "depreciationAndAmortization": 193000000,
    "ebitda": 1666000000,
    "ebitdaratio": 0.572705397,
    "operatingIncome": 919000000,
    "operatingIncomeRatio": 0.3159161224,
    "totalOtherIncomeExpensesNet": 1000000,
    "incomeBeforeTax": 920000000,
    "incomeBeforeTaxRatio": 0.3162598831,
    "incomeTaxExpense": 231000000,
    "netIncome": 689000000,
    "netIncomeRatio": 0.2368511516,
    "eps": 0.55,
    "epsdiluted": 0.53,
    "weightedAverageShsOut": 1249000000,
    "weightedAverageShsOutDil": 1290000000,
    "link": "https://www.sec.gov/Archives/edgar/data/318154/000095012905002159/0000950129-05-002159-index.htm",
    "finalLink": "https://www.sec.gov/Archives/edgar/data/318154/000095012905002159/v06403e10vk.htm"
  },
  {
    "date": "2004-09-30",
    "symbol": "AMGN",
    "reportedCurrency": "USD",
    "cik": "0000318154",
    "fillingDate": "2004-11-09",
    "acceptedDate": "2004-11-09 14:46:53",
    "calendarYear": "2004",
    "period": "Q3",
    "revenue": 2713000000,
    "costOfRevenue": 447000000,
    "grossProfit": 2266000000,
    "grossProfitRatio": 0.8352377442,
    "researchAndDevelopmentExpenses": 502000000,
    "generalAndAdministrativeExpenses": 0,
    "sellingAndMarketingExpenses": 0,
    "sellingGeneralAndAdministrativeExpenses": 632000000,
    "otherExpenses": 638000000,
    "operatingExpenses": 1772000000,
    "costAndExpenses": 2219000000,
    "interestIncome": 0,
    "interestExpense": 0,
    "depreciationAndAmortization": 186000000,
    "ebitda": 680000000,
    "ebitdaratio": 0.2506450424,
    "operatingIncome": 494000000,
    "operatingIncomeRatio": 0.1820862514,
    "totalOtherIncomeExpensesNet": 15000000,
    "incomeBeforeTax": 509000000,
    "incomeBeforeTaxRatio": 0.1876151861,
    "incomeTaxExpense": 273000000,
    "netIncome": 236000000,
    "netIncomeRatio": 0.0869885735,
    "eps": 0.19,
    "epsdiluted": 0.18,
    "weightedAverageShsOut": 1272000000,
    "weightedAverageShsOutDil": 1320000000,
    "link": "https://www.sec.gov/Archives/edgar/data/318154/000095012904008750/0000950129-04-008750-index.htm",
    "finalLink": "https://www.sec.gov/Archives/edgar/data/318154/000095012904008750/v03018e10vq.htm"
  },
  {
    "date": "2004-06-30",
    "symbol": "AMGN",
    "reportedCurrency": "USD",
    "cik": "0000318154",
    "fillingDate": "2004-08-06",
    "acceptedDate": "2004-08-06 16:07:11",
    "calendarYear": "2004",
    "period": "Q2",
    "revenue": 2584900000,
    "costOfRevenue": 435400000,
    "grossProfit": 2149500000,
    "grossProfitRatio": 0.8315602151,
    "researchAndDevelopmentExpenses": 468000000,
    "generalAndAdministrativeExpenses": 0,
    "sellingAndMarketingExpenses": 0,
    "sellingGeneralAndAdministrativeExpenses": 591000000,
    "otherExpenses": 84000000,
    "operatingExpenses": 1143000000,
    "costAndExpenses": 1578000000,
    "interestIncome": 0,
    "interestExpense": 0,
    "depreciationAndAmortization": 179000000,
    "ebitda": 1186000000,
    "ebitdaratio": 0.458818523,
    "operatingIncome": 1007000000,
    "operatingIncomeRatio": 0.3895701961,
    "totalOtherIncomeExpensesNet": 10000000,
    "incomeBeforeTax": 1016800000,
    "incomeBeforeTaxRatio": 0.3933614453,
    "incomeTaxExpense": 268700000,
    "netIncome": 748100000,
    "netIncomeRatio": 0.2894115827,
    "eps": 0.59,
    "epsdiluted": 0.57,
    "weightedAverageShsOut": 1268000000,
    "weightedAverageShsOutDil": 1318000000,
    "link": "https://www.sec.gov/Archives/edgar/data/318154/000095012904005694/0000950129-04-005694-index.htm",
    "finalLink": "https://www.sec.gov/Archives/edgar/data/318154/000095012904005694/v00588e10vq.htm"
  },
  {
    "date": "2004-03-31",
    "symbol": "AMGN",
    "reportedCurrency": "USD",
    "cik": "0000318154",
    "fillingDate": "2004-05-03",
    "acceptedDate": "2004-05-03 16:39:45",
    "calendarYear": "2004",
    "period": "Q1",
    "revenue": 2343000000,
    "costOfRevenue": 373200000,
    "grossProfit": 1969800000,
    "grossProfitRatio": 0.8407170294,
    "researchAndDevelopmentExpenses": 441000000,
    "generalAndAdministrativeExpenses": 0,
    "sellingAndMarketingExpenses": 0,
    "sellingGeneralAndAdministrativeExpenses": 517000000,
    "otherExpenses": 84000000,
    "operatingExpenses": 1042000000,
    "costAndExpenses": 1415000000,
    "interestIncome": 0,
    "interestExpense": 0,
    "depreciationAndAmortization": 176000000,
    "ebitda": 1104000000,
    "ebitdaratio": 0.471190781,
    "operatingIncome": 928000000,
    "operatingIncomeRatio": 0.3960734102,
    "totalOtherIncomeExpensesNet": 21000000,
    "incomeBeforeTax": 949200000,
    "incomeBeforeTaxRatio": 0.4051216389,
    "incomeTaxExpense": 259000000,
    "netIncome": 690200000,
    "netIncomeRatio": 0.2945795988,
    "eps": 0.54,
    "epsdiluted": 0.52,
    "weightedAverageShsOut": 1279000000,
    "weightedAverageShsOutDil": 1332000000,
    "link": "https://www.sec.gov/Archives/edgar/data/318154/000095012904002691/0000950129-04-002691-index.htm",
    "finalLink": "https://www.sec.gov/Archives/edgar/data/318154/000095012904002691/v98517e10vq.htm"
  },
  {
    "date": "2003-12-31",
    "symbol": "AMGN",
    "reportedCurrency": "USD",
    "cik": "0000318154",
    "fillingDate": "2004-03-11",
    "acceptedDate": "2004-03-11 17:16:48",
    "calendarYear": "2003",
    "period": "Q4",
    "revenue": 2346300000,
    "costOfRevenue": 388300000,
    "grossProfit": 1958000000,
    "grossProfitRatio": 0.8345053915,
    "researchAndDevelopmentExpenses": 502900000,
    "generalAndAdministrativeExpenses": 0,
    "sellingAndMarketingExpenses": 0,
    "sellingGeneralAndAdministrativeExpenses": 626000000,
    "otherExpenses": 74000000,
    "operatingExpenses": 1202900000,
    "costAndExpenses": 1591200000,
    "interestIncome": 0,
    "interestExpense": 0,
    "depreciationAndAmortization": 176900000,
    "ebitda": 932000000,
    "ebitdaratio": 0.3972211567,
    "operatingIncome": 755100000,
    "operatingIncomeRatio": 0.3218258535,
    "totalOtherIncomeExpensesNet": 15000000,
    "incomeBeforeTax": 770100000,
    "incomeBeforeTaxRatio": 0.3282188978,
    "incomeTaxExpense": 223200000,
    "netIncome": 546900000,
    "netIncomeRatio": 0.2330903976,
    "eps": 0.43,
    "epsdiluted": 0.41,
    "weightedAverageShsOut": 1279400000,
    "weightedAverageShsOutDil": 1332500000,
    "link": "https://www.sec.gov/Archives/edgar/data/318154/000095014804000549/0000950148-04-000549-index.htm",
    "finalLink": "https://www.sec.gov/Archives/edgar/data/318154/000095014804000549/v96430e10vk.htm"
  },
  {
    "date": "2003-09-30",
    "symbol": "AMGN",
    "reportedCurrency": "USD",
    "cik": "0000318154",
    "fillingDate": "2003-10-30",
    "acceptedDate": "2003-10-29 19:15:12",
    "calendarYear": "2003",
    "period": "Q3",
    "revenue": 2207400000,
    "costOfRevenue": 340000000,
    "grossProfit": 1867400000,
    "grossProfitRatio": 0.8459726375,
    "researchAndDevelopmentExpenses": 408000000,
    "generalAndAdministrativeExpenses": 0,
    "sellingAndMarketingExpenses": 0,
    "sellingGeneralAndAdministrativeExpenses": 483000000,
    "otherExpenses": 119000000,
    "operatingExpenses": 1010000000,
    "costAndExpenses": 1350000000,
    "interestIncome": 0,
    "interestExpense": 0,
    "depreciationAndAmortization": 168800000,
    "ebitda": 1025800000,
    "ebitdaratio": 0.4647096131,
    "operatingIncome": 857000000,
    "operatingIncomeRatio": 0.3882395579,
    "totalOtherIncomeExpensesNet": 9000000,
    "incomeBeforeTax": 866200000,
    "incomeBeforeTaxRatio": 0.3924073571,
    "incomeTaxExpense": 254100000,
    "netIncome": 612100000,
    "netIncomeRatio": 0.2772945547,
    "eps": 0.47,
    "epsdiluted": 0.46,
    "weightedAverageShsOut": 1289000000,
    "weightedAverageShsOutDil": 1348000000,
    "link": "https://www.sec.gov/Archives/edgar/data/318154/000119312503069500/0001193125-03-069500-index.htm",
    "finalLink": "https://www.sec.gov/Archives/edgar/data/318154/000119312503069500/d10q.htm"
  },
  {
    "date": "2003-06-30",
    "symbol": "AMGN",
    "reportedCurrency": "USD",
    "cik": "0000318154",
    "fillingDate": "2003-07-30",
    "acceptedDate": "2003-07-30 14:06:15",
    "calendarYear": "2003",
    "period": "Q2",
    "revenue": 2041100000,
    "costOfRevenue": 329100000,
    "grossProfit": 1712000000,
    "grossProfitRatio": 0.8387634119,
    "researchAndDevelopmentExpenses": 393700000,
    "generalAndAdministrativeExpenses": 0,
    "sellingAndMarketingExpenses": 0,
    "sellingGeneralAndAdministrativeExpenses": 441200000,
    "otherExpenses": 60000000,
    "operatingExpenses": 894900000,
    "costAndExpenses": 1224000000,
    "interestIncome": 0,
    "interestExpense": 0,
    "depreciationAndAmortization": 171400000,
    "ebitda": 988500000,
    "ebitdaratio": 0.4842976826,
    "operatingIncome": 817100000,
    "operatingIncomeRatio": 0.4003233551,
    "totalOtherIncomeExpensesNet": 31600000,
    "incomeBeforeTax": 848700000,
    "incomeBeforeTaxRatio": 0.4158052031,
    "incomeTaxExpense": 241500000,
    "netIncome": 607200000,
    "netIncomeRatio": 0.2974866494,
    "eps": 0.47,
    "epsdiluted": 0.45,
    "weightedAverageShsOut": 1287900000,
    "weightedAverageShsOutDil": 1347000000,
    "link": "https://www.sec.gov/Archives/edgar/data/318154/000119312503026265/0001193125-03-026265-index.htm",
    "finalLink": "https://www.sec.gov/Archives/edgar/data/318154/000119312503026265/d10q.htm"
  },
  {
    "date": "2003-03-31",
    "symbol": "AMGN",
    "reportedCurrency": "USD",
    "cik": "0000318154",
    "fillingDate": "2003-05-02",
    "acceptedDate": "2003-05-02 14:42:53",
    "calendarYear": "2003",
    "period": "Q1",
    "revenue": 1761200000,
    "costOfRevenue": 283300000,
    "grossProfit": 1477900000,
    "grossProfitRatio": 0.8391437656,
    "researchAndDevelopmentExpenses": 351300000,
    "generalAndAdministrativeExpenses": 0,
    "sellingAndMarketingExpenses": 0,
    "sellingGeneralAndAdministrativeExpenses": 390100000,
    "otherExpenses": 74300000,
    "operatingExpenses": 815700000,
    "costAndExpenses": 1099000000,
    "interestIncome": 0,
    "interestExpense": 0,
    "depreciationAndAmortization": 169800000,
    "ebitda": 832000000,
    "ebitdaratio": 0.4724051783,
    "operatingIncome": 662200000,
    "operatingIncomeRatio": 0.3759936407,
    "totalOtherIncomeExpensesNet": 25900000,
    "incomeBeforeTax": 688100000,
    "incomeBeforeTaxRatio": 0.3906995231,
    "incomeTaxExpense": 194800000,
    "netIncome": 493300000,
    "netIncomeRatio": 0.2800931183,
    "eps": 0.38,
    "epsdiluted": 0.37,
    "weightedAverageShsOut": 1290500000,
    "weightedAverageShsOutDil": 1349900000,
    "link": "https://www.sec.gov/Archives/edgar/data/318154/000089843003002755/0000898430-03-002755-index.htm",
    "finalLink": "https://www.sec.gov/Archives/edgar/data/318154/000089843003002755/d10q.htm"
  },
  {
    "date": "2002-12-31",
    "symbol": "AMGN",
    "reportedCurrency": "USD",
    "cik": "0000318154",
    "fillingDate": "2003-03-10",
    "acceptedDate": "2003-03-10 17:08:48",
    "calendarYear": "2002",
    "period": "Q4",
    "revenue": 1766100000,
    "costOfRevenue": 273800000,
    "grossProfit": 1492300000,
    "grossProfitRatio": 0.844969141,
    "researchAndDevelopmentExpenses": 367000000,
    "generalAndAdministrativeExpenses": 0,
    "sellingAndMarketingExpenses": 0,
    "sellingGeneralAndAdministrativeExpenses": 500900000,
    "otherExpenses": -7119000000,
    "operatingExpenses": -6251100000,
    "costAndExpenses": -5977300000,
    "interestIncome": 0,
    "interestExpense": 0,
    "depreciationAndAmortization": 164200000,
    "ebitda": 7907600000,
    "ebitdaratio": 4.4774361588,
    "operatingIncome": 7743400000,
    "operatingIncomeRatio": 4.3844629409,
    "totalOtherIncomeExpensesNet": -7073600000,
    "incomeBeforeTax": 669800000,
    "incomeBeforeTaxRatio": 0.3792537229,
    "incomeTaxExpense": 213400000,
    "netIncome": 456400000,
    "netIncomeRatio": 0.2584225129,
    "eps": 0.35,
    "epsdiluted": 0.34,
    "weightedAverageShsOut": 1290500000,
    "weightedAverageShsOutDil": 1349900000,
    "link": "https://www.sec.gov/Archives/edgar/data/318154/000089843003001854/0000898430-03-001854-index.htm",
    "finalLink": "https://www.sec.gov/Archives/edgar/data/318154/000089843003001854/d10k.htm"
  },
  {
    "date": "2002-09-30",
    "symbol": "AMGN",
    "reportedCurrency": "USD",
    "cik": "0000318154",
    "fillingDate": "2002-11-05",
    "acceptedDate": "2002-11-05 16:37:07",
    "calendarYear": "2002",
    "period": "Q3",
    "revenue": 1499300000,
    "costOfRevenue": 226400000,
    "grossProfit": 1272900000,
    "grossProfitRatio": 0.8489961982,
    "researchAndDevelopmentExpenses": 312600000,
    "generalAndAdministrativeExpenses": 0,
    "sellingAndMarketingExpenses": 0,
    "sellingGeneralAndAdministrativeExpenses": 394900000,
    "otherExpenses": 3023500000,
    "operatingExpenses": 3731000000,
    "costAndExpenses": 3957400000,
    "interestIncome": 0,
    "interestExpense": 0,
    "depreciationAndAmortization": 155700000,
    "ebitda": 689400000,
    "ebitdaratio": 0.4598145801,
    "operatingIncome": -2458100000,
    "operatingIncomeRatio": -1.6394984326,
    "totalOtherIncomeExpensesNet": -7900000,
    "incomeBeforeTax": -2466000000,
    "incomeBeforeTaxRatio": -1.6447675582,
    "incomeTaxExpense": 155600000,
    "netIncome": -2601600000,
    "netIncomeRatio": -1.7352097646,
    "eps": -2.1,
    "epsdiluted": -2.1,
    "weightedAverageShsOut": 1241700000,
    "weightedAverageShsOutDil": 1241700000,
    "link": "https://www.sec.gov/Archives/edgar/data/318154/000089843002003918/0000898430-02-003918-index.htm",
    "finalLink": "https://www.sec.gov/Archives/edgar/data/318154/000089843002003918/d10q.htm"
  },
  {
    "date": "2002-06-30",
    "symbol": "AMGN",
    "reportedCurrency": "USD",
    "cik": "0000318154",
    "fillingDate": "2002-08-13",
    "acceptedDate": "2002-08-13 16:08:37",
    "calendarYear": "2002",
    "period": "Q2",
    "revenue": 1169100000,
    "costOfRevenue": 131900000,
    "grossProfit": 1037200000,
    "grossProfitRatio": 0.8871781712,
    "researchAndDevelopmentExpenses": 233600000,
    "generalAndAdministrativeExpenses": 0,
    "sellingAndMarketingExpenses": 0,
    "sellingGeneralAndAdministrativeExpenses": 320500000,
    "otherExpenses": -81700000,
    "operatingExpenses": 472400000,
    "costAndExpenses": 604300000,
    "interestIncome": 0,
    "interestExpense": 0,
    "depreciationAndAmortization": 66700000,
    "ebitda": 631500000,
    "ebitdaratio": 0.5401590967,
    "operatingIncome": 564800000,
    "operatingIncomeRatio": 0.4831066632,
    "totalOtherIncomeExpensesNet": 32800000,
    "incomeBeforeTax": 597600000,
    "incomeBeforeTaxRatio": 0.5111624326,
    "incomeTaxExpense": 185200000,
    "netIncome": 412400000,
    "netIncomeRatio": 0.3527499786,
    "eps": 0.4,
    "epsdiluted": 0.38,
    "weightedAverageShsOut": 1038600000,
    "weightedAverageShsOutDil": 1098800000,
    "link": "https://www.sec.gov/Archives/edgar/data/318154/000089843002003028/0000898430-02-003028-index.htm",
    "finalLink": "https://www.sec.gov/Archives/edgar/data/318154/000089843002003028/d10q.htm"
  },
  {
    "date": "2002-03-31",
    "symbol": "AMGN",
    "reportedCurrency": "USD",
    "cik": "0000318154",
    "fillingDate": "2002-04-29",
    "acceptedDate": "2002-04-26 18:11:05",
    "calendarYear": "2002",
    "period": "Q1",
    "revenue": 1008500000,
    "costOfRevenue": 103600000,
    "grossProfit": 904900000,
    "grossProfitRatio": 0.897273178,
    "researchAndDevelopmentExpenses": 203400000,
    "generalAndAdministrativeExpenses": 0,
    "sellingAndMarketingExpenses": 0,
    "sellingGeneralAndAdministrativeExpenses": 245800000,
    "otherExpenses": -1700000,
    "operatingExpenses": 447500000,
    "costAndExpenses": 551100000,
    "interestIncome": 0,
    "interestExpense": 0,
    "depreciationAndAmortization": 60700000,
    "ebitda": 518100000,
    "ebitdaratio": 0.5137332672,
    "operatingIncome": 457400000,
    "operatingIncomeRatio": 0.4535448686,
    "totalOtherIncomeExpensesNet": 36700000,
    "incomeBeforeTax": 494100000,
    "incomeBeforeTaxRatio": 0.4899355478,
    "incomeTaxExpense": 153200000,
    "netIncome": 340900000,
    "netIncomeRatio": 0.3380267724,
    "eps": 0.32,
    "epsdiluted": 0.32,
    "weightedAverageShsOut": 1043600000,
    "weightedAverageShsOutDil": 1085600000,
    "link": "https://www.sec.gov/Archives/edgar/data/318154/000089843002001629/0000898430-02-001629-index.htm",
    "finalLink": "https://www.sec.gov/Archives/edgar/data/318154/000089843002001629/d10q.txt"
  },
  {
    "date": "2001-12-31",
    "symbol": "AMGN",
    "reportedCurrency": "USD",
    "cik": "0000318154",
    "fillingDate": "2002-02-26",
    "acceptedDate": "2002-02-26 00:00:00",
    "calendarYear": "2001",
    "period": "Q4",
    "revenue": 1124300000,
    "costOfRevenue": 152500000,
    "grossProfit": 971800000,
    "grossProfitRatio": 0.8643600463,
    "researchAndDevelopmentExpenses": 232600000,
    "generalAndAdministrativeExpenses": 0,
    "sellingAndMarketingExpenses": 0,
    "sellingGeneralAndAdministrativeExpenses": 326200000,
    "otherExpenses": 203900000,
    "operatingExpenses": 762700000,
    "costAndExpenses": 915200000,
    "interestIncome": 0,
    "interestExpense": 0,
    "depreciationAndAmortization": 71000000,
    "ebitda": 280100000,
    "ebitdaratio": 0.2491327937,
    "operatingIncome": 209100000,
    "operatingIncomeRatio": 0.185982389,
    "totalOtherIncomeExpensesNet": 32100000,
    "incomeBeforeTax": 241200000,
    "incomeBeforeTaxRatio": 0.2145334875,
    "incomeTaxExpense": 78200000,
    "netIncome": 163000000,
    "netIncomeRatio": 0.1449790981,
    "eps": 0.16,
    "epsdiluted": 0.15,
    "weightedAverageShsOut": 1043600000,
    "weightedAverageShsOutDil": 1085600000,
    "link": "https://www.sec.gov/Archives/edgar/data/318154/000089843002000744/0000898430-02-000744-index.htm",
    "finalLink": "https://www.sec.gov/Archives/edgar/data/318154/000089843002000744/d10k.txt"
  },
  {
    "date": "2001-09-30",
    "symbol": "AMGN",
    "reportedCurrency": "USD",
    "cik": "0000318154",
    "fillingDate": "2001-10-26",
    "acceptedDate": "2001-10-26 00:00:00",
    "calendarYear": "2001",
    "period": "Q3",
    "revenue": 1003100000,
    "costOfRevenue": 102700000,
    "grossProfit": 900400000,
    "grossProfitRatio": 0.8976173861,
    "researchAndDevelopmentExpenses": 216900000,
    "generalAndAdministrativeExpenses": 0,
    "sellingAndMarketingExpenses": 0,
    "sellingGeneralAndAdministrativeExpenses": 221800000,
    "otherExpenses": 5500000,
    "operatingExpenses": 444200000,
    "costAndExpenses": 546900000,
    "interestIncome": 0,
    "interestExpense": 0,
    "depreciationAndAmortization": 66700000,
    "ebitda": 522900000,
    "ebitdaratio": 0.5212840195,
    "operatingIncome": 456200000,
    "operatingIncomeRatio": 0.4547901505,
    "totalOtherIncomeExpensesNet": 42100000,
    "incomeBeforeTax": 498300000,
    "incomeBeforeTaxRatio": 0.4967600439,
    "incomeTaxExpense": 168400000,
    "netIncome": 329900000,
    "netIncomeRatio": 0.3288804705,
    "eps": 0.31,
    "epsdiluted": 0.3,
    "weightedAverageShsOut": 1048300000,
    "weightedAverageShsOutDil": 1084600000,
    "link": "https://www.sec.gov/Archives/edgar/data/318154/000102140801508839/0001021408-01-508839-index.htm",
    "finalLink": "https://www.sec.gov/Archives/edgar/data/318154/000102140801508839/d10q.txt"
  },
  {
    "date": "2001-06-30",
    "symbol": "AMGN",
    "reportedCurrency": "USD",
    "cik": "0000318154",
    "fillingDate": "2001-07-27",
    "acceptedDate": "2001-07-27 00:00:00",
    "calendarYear": "2001",
    "period": "Q2",
    "revenue": 986700000,
    "costOfRevenue": 98400000,
    "grossProfit": 888300000,
    "grossProfitRatio": 0.9002736394,
    "researchAndDevelopmentExpenses": 208800000,
    "generalAndAdministrativeExpenses": 0,
    "sellingAndMarketingExpenses": 0,
    "sellingGeneralAndAdministrativeExpenses": 226500000,
    "otherExpenses": -53900000,
    "operatingExpenses": 381400000,
    "costAndExpenses": 479800000,
    "interestIncome": 0,
    "interestExpense": 0,
    "depreciationAndAmortization": 68300000,
    "ebitda": 517700000,
    "ebitdaratio": 0.5246782203,
    "operatingIncome": 449400000,
    "operatingIncomeRatio": 0.4554575859,
    "totalOtherIncomeExpensesNet": 36100000,
    "incomeBeforeTax": 485500000,
    "incomeBeforeTaxRatio": 0.4920441877,
    "incomeTaxExpense": 163600000,
    "netIncome": 321900000,
    "netIncomeRatio": 0.3262389784,
    "eps": 0.31,
    "epsdiluted": 0.3,
    "weightedAverageShsOut": 1044800000,
    "weightedAverageShsOutDil": 1085100000,
    "link": "https://www.sec.gov/Archives/edgar/data/318154/000089843001501477/0000898430-01-501477-index.htm",
    "finalLink": "https://www.sec.gov/Archives/edgar/data/318154/000089843001501477/d10q.txt"
  },
  {
    "date": "2001-03-31",
    "symbol": "AMGN",
    "reportedCurrency": "USD",
    "cik": "0000318154",
    "fillingDate": "2001-05-14",
    "acceptedDate": "2001-05-14 00:00:00",
    "calendarYear": "2001",
    "period": "Q1",
    "revenue": 901600000,
    "costOfRevenue": 89400000,
    "grossProfit": 812200000,
    "grossProfitRatio": 0.9008429459,
    "researchAndDevelopmentExpenses": 206700000,
    "generalAndAdministrativeExpenses": 0,
    "sellingAndMarketingExpenses": 0,
    "sellingGeneralAndAdministrativeExpenses": 196200000,
    "otherExpenses": -7200000,
    "operatingExpenses": 395700000,
    "costAndExpenses": 485100000,
    "interestIncome": 0,
    "interestExpense": 0,
    "depreciationAndAmortization": 59900000,
    "ebitda": 476400000,
    "ebitdaratio": 0.5283939663,
    "operatingIncome": 416500000,
    "operatingIncomeRatio": 0.4619565217,
    "totalOtherIncomeExpensesNet": 44800000,
    "incomeBeforeTax": 461300000,
    "incomeBeforeTaxRatio": 0.5116459627,
    "incomeTaxExpense": 156400000,
    "netIncome": 304900000,
    "netIncomeRatio": 0.338176575,
    "eps": 0.29,
    "epsdiluted": 0.28,
    "weightedAverageShsOut": 1041100000,
    "weightedAverageShsOutDil": 1086200000,
    "link": "https://www.sec.gov/Archives/edgar/data/318154/000089843001500500/0000898430-01-500500-index.htm",
    "finalLink": "https://www.sec.gov/Archives/edgar/data/318154/000089843001500500/d10q.txt"
  },
  {
    "date": "2000-12-31",
    "symbol": "AMGN",
    "reportedCurrency": "USD",
    "cik": "0000318154",
    "fillingDate": "2001-03-07",
    "acceptedDate": "2001-03-07 00:00:00",
    "calendarYear": "2000",
    "period": "Q4",
    "revenue": 905800000,
    "costOfRevenue": 56000000,
    "grossProfit": 849800000,
    "grossProfitRatio": 0.9381761978,
    "researchAndDevelopmentExpenses": 249500000,
    "generalAndAdministrativeExpenses": 0,
    "sellingAndMarketingExpenses": 0,
    "sellingGeneralAndAdministrativeExpenses": 249200000,
    "otherExpenses": 55500000,
    "operatingExpenses": 554200000,
    "costAndExpenses": 610200000,
    "interestIncome": 0,
    "interestExpense": 0,
    "depreciationAndAmortization": 55500000,
    "ebitda": 351100000,
    "ebitdaratio": 0.3876131596,
    "operatingIncome": 295600000,
    "operatingIncomeRatio": 0.3263413557,
    "totalOtherIncomeExpensesNet": 24400000,
    "incomeBeforeTax": 320000000,
    "incomeBeforeTaxRatio": 0.3532788695,
    "incomeTaxExpense": 109200000,
    "netIncome": 210800000,
    "netIncomeRatio": 0.2327224553,
    "eps": 0.2,
    "epsdiluted": 0.19,
    "weightedAverageShsOut": 1041100000,
    "weightedAverageShsOutDil": 1086200000,
    "link": "https://www.sec.gov/Archives/edgar/data/318154/000089843001000873/0000898430-01-000873-index.htm",
    "finalLink": "https://www.sec.gov/Archives/edgar/data/318154/000089843001000873/0000898430-01-000873-0001.txt"
  },
  {
    "date": "2000-09-30",
    "symbol": "AMGN",
    "reportedCurrency": "USD",
    "cik": "0000318154",
    "fillingDate": "2000-11-14",
    "acceptedDate": "2000-11-14 00:00:00",
    "calendarYear": "2000",
    "period": "Q3",
    "revenue": 902900000,
    "costOfRevenue": 57000000,
    "grossProfit": 845900000,
    "grossProfitRatio": 0.9368700853,
    "researchAndDevelopmentExpenses": 202900000,
    "generalAndAdministrativeExpenses": 0,
    "sellingAndMarketingExpenses": 0,
    "sellingGeneralAndAdministrativeExpenses": 202900000,
    "otherExpenses": 52500000,
    "operatingExpenses": 458300000,
    "costAndExpenses": 515300000,
    "interestIncome": 0,
    "interestExpense": 0,
    "depreciationAndAmortization": 52500000,
    "ebitda": 440100000,
    "ebitdaratio": 0.4874293942,
    "operatingIncome": 387600000,
    "operatingIncomeRatio": 0.4292834201,
    "totalOtherIncomeExpensesNet": 142300000,
    "incomeBeforeTax": 529900000,
    "incomeBeforeTaxRatio": 0.5868866984,
    "incomeTaxExpense": 171000000,
    "netIncome": 358900000,
    "netIncomeRatio": 0.3974969543,
    "eps": 0.35,
    "epsdiluted": 0.33,
    "weightedAverageShsOut": 1032100000,
    "weightedAverageShsOutDil": 1085600000,
    "link": "https://www.sec.gov/Archives/edgar/data/318154/000089843000003404/0000898430-00-003404-index.htm",
    "finalLink": "https://www.sec.gov/Archives/edgar/data/318154/000089843000003404/0000898430-00-003404-0001.txt"
  },
  {
    "date": "2000-06-30",
    "symbol": "AMGN",
    "reportedCurrency": "USD",
    "cik": "0000318154",
    "fillingDate": "2000-08-01",
    "acceptedDate": "2000-08-01 00:00:00",
    "calendarYear": "2000",
    "period": "Q2",
    "revenue": 867900000,
    "costOfRevenue": 48700000,
    "grossProfit": 819200000,
    "grossProfitRatio": 0.9438875446,
    "researchAndDevelopmentExpenses": 202800000,
    "generalAndAdministrativeExpenses": 0,
    "sellingAndMarketingExpenses": 0,
    "sellingGeneralAndAdministrativeExpenses": 205100000,
    "otherExpenses": 53000000,
    "operatingExpenses": 460900000,
    "costAndExpenses": 509600000,
    "interestIncome": 0,
    "interestExpense": 0,
    "depreciationAndAmortization": 53000000,
    "ebitda": 411300000,
    "ebitdaratio": 0.4739025233,
    "operatingIncome": 358300000,
    "operatingIncomeRatio": 0.4128355801,
    "totalOtherIncomeExpensesNet": 81400000,
    "incomeBeforeTax": 439700000,
    "incomeBeforeTaxRatio": 0.5066251872,
    "incomeTaxExpense": 137100000,
    "netIncome": 302600000,
    "netIncomeRatio": 0.3486576795,
    "eps": 0.29,
    "epsdiluted": 0.28,
    "weightedAverageShsOut": 1027500000,
    "weightedAverageShsOutDil": 1083300000,
    "link": "https://www.sec.gov/Archives/edgar/data/318154/000089843000002201/0000898430-00-002201-index.htm",
    "finalLink": "https://www.sec.gov/Archives/edgar/data/318154/000089843000002201/0000898430-00-002201-0001.txt"
  },
  {
    "date": "2000-03-31",
    "symbol": "AMGN",
    "reportedCurrency": "USD",
    "cik": "0000318154",
    "fillingDate": "2000-04-27",
    "acceptedDate": "2000-04-27 00:00:00",
    "calendarYear": "2000",
    "period": "Q1",
    "revenue": 771800000,
    "costOfRevenue": 34900000,
    "grossProfit": 736900000,
    "grossProfitRatio": 0.9547810314,
    "researchAndDevelopmentExpenses": 189800000,
    "generalAndAdministrativeExpenses": 0,
    "sellingAndMarketingExpenses": 0,
    "sellingGeneralAndAdministrativeExpenses": 169700000,
    "otherExpenses": 50800000,
    "operatingExpenses": 410300000,
    "costAndExpenses": 445200000,
    "interestIncome": 0,
    "interestExpense": 0,
    "depreciationAndAmortization": 50800000,
    "ebitda": 419700000,
    "ebitdaratio": 0.5437937289,
    "operatingIncome": 368900000,
    "operatingIncomeRatio": 0.4779735683,
    "totalOtherIncomeExpensesNet": 15800000,
    "incomeBeforeTax": 384700000,
    "incomeBeforeTaxRatio": 0.4984451931,
    "incomeTaxExpense": 118500000,
    "netIncome": 266200000,
    "netIncomeRatio": 0.3449080073,
    "eps": 0.26,
    "epsdiluted": 0.25,
    "weightedAverageShsOut": 1023100000,
    "weightedAverageShsOutDil": 1085700000,
    "link": "https://www.sec.gov/Archives/edgar/data/318154/000089843000001375/0000898430-00-001375-index.html",
    "finalLink": "https://www.sec.gov/Archives/edgar/data/318154/000089843000001375/"
  },
  {
    "date": "1999-12-31",
    "symbol": "AMGN",
    "reportedCurrency": "USD",
    "cik": "0000318154",
    "fillingDate": "2000-03-07",
    "acceptedDate": "2000-03-07 00:00:00",
    "calendarYear": "1999",
    "period": "Q4",
    "revenue": 889200000,
    "costOfRevenue": 63800000,
    "grossProfit": 825400000,
    "grossProfitRatio": 0.9282501125,
    "researchAndDevelopmentExpenses": 242300000,
    "generalAndAdministrativeExpenses": 0,
    "sellingAndMarketingExpenses": 0,
    "sellingGeneralAndAdministrativeExpenses": 204300000,
    "otherExpenses": 48200000,
    "operatingExpenses": 494800000,
    "costAndExpenses": 558600000,
    "interestIncome": 0,
    "interestExpense": 0,
    "depreciationAndAmortization": 48200000,
    "ebitda": 378800000,
    "ebitdaratio": 0.4260008997,
    "operatingIncome": 330600000,
    "operatingIncomeRatio": 0.3717948718,
    "totalOtherIncomeExpensesNet": 54700000,
    "incomeBeforeTax": 385300000,
    "incomeBeforeTaxRatio": 0.4333108412,
    "incomeTaxExpense": 103700000,
    "netIncome": 281600000,
    "netIncomeRatio": 0.3166891588,
    "eps": 0.28,
    "epsdiluted": 0.26,
    "weightedAverageShsOut": 1023100000,
    "weightedAverageShsOutDil": 1085700000,
    "link": "https://www.sec.gov/Archives/edgar/data/318154/000089843000000676/0000898430-00-000676-index.html",
    "finalLink": "https://www.sec.gov/Archives/edgar/data/318154/000089843000000676/"
  },
  {
    "date": "1999-09-30",
    "symbol": "AMGN",
    "reportedCurrency": "USD",
    "cik": "0000318154",
    "fillingDate": "1999-11-10",
    "acceptedDate": "1999-11-10 00:00:00",
    "calendarYear": "1999",
    "period": "Q3",
    "revenue": 812800000,
    "costOfRevenue": 59500000,
    "grossProfit": 753300000,
    "grossProfitRatio": 0.9267962598,
    "researchAndDevelopmentExpenses": 198400000,
    "generalAndAdministrativeExpenses": 0,
    "sellingAndMarketingExpenses": 0,
    "sellingGeneralAndAdministrativeExpenses": 159900000,
    "otherExpenses": 39400000,
    "operatingExpenses": 397700000,
    "costAndExpenses": 457200000,
    "interestIncome": 0,
    "interestExpense": 0,
    "depreciationAndAmortization": 39400000,
    "ebitda": 395000000,
    "ebitdaratio": 0.4859744094,
    "operatingIncome": 355600000,
    "operatingIncomeRatio": 0.4375,
    "totalOtherIncomeExpensesNet": 97200000,
    "incomeBeforeTax": 452800000,
    "incomeBeforeTaxRatio": 0.5570866142,
    "incomeTaxExpense": 152800000,
    "netIncome": 300000000,
    "netIncomeRatio": 0.3690944882,
    "eps": 0.29,
    "epsdiluted": 0.28,
    "weightedAverageShsOut": 1021500000,
    "weightedAverageShsOutDil": 1078800000,
    "link": "https://www.sec.gov/Archives/edgar/data/318154/000089843099004154/0000898430-99-004154-index.html",
    "finalLink": "https://www.sec.gov/Archives/edgar/data/318154/000089843099004154/"
  },
  {
    "date": "1999-06-30",
    "symbol": "AMGN",
    "reportedCurrency": "USD",
    "cik": "0000318154",
    "fillingDate": "1999-08-03",
    "acceptedDate": "1999-08-03 00:00:00",
    "calendarYear": "1999",
    "period": "Q2",
    "revenue": 786900000,
    "costOfRevenue": 54000000,
    "grossProfit": 732900000,
    "grossProfitRatio": 0.9313762867,
    "researchAndDevelopmentExpenses": 194100000,
    "generalAndAdministrativeExpenses": 0,
    "sellingAndMarketingExpenses": 0,
    "sellingGeneralAndAdministrativeExpenses": 157200000,
    "otherExpenses": 44800000,
    "operatingExpenses": 396100000,
    "costAndExpenses": 450100000,
    "interestIncome": 0,
    "interestExpense": 0,
    "depreciationAndAmortization": 44800000,
    "ebitda": 381600000,
    "ebitdaratio": 0.4849409074,
    "operatingIncome": 336800000,
    "operatingIncomeRatio": 0.4280086415,
    "totalOtherIncomeExpensesNet": 45600000,
    "incomeBeforeTax": 382400000,
    "incomeBeforeTaxRatio": 0.485957555,
    "incomeTaxExpense": 114800000,
    "netIncome": 267600000,
    "netIncomeRatio": 0.3400686237,
    "eps": 0.26,
    "epsdiluted": 0.25,
    "weightedAverageShsOut": 1021100000,
    "weightedAverageShsOutDil": 1073800000,
    "link": "https://www.sec.gov/Archives/edgar/data/318154/000089843099003073/0000898430-99-003073-index.html",
    "finalLink": "https://www.sec.gov/Archives/edgar/data/318154/000089843099003073/"
  },
  {
    "date": "1999-03-31",
    "symbol": "AMGN",
    "reportedCurrency": "USD",
    "cik": "0000318154",
    "fillingDate": "1999-05-05",
    "acceptedDate": "1999-05-05 00:00:00",
    "calendarYear": "1999",
    "period": "Q1",
    "revenue": 715300000,
    "costOfRevenue": 48000000,
    "grossProfit": 667300000,
    "grossProfitRatio": 0.9328952887,
    "researchAndDevelopmentExpenses": 188000000,
    "generalAndAdministrativeExpenses": 0,
    "sellingAndMarketingExpenses": 0,
    "sellingGeneralAndAdministrativeExpenses": 132900000,
    "otherExpenses": 44400000,
    "operatingExpenses": 365300000,
    "costAndExpenses": 413300000,
    "interestIncome": 0,
    "interestExpense": 0,
    "depreciationAndAmortization": 44400000,
    "ebitda": 346400000,
    "ebitdaratio": 0.4842723333,
    "operatingIncome": 302000000,
    "operatingIncomeRatio": 0.4222004753,
    "totalOtherIncomeExpensesNet": 43700000,
    "incomeBeforeTax": 345700000,
    "incomeBeforeTaxRatio": 0.4832937229,
    "incomeTaxExpense": 98500000,
    "netIncome": 247200000,
    "netIncomeRatio": 0.3455892632,
    "eps": 0.24,
    "epsdiluted": 0.23,
    "weightedAverageShsOut": 1030000000,
    "weightedAverageShsOutDil": 1074782609,
    "link": "https://www.sec.gov/Archives/edgar/data/318154/000089843099001869/0000898430-99-001869-index.html",
    "finalLink": "https://www.sec.gov/Archives/edgar/data/318154/"
  },
  {
    "date": "1998-12-31",
    "symbol": "AMGN",
    "reportedCurrency": "USD",
    "cik": "0000318154",
    "fillingDate": "1999-03-16",
    "acceptedDate": "1999-03-16 00:00:00",
    "calendarYear": "1998",
    "period": "Q4",
    "revenue": 731600000,
    "costOfRevenue": 59500000,
    "grossProfit": 672100000,
    "grossProfitRatio": 0.9186714051,
    "researchAndDevelopmentExpenses": 192400000,
    "generalAndAdministrativeExpenses": 0,
    "sellingAndMarketingExpenses": 0,
    "sellingGeneralAndAdministrativeExpenses": 146100000,
    "otherExpenses": 35600000,
    "operatingExpenses": 374100000,
    "costAndExpenses": 433600000,
    "interestIncome": 0,
    "interestExpense": 0,
    "depreciationAndAmortization": 35600000,
    "ebitda": 333600000,
    "ebitdaratio": 0.4559868781,
    "operatingIncome": 298000000,
    "operatingIncomeRatio": 0.4073264079,
    "totalOtherIncomeExpensesNet": 27700000,
    "incomeBeforeTax": 325700000,
    "incomeBeforeTaxRatio": 0.4451886277,
    "incomeTaxExpense": 87100000,
    "netIncome": 238600000,
    "netIncomeRatio": 0.3261344997,
    "eps": 0.23,
    "epsdiluted": 0.22,
    "weightedAverageShsOut": 1030000000,
    "weightedAverageShsOutDil": 1074782609,
    "link": "https://www.sec.gov/Archives/edgar/data/318154/000089843099000950/0000898430-99-000950-index.html",
    "finalLink": "https://www.sec.gov/Archives/edgar/data/318154/"
  },
  {
    "date": "1998-09-30",
    "symbol": "AMGN",
    "reportedCurrency": "USD",
    "cik": "0000318154",
    "fillingDate": "1998-11-16",
    "acceptedDate": "1998-11-16 00:00:00",
    "calendarYear": "1998",
    "period": "Q3",
    "revenue": 680200000,
    "costOfRevenue": 51700000,
    "grossProfit": 628500000,
    "grossProfitRatio": 0.9239929433,
    "researchAndDevelopmentExpenses": 166000000,
    "generalAndAdministrativeExpenses": 0,
    "sellingAndMarketingExpenses": 0,
    "sellingGeneralAndAdministrativeExpenses": 134200000,
    "otherExpenses": 35500000,
    "operatingExpenses": 335700000,
    "costAndExpenses": 387400000,
    "interestIncome": 0,
    "interestExpense": 0,
    "depreciationAndAmortization": 35500000,
    "ebitda": 328300000,
    "ebitdaratio": 0.4826521611,
    "operatingIncome": 292800000,
    "operatingIncomeRatio": 0.4304616289,
    "totalOtherIncomeExpensesNet": 29300000,
    "incomeBeforeTax": 322100000,
    "incomeBeforeTaxRatio": 0.4735371949,
    "incomeTaxExpense": 101100000,
    "netIncome": 221000000,
    "netIncomeRatio": 0.3249044399,
    "eps": 0.22,
    "epsdiluted": 0.21,
    "weightedAverageShsOut": 1004545455,
    "weightedAverageShsOutDil": 1052380952,
    "link": "https://www.sec.gov/Archives/edgar/data/318154/000089843098004039/0000898430-98-004039-index.html",
    "finalLink": "https://www.sec.gov/Archives/edgar/data/318154/"
  },
  {
    "date": "1998-06-30",
    "symbol": "AMGN",
    "reportedCurrency": "USD",
    "cik": "0000318154",
    "fillingDate": "1998-08-14",
    "acceptedDate": "1998-08-14 00:00:00",
    "calendarYear": "1998",
    "period": "Q2",
    "revenue": 641100000,
    "costOfRevenue": 47300000,
    "grossProfit": 593800000,
    "grossProfitRatio": 0.9262205584,
    "researchAndDevelopmentExpenses": 152400000,
    "generalAndAdministrativeExpenses": 0,
    "sellingAndMarketingExpenses": 0,
    "sellingGeneralAndAdministrativeExpenses": 122000000,
    "otherExpenses": 36600000,
    "operatingExpenses": 311000000,
    "costAndExpenses": 358300000,
    "interestIncome": 0,
    "interestExpense": 0,
    "depreciationAndAmortization": 36600000,
    "ebitda": 319400000,
    "ebitdaratio": 0.4982062081,
    "operatingIncome": 282800000,
    "operatingIncomeRatio": 0.4411168304,
    "totalOtherIncomeExpensesNet": 26200000,
    "incomeBeforeTax": 309000000,
    "incomeBeforeTaxRatio": 0.4819840898,
    "incomeTaxExpense": 92700000,
    "netIncome": 216300000,
    "netIncomeRatio": 0.3373888629,
    "eps": 0.22,
    "epsdiluted": 0.21,
    "weightedAverageShsOut": 983181818,
    "weightedAverageShsOutDil": 1030000000,
    "link": "https://www.sec.gov/Archives/edgar/data/318154/000089843098002980/0000898430-98-002980-index.html",
    "finalLink": "https://www.sec.gov/Archives/edgar/data/318154/"
  },
  {
    "date": "1998-03-31",
    "symbol": "AMGN",
    "reportedCurrency": "USD",
    "cik": "0000318154",
    "fillingDate": "1998-05-13",
    "acceptedDate": "1998-05-13 00:00:00",
    "calendarYear": "1998",
    "period": "Q1",
    "revenue": 589400000,
    "costOfRevenue": 42900000,
    "grossProfit": 546500000,
    "grossProfitRatio": 0.9272141161,
    "researchAndDevelopmentExpenses": 152500000,
    "generalAndAdministrativeExpenses": 0,
    "sellingAndMarketingExpenses": 0,
    "sellingGeneralAndAdministrativeExpenses": 113100000,
    "otherExpenses": 36100000,
    "operatingExpenses": 301700000,
    "costAndExpenses": 344600000,
    "interestIncome": 0,
    "interestExpense": 0,
    "depreciationAndAmortization": 36100000,
    "ebitda": 280900000,
    "ebitdaratio": 0.476586359,
    "operatingIncome": 244800000,
    "operatingIncomeRatio": 0.4153376315,
    "totalOtherIncomeExpensesNet": 22800000,
    "incomeBeforeTax": 267600000,
    "incomeBeforeTaxRatio": 0.4540210383,
    "incomeTaxExpense": 80300000,
    "netIncome": 187300000,
    "netIncomeRatio": 0.317780794,
    "eps": 0.19,
    "epsdiluted": 0.18,
    "weightedAverageShsOut": 985789474,
    "weightedAverageShsOutDil": 1040555556,
    "link": "https://www.sec.gov/Archives/edgar/data/318154/000031815498000005/0000318154-98-000005-index.html",
    "finalLink": "https://www.sec.gov/Archives/edgar/data/318154/"
  },
  {
    "date": "1997-12-31",
    "symbol": "AMGN",
    "reportedCurrency": "USD",
    "cik": "0000318154",
    "fillingDate": "1998-03-24",
    "acceptedDate": "1998-03-24 00:00:00",
    "calendarYear": "1997",
    "period": "Q4",
    "revenue": 592000000,
    "costOfRevenue": 56300000,
    "grossProfit": 535700000,
    "grossProfitRatio": 0.9048986486,
    "researchAndDevelopmentExpenses": 165100000,
    "generalAndAdministrativeExpenses": 0,
    "sellingAndMarketingExpenses": 0,
    "sellingGeneralAndAdministrativeExpenses": 126400000,
    "otherExpenses": 21400000,
    "operatingExpenses": 312900000,
    "costAndExpenses": 369200000,
    "interestIncome": 0,
    "interestExpense": 0,
    "depreciationAndAmortization": 21400000,
    "ebitda": 244200000,
    "ebitdaratio": 0.4125,
    "operatingIncome": 222800000,
    "operatingIncomeRatio": 0.3763513514,
    "totalOtherIncomeExpensesNet": 21600000,
    "incomeBeforeTax": 244400000,
    "incomeBeforeTaxRatio": 0.4128378378,
    "incomeTaxExpense": 64700000,
    "netIncome": 179700000,
    "netIncomeRatio": 0.3035472973,
    "eps": 0.18,
    "epsdiluted": 0.17,
    "weightedAverageShsOut": 985789474,
    "weightedAverageShsOutDil": 1040555556,
    "link": "https://www.sec.gov/Archives/edgar/data/318154/000031815498000003/0000318154-98-000003-index.html",
    "finalLink": "https://www.sec.gov/Archives/edgar/data/318154/"
  },
  {
    "date": "1997-09-30",
    "symbol": "AMGN",
    "reportedCurrency": "USD",
    "cik": "0000318154",
    "fillingDate": "1997-11-12",
    "acceptedDate": "1997-11-12 00:00:00",
    "calendarYear": "1997",
    "period": "Q3",
    "revenue": 583600000,
    "costOfRevenue": 43700000,
    "grossProfit": 539900000,
    "grossProfitRatio": 0.9251199452,
    "researchAndDevelopmentExpenses": 172600000,
    "generalAndAdministrativeExpenses": 0,
    "sellingAndMarketingExpenses": 0,
    "sellingGeneralAndAdministrativeExpenses": 119400000,
    "otherExpenses": 30600000,
    "operatingExpenses": 322600000,
    "costAndExpenses": 366300000,
    "interestIncome": 0,
    "interestExpense": 0,
    "depreciationAndAmortization": 30600000,
    "ebitda": 247900000,
    "ebitdaratio": 0.4247772447,
    "operatingIncome": 217300000,
    "operatingIncomeRatio": 0.3723440713,
    "totalOtherIncomeExpensesNet": -129000000,
    "incomeBeforeTax": 88300000,
    "incomeBeforeTaxRatio": 0.1513022618,
    "incomeTaxExpense": 4500000,
    "netIncome": 83800000,
    "netIncomeRatio": 0.143591501,
    "eps": 0.08,
    "epsdiluted": 0.08,
    "weightedAverageShsOut": 1047500000,
    "weightedAverageShsOutDil": 1047500000,
    "link": "https://www.sec.gov/Archives/edgar/data/318154/000031815497000019/0000318154-97-000019-index.html",
    "finalLink": "https://www.sec.gov/Archives/edgar/data/318154/"
  },
  {
    "date": "1997-06-30",
    "symbol": "AMGN",
    "reportedCurrency": "USD",
    "cik": "0000318154",
    "fillingDate": "1997-08-12",
    "acceptedDate": "1997-08-12 00:00:00",
    "calendarYear": "1997",
    "period": "Q2",
    "revenue": 606700000,
    "costOfRevenue": 48100000,
    "grossProfit": 558600000,
    "grossProfitRatio": 0.9207186418,
    "researchAndDevelopmentExpenses": 145400000,
    "generalAndAdministrativeExpenses": 0,
    "sellingAndMarketingExpenses": 0,
    "sellingGeneralAndAdministrativeExpenses": 125500000,
    "otherExpenses": 28700000,
    "operatingExpenses": 299600000,
    "costAndExpenses": 347700000,
    "interestIncome": 0,
    "interestExpense": 0,
    "depreciationAndAmortization": 28700000,
    "ebitda": 287700000,
    "ebitdaratio": 0.474204714,
    "operatingIncome": 259000000,
    "operatingIncomeRatio": 0.4268996209,
    "totalOtherIncomeExpensesNet": 19300000,
    "incomeBeforeTax": 278300000,
    "incomeBeforeTaxRatio": 0.4587110598,
    "incomeTaxExpense": 77800000,
    "netIncome": 200500000,
    "netIncomeRatio": 0.3304763475,
    "eps": 0.19,
    "epsdiluted": 0.18,
    "weightedAverageShsOut": 1055263158,
    "weightedAverageShsOutDil": 1113888889,
    "link": "https://www.sec.gov/Archives/edgar/data/318154/000031815497000016/0000318154-97-000016-index.html",
    "finalLink": "https://www.sec.gov/Archives/edgar/data/318154/"
  },
  {
    "date": "1997-03-31",
    "symbol": "AMGN",
    "reportedCurrency": "USD",
    "cik": "0000318154",
    "fillingDate": "1997-05-14",
    "acceptedDate": "1997-05-14 00:00:00",
    "calendarYear": "1997",
    "period": "Q1",
    "revenue": 563400000,
    "costOfRevenue": 35600000,
    "grossProfit": 527800000,
    "grossProfitRatio": 0.9368122116,
    "researchAndDevelopmentExpenses": 147700000,
    "generalAndAdministrativeExpenses": 0,
    "sellingAndMarketingExpenses": 0,
    "sellingGeneralAndAdministrativeExpenses": 112500000,
    "otherExpenses": 36400000,
    "operatingExpenses": 296600000,
    "costAndExpenses": 332200000,
    "interestIncome": 0,
    "interestExpense": 0,
    "depreciationAndAmortization": 36400000,
    "ebitda": 267600000,
    "ebitdaratio": 0.4749733759,
    "operatingIncome": 231200000,
    "operatingIncomeRatio": 0.4103656372,
    "totalOtherIncomeExpensesNet": 19200000,
    "incomeBeforeTax": 250400000,
    "incomeBeforeTaxRatio": 0.4444444444,
    "incomeTaxExpense": 70100000,
    "netIncome": 180300000,
    "netIncomeRatio": 0.3200212993,
    "eps": 0.17,
    "epsdiluted": 0.17,
    "weightedAverageShsOut": 1060588235,
    "weightedAverageShsOutDil": 1060588235,
    "link": "https://www.sec.gov/Archives/edgar/data/318154/000031815497000008/0000318154-97-000008-index.html",
    "finalLink": "https://www.sec.gov/Archives/edgar/data/318154/"
  },
  {
    "date": "1996-12-31",
    "symbol": "AMGN",
    "reportedCurrency": "USD",
    "cik": "0000318154",
    "fillingDate": "1997-03-24",
    "acceptedDate": "1997-03-24 00:00:00",
    "calendarYear": "1996",
    "period": "Q4",
    "revenue": 582100000,
    "costOfRevenue": 54500000,
    "grossProfit": 527600000,
    "grossProfitRatio": 0.9063734753,
    "researchAndDevelopmentExpenses": 143700000,
    "generalAndAdministrativeExpenses": 0,
    "sellingAndMarketingExpenses": 0,
    "sellingGeneralAndAdministrativeExpenses": 129000000,
    "otherExpenses": 20400000,
    "operatingExpenses": 293100000,
    "costAndExpenses": 347600000,
    "interestIncome": 0,
    "interestExpense": 0,
    "depreciationAndAmortization": 20400000,
    "ebitda": 254900000,
    "ebitdaratio": 0.4378972685,
    "operatingIncome": 234500000,
    "operatingIncomeRatio": 0.4028517437,
    "totalOtherIncomeExpensesNet": 12700000,
    "incomeBeforeTax": 247200000,
    "incomeBeforeTaxRatio": 0.4246693008,
    "incomeTaxExpense": 69200000,
    "netIncome": 178000000,
    "netIncomeRatio": 0.3057893833,
    "eps": 0.17,
    "epsdiluted": 0.17,
    "weightedAverageShsOut": 1060588235,
    "weightedAverageShsOutDil": 1060588235,
    "link": "https://www.sec.gov/Archives/edgar/data/318154/000031815497000005/0000318154-97-000005-index.html",
    "finalLink": "https://www.sec.gov/Archives/edgar/data/318154/"
  },
  {
    "date": "1996-09-30",
    "symbol": "AMGN",
    "reportedCurrency": "USD",
    "cik": "0000318154",
    "fillingDate": "1996-11-05",
    "acceptedDate": "1996-11-05 00:00:00",
    "calendarYear": "1996",
    "period": "Q3",
    "revenue": 556400000,
    "costOfRevenue": 48100000,
    "grossProfit": 508300000,
    "grossProfitRatio": 0.9135514019,
    "researchAndDevelopmentExpenses": 130400000,
    "generalAndAdministrativeExpenses": 0,
    "sellingAndMarketingExpenses": 0,
    "sellingGeneralAndAdministrativeExpenses": 118500000,
    "otherExpenses": 25000000,
    "operatingExpenses": 273900000,
    "costAndExpenses": 322000000,
    "interestIncome": 0,
    "interestExpense": 0,
    "depreciationAndAmortization": 25000000,
    "ebitda": 259400000,
    "ebitdaratio": 0.4662113587,
    "operatingIncome": 234400000,
    "operatingIncomeRatio": 0.4212796549,
    "totalOtherIncomeExpensesNet": 14900000,
    "incomeBeforeTax": 249300000,
    "incomeBeforeTaxRatio": 0.4480589504,
    "incomeTaxExpense": 69800000,
    "netIncome": 179500000,
    "netIncomeRatio": 0.3226096334,
    "eps": 0.17,
    "epsdiluted": 0.16,
    "weightedAverageShsOut": 1055882353,
    "weightedAverageShsOutDil": 1121875000,
    "link": "https://www.sec.gov/Archives/edgar/data/318154/000031815496000013/0000318154-96-000013-index.html",
    "finalLink": "https://www.sec.gov/Archives/edgar/data/318154/"
  },
  {
    "date": "1996-06-30",
    "symbol": "AMGN",
    "reportedCurrency": "USD",
    "cik": "0000318154",
    "fillingDate": "1996-08-12",
    "acceptedDate": "1996-08-12 00:00:00",
    "calendarYear": "1996",
    "period": "Q2",
    "revenue": 560900000,
    "costOfRevenue": 41300000,
    "grossProfit": 519600000,
    "grossProfitRatio": 0.9263683366,
    "researchAndDevelopmentExpenses": 123600000,
    "generalAndAdministrativeExpenses": 0,
    "sellingAndMarketingExpenses": 0,
    "sellingGeneralAndAdministrativeExpenses": 131200000,
    "otherExpenses": 27000000,
    "operatingExpenses": 281800000,
    "costAndExpenses": 323100000,
    "interestIncome": 0,
    "interestExpense": 0,
    "depreciationAndAmortization": 27000000,
    "ebitda": 264800000,
    "ebitdaratio": 0.4720984133,
    "operatingIncome": 237800000,
    "operatingIncomeRatio": 0.4239614905,
    "totalOtherIncomeExpensesNet": 21000000,
    "incomeBeforeTax": 258800000,
    "incomeBeforeTaxRatio": 0.4614013193,
    "incomeTaxExpense": 80100000,
    "netIncome": 178700000,
    "netIncomeRatio": 0.318595115,
    "eps": 0.16,
    "epsdiluted": 0.16,
    "weightedAverageShsOut": 1116875000,
    "weightedAverageShsOutDil": 1116875000,
    "link": "https://www.sec.gov/Archives/edgar/data/318154/000031815496000010/0000318154-96-000010-index.html",
    "finalLink": "https://www.sec.gov/Archives/edgar/data/318154/"
  },
  {
    "date": "1996-03-31",
    "symbol": "AMGN",
    "reportedCurrency": "USD",
    "cik": "0000318154",
    "fillingDate": "1996-05-15",
    "acceptedDate": "1996-05-15 00:00:00",
    "calendarYear": "1996",
    "period": "Q1",
    "revenue": 498700000,
    "costOfRevenue": 39000000,
    "grossProfit": 459700000,
    "grossProfitRatio": 0.9217966713,
    "researchAndDevelopmentExpenses": 130600000,
    "generalAndAdministrativeExpenses": 0,
    "sellingAndMarketingExpenses": 0,
    "sellingGeneralAndAdministrativeExpenses": 106800000,
    "otherExpenses": 27900000,
    "operatingExpenses": 265300000,
    "costAndExpenses": 304300000,
    "interestIncome": 0,
    "interestExpense": 0,
    "depreciationAndAmortization": 27900000,
    "ebitda": 222300000,
    "ebitdaratio": 0.4457589733,
    "operatingIncome": 194400000,
    "operatingIncomeRatio": 0.3898135151,
    "totalOtherIncomeExpensesNet": 12600000,
    "incomeBeforeTax": 207000000,
    "incomeBeforeTaxRatio": 0.4150792059,
    "incomeTaxExpense": 63400000,
    "netIncome": 143600000,
    "netIncomeRatio": 0.2879486665,
    "eps": 0.14,
    "epsdiluted": 0.13,
    "weightedAverageShsOut": 1025714286,
    "weightedAverageShsOutDil": 1104615385,
    "link": "https://www.sec.gov/Archives/edgar/data/318154/000031815496000007/0000318154-96-000007-index.html",
    "finalLink": "https://www.sec.gov/Archives/edgar/data/318154/"
  },
  {
    "date": "1995-12-31",
    "symbol": "AMGN",
    "reportedCurrency": "USD",
    "cik": "0000318154",
    "fillingDate": "1996-03-29",
    "acceptedDate": "1996-03-29 00:00:00",
    "calendarYear": "1995",
    "period": "Q4",
    "revenue": 504300000,
    "costOfRevenue": 45900000,
    "grossProfit": 458400000,
    "grossProfitRatio": 0.9089827484,
    "researchAndDevelopmentExpenses": 124000000,
    "generalAndAdministrativeExpenses": 0,
    "sellingAndMarketingExpenses": 0,
    "sellingGeneralAndAdministrativeExpenses": 113800000,
    "otherExpenses": 19900000,
    "operatingExpenses": 257700000,
    "costAndExpenses": 303600000,
    "interestIncome": 0,
    "interestExpense": 0,
    "depreciationAndAmortization": 19900000,
    "ebitda": 220600000,
    "ebitdaratio": 0.4374380329,
    "operatingIncome": 200700000,
    "operatingIncomeRatio": 0.3979773944,
    "totalOtherIncomeExpensesNet": 12400000,
    "incomeBeforeTax": 213100000,
    "incomeBeforeTaxRatio": 0.422565933,
    "incomeTaxExpense": 67500000,
    "netIncome": 145600000,
    "netIncomeRatio": 0.2887170335,
    "eps": 0.14,
    "epsdiluted": 0.13,
    "weightedAverageShsOut": 1025714286,
    "weightedAverageShsOutDil": 1104615385,
    "link": "https://www.sec.gov/Archives/edgar/data/318154/000031815496000002/0000318154-96-000002-index.html",
    "finalLink": "https://www.sec.gov/Archives/edgar/data/318154/"
  },
  {
    "date": "1995-09-30",
    "symbol": "AMGN",
    "reportedCurrency": "USD",
    "cik": "0000318154",
    "fillingDate": "1995-11-13",
    "acceptedDate": "1995-11-13 00:00:00",
    "calendarYear": "1995",
    "period": "Q3",
    "revenue": 484400000,
    "costOfRevenue": 42200000,
    "grossProfit": 442200000,
    "grossProfitRatio": 0.9128819158,
    "researchAndDevelopmentExpenses": 105500000,
    "generalAndAdministrativeExpenses": 0,
    "sellingAndMarketingExpenses": 0,
    "sellingGeneralAndAdministrativeExpenses": 106700000,
    "otherExpenses": 21900000,
    "operatingExpenses": 234100000,
    "costAndExpenses": 276300000,
    "interestIncome": 0,
    "interestExpense": 0,
    "depreciationAndAmortization": 21900000,
    "ebitda": 230000000,
    "ebitdaratio": 0.4748142031,
    "operatingIncome": 208100000,
    "operatingIncomeRatio": 0.4296036334,
    "totalOtherIncomeExpensesNet": 5500000,
    "incomeBeforeTax": 213600000,
    "incomeBeforeTaxRatio": 0.440957886,
    "incomeTaxExpense": 67800000,
    "netIncome": 145800000,
    "netIncomeRatio": 0.3009909166,
    "eps": 0.13,
    "epsdiluted": 0.13,
    "weightedAverageShsOut": 1121538462,
    "weightedAverageShsOutDil": 1121538462,
    "link": "https://www.sec.gov/Archives/edgar/data/318154/000031815495000030/0000318154-95-000030-index.html",
    "finalLink": "https://www.sec.gov/Archives/edgar/data/318154/"
  }
]