[
  {
    "date": "2024-12-31",
    "symbol": "AMGN",
    "reportedCurrency": "USD",
    "cik": "0000318154",
    "fillingDate": "2025-02-14",
    "acceptedDate": "2025-02-14 16:18:41",
    "calendarYear": "2024",
    "period": "FY",
    "revenue": 33424000000,
    "costOfRevenue": 12858000000,
    "grossProfit": 20566000000,
    "grossProfitRatio": 0.6153063667,
    "researchAndDevelopmentExpenses": 5964000000,
    "generalAndAdministrativeExpenses": 0,
    "sellingAndMarketingExpenses": 0,
    "sellingGeneralAndAdministrativeExpenses": 7096000000,
    "otherExpenses": 248000000,
    "operatingExpenses": 13308000000,
    "costAndExpenses": 26166000000,
    "interestIncome": 0,
    "interestExpense": 3155000000,
    "depreciationAndAmortization": 5592000000,
    "ebitda": 13356000000,
    "ebitdaratio": 0.3995931067,
    "operatingIncome": 7258000000,
    "operatingIncomeRatio": 0.2171493538,
    "totalOtherIncomeExpensesNet": -2649000000,
    "incomeBeforeTax": 4609000000,
    "incomeBeforeTaxRatio": 0.1378949258,
    "incomeTaxExpense": 519000000,
    "netIncome": 4090000000,
    "netIncomeRatio": 0.1223671613,
    "eps": 7.56,
    "epsdiluted": 7.56,
    "weightedAverageShsOut": 541000000,
    "weightedAverageShsOutDil": 541000000,
    "link": "https://www.sec.gov/Archives/edgar/data/318154/000031815425000010/0000318154-25-000010-index.htm",
    "finalLink": "https://www.sec.gov/Archives/edgar/data/318154/000031815425000010/amgn-20241231.htm"
  },
  {
    "date": "2023-12-31",
    "symbol": "AMGN",
    "reportedCurrency": "USD",
    "cik": "0000318154",
    "fillingDate": "2024-02-14",
    "acceptedDate": "2024-02-14 16:23:32",
    "calendarYear": "2023",
    "period": "FY",
    "revenue": 28190000000,
    "costOfRevenue": 8415000000,
    "grossProfit": 19775000000,
    "grossProfitRatio": 0.70148989,
    "researchAndDevelopmentExpenses": 4784000000,
    "generalAndAdministrativeExpenses": 0,
    "sellingAndMarketingExpenses": 0,
    "sellingGeneralAndAdministrativeExpenses": 6179000000,
    "otherExpenses": 879000000,
    "operatingExpenses": 11842000000,
    "costAndExpenses": 20293000000,
    "interestIncome": 0,
    "interestExpense": 2875000000,
    "depreciationAndAmortization": 4071000000,
    "ebitda": 14801000000,
    "ebitdaratio": 0.525044342,
    "operatingIncome": 7897000000,
    "operatingIncomeRatio": 0.2801347996,
    "totalOtherIncomeExpensesNet": -42000000,
    "incomeBeforeTax": 7855000000,
    "incomeBeforeTaxRatio": 0.2786449095,
    "incomeTaxExpense": 1138000000,
    "netIncome": 6717000000,
    "netIncomeRatio": 0.2382759844,
    "eps": 12.56,
    "epsdiluted": 12.49,
    "weightedAverageShsOut": 535000000,
    "weightedAverageShsOutDil": 538000000,
    "link": "https://www.sec.gov/Archives/edgar/data/318154/000031815424000011/0000318154-24-000011-index.htm",
    "finalLink": "https://www.sec.gov/Archives/edgar/data/318154/000031815424000011/amgn-20231231.htm"
  },
  {
    "date": "2022-12-31",
    "symbol": "AMGN",
    "reportedCurrency": "USD",
    "cik": "0000318154",
    "fillingDate": "2023-02-09",
    "acceptedDate": "2023-02-09 16:26:31",
    "calendarYear": "2022",
    "period": "FY",
    "revenue": 26323000000,
    "costOfRevenue": 6406000000,
    "grossProfit": 19917000000,
    "grossProfitRatio": 0.756638681,
    "researchAndDevelopmentExpenses": 4434000000,
    "generalAndAdministrativeExpenses": 0,
    "sellingAndMarketingExpenses": 0,
    "sellingGeneralAndAdministrativeExpenses": 5414000000,
    "otherExpenses": 503000000,
    "operatingExpenses": 10351000000,
    "costAndExpenses": 16757000000,
    "interestIncome": 0,
    "interestExpense": 1406000000,
    "depreciationAndAmortization": 3417000000,
    "ebitda": 12169000000,
    "ebitdaratio": 0.4622953311,
    "operatingIncome": 9566000000,
    "operatingIncomeRatio": 0.3634084261,
    "totalOtherIncomeExpensesNet": -2220000000,
    "incomeBeforeTax": 7346000000,
    "incomeBeforeTaxRatio": 0.2790715344,
    "incomeTaxExpense": 794000000,
    "netIncome": 6552000000,
    "netIncomeRatio": 0.2489077993,
    "eps": 12.18,
    "epsdiluted": 12.11,
    "weightedAverageShsOut": 538000000,
    "weightedAverageShsOutDil": 541000000,
    "link": "https://www.sec.gov/Archives/edgar/data/318154/000031815423000017/0000318154-23-000017-index.htm",
    "finalLink": "https://www.sec.gov/Archives/edgar/data/318154/000031815423000017/amgn-20221231.htm"
  },
  {
    "date": "2021-12-31",
    "symbol": "AMGN",
    "reportedCurrency": "USD",
    "cik": "0000318154",
    "fillingDate": "2022-02-16",
    "acceptedDate": "2022-02-16 16:39:53",
    "calendarYear": "2021",
    "period": "FY",
    "revenue": 25979000000,
    "costOfRevenue": 6454000000,
    "grossProfit": 19525000000,
    "grossProfitRatio": 0.7515685746,
    "researchAndDevelopmentExpenses": 4819000000,
    "generalAndAdministrativeExpenses": 0,
    "sellingAndMarketingExpenses": 0,
    "sellingGeneralAndAdministrativeExpenses": 5368000000,
    "otherExpenses": 1699000000,
    "operatingExpenses": 11886000000,
    "costAndExpenses": 18340000000,
    "interestIncome": 0,
    "interestExpense": 1197000000,
    "depreciationAndAmortization": 3398000000,
    "ebitda": 11296000000,
    "ebitdaratio": 0.4348127334,
    "operatingIncome": 7639000000,
    "operatingIncomeRatio": 0.2940451903,
    "totalOtherIncomeExpensesNet": -938000000,
    "incomeBeforeTax": 6701000000,
    "incomeBeforeTaxRatio": 0.2579391047,
    "incomeTaxExpense": 808000000,
    "netIncome": 5893000000,
    "netIncomeRatio": 0.2268370607,
    "eps": 10.34,
    "epsdiluted": 10.28,
    "weightedAverageShsOut": 570000000,
    "weightedAverageShsOutDil": 573000000,
    "link": "https://www.sec.gov/Archives/edgar/data/318154/000031815422000010/0000318154-22-000010-index.htm",
    "finalLink": "https://www.sec.gov/Archives/edgar/data/318154/000031815422000010/amgn-20211231.htm"
  },
  {
    "date": "2020-12-31",
    "symbol": "AMGN",
    "reportedCurrency": "USD",
    "cik": "0000318154",
    "fillingDate": "2021-02-09",
    "acceptedDate": "2021-02-08 19:24:56",
    "calendarYear": "2020",
    "period": "FY",
    "revenue": 25424000000,
    "costOfRevenue": 6159000000,
    "grossProfit": 19265000000,
    "grossProfitRatio": 0.757748584,
    "researchAndDevelopmentExpenses": 4207000000,
    "generalAndAdministrativeExpenses": 0,
    "sellingAndMarketingExpenses": 0,
    "sellingGeneralAndAdministrativeExpenses": 5730000000,
    "otherExpenses": 189000000,
    "operatingExpenses": 10126000000,
    "costAndExpenses": 16285000000,
    "interestIncome": 0,
    "interestExpense": 1262000000,
    "depreciationAndAmortization": 3601000000,
    "ebitda": 12996000000,
    "ebitdaratio": 0.5111705475,
    "operatingIncome": 9139000000,
    "operatingIncomeRatio": 0.3594634991,
    "totalOtherIncomeExpensesNet": -1006000000,
    "incomeBeforeTax": 8133000000,
    "incomeBeforeTaxRatio": 0.3198945878,
    "incomeTaxExpense": 869000000,
    "netIncome": 7264000000,
    "netIncomeRatio": 0.2857142857,
    "eps": 12.4,
    "epsdiluted": 12.31,
    "weightedAverageShsOut": 586000000,
    "weightedAverageShsOutDil": 590000000,
    "link": "https://www.sec.gov/Archives/edgar/data/318154/000031815421000010/0000318154-21-000010-index.htm",
    "finalLink": "https://www.sec.gov/Archives/edgar/data/318154/000031815421000010/amgn-20201231.htm"
  },
  {
    "date": "2019-12-31",
    "symbol": "AMGN",
    "reportedCurrency": "USD",
    "cik": "0000318154",
    "fillingDate": "2020-02-13",
    "acceptedDate": "2020-02-13 13:51:00",
    "calendarYear": "2019",
    "period": "FY",
    "revenue": 23362000000,
    "costOfRevenue": 4356000000,
    "grossProfit": 19006000000,
    "grossProfitRatio": 0.813543361,
    "researchAndDevelopmentExpenses": 4116000000,
    "generalAndAdministrativeExpenses": 0,
    "sellingAndMarketingExpenses": 0,
    "sellingGeneralAndAdministrativeExpenses": 5150000000,
    "otherExpenses": 66000000,
    "operatingExpenses": 9332000000,
    "costAndExpenses": 13688000000,
    "interestIncome": 587000000,
    "interestExpense": 1289000000,
    "depreciationAndAmortization": 2206000000,
    "ebitda": 12633000000,
    "ebitdaratio": 0.5407499358,
    "operatingIncome": 9674000000,
    "operatingIncomeRatio": 0.4140912593,
    "totalOtherIncomeExpensesNet": -536000000,
    "incomeBeforeTax": 9138000000,
    "incomeBeforeTaxRatio": 0.3911480181,
    "incomeTaxExpense": 1296000000,
    "netIncome": 7842000000,
    "netIncomeRatio": 0.3356733156,
    "eps": 12.96,
    "epsdiluted": 12.88,
    "weightedAverageShsOut": 605000000,
    "weightedAverageShsOutDil": 609000000,
    "link": "https://www.sec.gov/Archives/edgar/data/318154/000031815420000019/0000318154-20-000019-index.htm",
    "finalLink": "https://www.sec.gov/Archives/edgar/data/318154/000031815420000019/amgn-12312019x10kq420191.htm"
  },
  {
    "date": "2018-12-31",
    "symbol": "AMGN",
    "reportedCurrency": "USD",
    "cik": "0000318154",
    "fillingDate": "2019-02-13",
    "acceptedDate": "2019-02-13 17:20:20",
    "calendarYear": "2018",
    "period": "FY",
    "revenue": 23747000000,
    "costOfRevenue": 4101000000,
    "grossProfit": 19646000000,
    "grossProfitRatio": 0.8273045016,
    "researchAndDevelopmentExpenses": 3737000000,
    "generalAndAdministrativeExpenses": 0,
    "sellingAndMarketingExpenses": 0,
    "sellingGeneralAndAdministrativeExpenses": 5332000000,
    "otherExpenses": 314000000,
    "operatingExpenses": 9383000000,
    "costAndExpenses": 13484000000,
    "interestIncome": 674000000,
    "interestExpense": 1392000000,
    "depreciationAndAmortization": 1946000000,
    "ebitda": 12883000000,
    "ebitdaratio": 0.5425106329,
    "operatingIncome": 10263000000,
    "operatingIncomeRatio": 0.4321809071,
    "totalOtherIncomeExpensesNet": -718000000,
    "incomeBeforeTax": 9545000000,
    "incomeBeforeTaxRatio": 0.4019455089,
    "incomeTaxExpense": 1151000000,
    "netIncome": 8394000000,
    "netIncomeRatio": 0.3534762286,
    "eps": 12.7,
    "epsdiluted": 12.62,
    "weightedAverageShsOut": 661000000,
    "weightedAverageShsOutDil": 665000000,
    "link": "https://www.sec.gov/Archives/edgar/data/318154/000031815419000008/0000318154-19-000008-index.htm",
    "finalLink": "https://www.sec.gov/Archives/edgar/data/318154/000031815419000008/amgn-12312018x10kq42018.htm"
  },
  {
    "date": "2017-12-31",
    "symbol": "AMGN",
    "reportedCurrency": "USD",
    "cik": "0000318154",
    "fillingDate": "2018-02-13",
    "acceptedDate": "2018-02-13 16:48:04",
    "calendarYear": "2017",
    "period": "FY",
    "revenue": 22849000000,
    "costOfRevenue": 4069000000,
    "grossProfit": 18780000000,
    "grossProfitRatio": 0.8219178082,
    "researchAndDevelopmentExpenses": 3562000000,
    "generalAndAdministrativeExpenses": 0,
    "sellingAndMarketingExpenses": 0,
    "sellingGeneralAndAdministrativeExpenses": 4870000000,
    "otherExpenses": 375000000,
    "operatingExpenses": 8807000000,
    "costAndExpenses": 12876000000,
    "interestIncome": 928000000,
    "interestExpense": 1304000000,
    "depreciationAndAmortization": 1955000000,
    "ebitda": 12856000000,
    "ebitdaratio": 0.5626504442,
    "operatingIncome": 9973000000,
    "operatingIncomeRatio": 0.4364742439,
    "totalOtherIncomeExpensesNet": -376000000,
    "incomeBeforeTax": 9597000000,
    "incomeBeforeTaxRatio": 0.4200183815,
    "incomeTaxExpense": 7618000000,
    "netIncome": 1979000000,
    "netIncomeRatio": 0.0866121056,
    "eps": 2.71,
    "epsdiluted": 2.69,
    "weightedAverageShsOut": 731000000,
    "weightedAverageShsOutDil": 735000000,
    "link": "https://www.sec.gov/Archives/edgar/data/318154/000031815418000004/0000318154-18-000004-index.htm",
    "finalLink": "https://www.sec.gov/Archives/edgar/data/318154/000031815418000004/amgn-12312017x10k.htm"
  },
  {
    "date": "2016-12-31",
    "symbol": "AMGN",
    "reportedCurrency": "USD",
    "cik": "0000318154",
    "fillingDate": "2017-02-14",
    "acceptedDate": "2017-02-14 16:21:05",
    "calendarYear": "2016",
    "period": "FY",
    "revenue": 22991000000,
    "costOfRevenue": 4162000000,
    "grossProfit": 18829000000,
    "grossProfitRatio": 0.8189726415,
    "researchAndDevelopmentExpenses": 3840000000,
    "generalAndAdministrativeExpenses": 0,
    "sellingAndMarketingExpenses": 0,
    "sellingGeneralAndAdministrativeExpenses": 5062000000,
    "otherExpenses": 133000000,
    "operatingExpenses": 9035000000,
    "costAndExpenses": 13197000000,
    "interestIncome": 629000000,
    "interestExpense": 1260000000,
    "depreciationAndAmortization": 2105000000,
    "ebitda": 12528000000,
    "ebitdaratio": 0.5449088774,
    "operatingIncome": 9794000000,
    "operatingIncomeRatio": 0.4259927798,
    "totalOtherIncomeExpensesNet": -631000000,
    "incomeBeforeTax": 9163000000,
    "incomeBeforeTaxRatio": 0.3985472576,
    "incomeTaxExpense": 1441000000,
    "netIncome": 7722000000,
    "netIncomeRatio": 0.335870558,
    "eps": 10.32,
    "epsdiluted": 10.24,
    "weightedAverageShsOut": 748000000,
    "weightedAverageShsOutDil": 754000000,
    "link": "https://www.sec.gov/Archives/edgar/data/318154/000031815417000004/0000318154-17-000004-index.htm",
    "finalLink": "https://www.sec.gov/Archives/edgar/data/318154/000031815417000004/amgn-12312016x10k.htm"
  },
  {
    "date": "2015-12-31",
    "symbol": "AMGN",
    "reportedCurrency": "USD",
    "cik": "0000318154",
    "fillingDate": "2016-02-16",
    "acceptedDate": "2016-02-16 07:00:35",
    "calendarYear": "2015",
    "period": "FY",
    "revenue": 21662000000,
    "costOfRevenue": 4227000000,
    "grossProfit": 17435000000,
    "grossProfitRatio": 0.8048656634,
    "researchAndDevelopmentExpenses": 4070000000,
    "generalAndAdministrativeExpenses": 0,
    "sellingAndMarketingExpenses": 0,
    "sellingGeneralAndAdministrativeExpenses": 4846000000,
    "otherExpenses": 49000000,
    "operatingExpenses": 8965000000,
    "costAndExpenses": 13192000000,
    "interestIncome": 603000000,
    "interestExpense": 1095000000,
    "depreciationAndAmortization": 2108000000,
    "ebitda": 11181000000,
    "ebitdaratio": 0.5161573262,
    "operatingIncome": 8470000000,
    "operatingIncomeRatio": 0.3910072939,
    "totalOtherIncomeExpensesNet": -492000000,
    "incomeBeforeTax": 7978000000,
    "incomeBeforeTaxRatio": 0.3682947096,
    "incomeTaxExpense": 1039000000,
    "netIncome": 6939000000,
    "netIncomeRatio": 0.3203305327,
    "eps": 9.15,
    "epsdiluted": 9.06,
    "weightedAverageShsOut": 758000000,
    "weightedAverageShsOutDil": 766000000,
    "link": "https://www.sec.gov/Archives/edgar/data/318154/000031815416000031/0000318154-16-000031-index.htm",
    "finalLink": "https://www.sec.gov/Archives/edgar/data/318154/000031815416000031/amgn-12312015x10k.htm"
  },
  {
    "date": "2014-12-31",
    "symbol": "AMGN",
    "reportedCurrency": "USD",
    "cik": "0000318154",
    "fillingDate": "2015-02-19",
    "acceptedDate": "2015-02-19 17:06:08",
    "calendarYear": "2014",
    "period": "FY",
    "revenue": 20063000000,
    "costOfRevenue": 4422000000,
    "grossProfit": 15641000000,
    "grossProfitRatio": 0.779594278,
    "researchAndDevelopmentExpenses": 4297000000,
    "generalAndAdministrativeExpenses": 0,
    "sellingAndMarketingExpenses": 0,
    "sellingGeneralAndAdministrativeExpenses": 4699000000,
    "otherExpenses": 454000000,
    "operatingExpenses": 9450000000,
    "costAndExpenses": 13872000000,
    "interestIncome": 465000000,
    "interestExpense": 1071000000,
    "depreciationAndAmortization": 2092000000,
    "ebitda": 8748000000,
    "ebitdaratio": 0.4360265165,
    "operatingIncome": 6191000000,
    "operatingIncomeRatio": 0.3085779794,
    "totalOtherIncomeExpensesNet": -606000000,
    "incomeBeforeTax": 5585000000,
    "incomeBeforeTaxRatio": 0.2783731247,
    "incomeTaxExpense": 427000000,
    "netIncome": 5158000000,
    "netIncomeRatio": 0.257090166,
    "eps": 6.8,
    "epsdiluted": 6.7,
    "weightedAverageShsOut": 759000000,
    "weightedAverageShsOutDil": 770000000,
    "link": "https://www.sec.gov/Archives/edgar/data/318154/000031815415000005/0000318154-15-000005-index.htm",
    "finalLink": "https://www.sec.gov/Archives/edgar/data/318154/000031815415000005/amgn-12312014x10k.htm"
  },
  {
    "date": "2013-12-31",
    "symbol": "AMGN",
    "reportedCurrency": "USD",
    "cik": "0000318154",
    "fillingDate": "2014-02-24",
    "acceptedDate": "2014-02-24 16:07:20",
    "calendarYear": "2013",
    "period": "FY",
    "revenue": 18676000000,
    "costOfRevenue": 3346000000,
    "grossProfit": 15330000000,
    "grossProfitRatio": 0.8208395802,
    "researchAndDevelopmentExpenses": 4083000000,
    "generalAndAdministrativeExpenses": 0,
    "sellingAndMarketingExpenses": 0,
    "sellingGeneralAndAdministrativeExpenses": 5184000000,
    "otherExpenses": 196000000,
    "operatingExpenses": 9463000000,
    "costAndExpenses": 12809000000,
    "interestIncome": 420000000,
    "interestExpense": 1022000000,
    "depreciationAndAmortization": 1286000000,
    "ebitda": 7573000000,
    "ebitdaratio": 0.4054936817,
    "operatingIncome": 5867000000,
    "operatingIncomeRatio": 0.3141464982,
    "totalOtherIncomeExpensesNet": -602000000,
    "incomeBeforeTax": 5265000000,
    "incomeBeforeTaxRatio": 0.2819126151,
    "incomeTaxExpense": 184000000,
    "netIncome": 5081000000,
    "netIncomeRatio": 0.2720603984,
    "eps": 6.75,
    "epsdiluted": 6.64,
    "weightedAverageShsOut": 753000000,
    "weightedAverageShsOutDil": 765000000,
    "link": "https://www.sec.gov/Archives/edgar/data/318154/000031815414000004/0000318154-14-000004-index.htm",
    "finalLink": "https://www.sec.gov/Archives/edgar/data/318154/000031815414000004/amgn-12312013x10k.htm"
  },
  {
    "date": "2012-12-31",
    "symbol": "AMGN",
    "reportedCurrency": "USD",
    "cik": "0000318154",
    "fillingDate": "2013-02-27",
    "acceptedDate": "2013-02-27 16:18:11",
    "calendarYear": "2012",
    "period": "FY",
    "revenue": 17265000000,
    "costOfRevenue": 2918000000,
    "grossProfit": 14347000000,
    "grossProfitRatio": 0.8309875471,
    "researchAndDevelopmentExpenses": 3380000000,
    "generalAndAdministrativeExpenses": 0,
    "sellingAndMarketingExpenses": 0,
    "sellingGeneralAndAdministrativeExpenses": 4814000000,
    "otherExpenses": 295000000,
    "operatingExpenses": 8489000000,
    "costAndExpenses": 11688000000,
    "interestIncome": 485000000,
    "interestExpense": 1053000000,
    "depreciationAndAmortization": 1088000000,
    "ebitda": 7150000000,
    "ebitdaratio": 0.4141326383,
    "operatingIncome": 5577000000,
    "operatingIncomeRatio": 0.3230234579,
    "totalOtherIncomeExpensesNet": -568000000,
    "incomeBeforeTax": 5009000000,
    "incomeBeforeTaxRatio": 0.2901245294,
    "incomeTaxExpense": 664000000,
    "netIncome": 4345000000,
    "netIncomeRatio": 0.2516652187,
    "eps": 5.61,
    "epsdiluted": 5.52,
    "weightedAverageShsOut": 775000000,
    "weightedAverageShsOutDil": 787000000,
    "link": "https://www.sec.gov/Archives/edgar/data/318154/000144530513000364/0001445305-13-000364-index.htm",
    "finalLink": "https://www.sec.gov/Archives/edgar/data/318154/000144530513000364/amgn-12312012x10k.htm"
  },
  {
    "date": "2011-12-31",
    "symbol": "AMGN",
    "reportedCurrency": "USD",
    "cik": "0000318154",
    "fillingDate": "2012-02-29",
    "acceptedDate": "2012-02-29 06:02:52",
    "calendarYear": "2011",
    "period": "FY",
    "revenue": 15582000000,
    "costOfRevenue": 2427000000,
    "grossProfit": 13155000000,
    "grossProfitRatio": 0.8442433577,
    "researchAndDevelopmentExpenses": 3167000000,
    "generalAndAdministrativeExpenses": 0,
    "sellingAndMarketingExpenses": 0,
    "sellingGeneralAndAdministrativeExpenses": 4499000000,
    "otherExpenses": 896000000,
    "operatingExpenses": 8562000000,
    "costAndExpenses": 11270000000,
    "interestIncome": 448000000,
    "interestExpense": 610000000,
    "depreciationAndAmortization": 1060000000,
    "ebitda": 5820000000,
    "ebitdaratio": 0.3735078937,
    "operatingIncome": 4312000000,
    "operatingIncomeRatio": 0.2767295597,
    "totalOtherIncomeExpensesNet": -162000000,
    "incomeBeforeTax": 4150000000,
    "incomeBeforeTaxRatio": 0.2663329483,
    "incomeTaxExpense": 467000000,
    "netIncome": 3683000000,
    "netIncomeRatio": 0.2363624695,
    "eps": 4.07,
    "epsdiluted": 4.04,
    "weightedAverageShsOut": 905000000,
    "weightedAverageShsOutDil": 912000000,
    "link": "https://www.sec.gov/Archives/edgar/data/318154/000119312512086670/0001193125-12-086670-index.htm",
    "finalLink": "https://www.sec.gov/Archives/edgar/data/318154/000119312512086670/d241420d10k.htm"
  },
  {
    "date": "2010-12-31",
    "symbol": "AMGN",
    "reportedCurrency": "USD",
    "cik": "0000318154",
    "fillingDate": "2011-02-25",
    "acceptedDate": "2011-02-25 16:38:48",
    "calendarYear": "2010",
    "period": "FY",
    "revenue": 15053000000,
    "costOfRevenue": 2220000000,
    "grossProfit": 12833000000,
    "grossProfitRatio": 0.8525210921,
    "researchAndDevelopmentExpenses": 2894000000,
    "generalAndAdministrativeExpenses": 0,
    "sellingAndMarketingExpenses": 0,
    "sellingGeneralAndAdministrativeExpenses": 3983000000,
    "otherExpenses": 411000000,
    "operatingExpenses": 7288000000,
    "costAndExpenses": 9508000000,
    "interestIncome": 376000000,
    "interestExpense": 604000000,
    "depreciationAndAmortization": 1017000000,
    "ebitda": 6938000000,
    "ebitdaratio": 0.460904803,
    "operatingIncome": 5545000000,
    "operatingIncomeRatio": 0.3683651099,
    "totalOtherIncomeExpensesNet": -228000000,
    "incomeBeforeTax": 5317000000,
    "incomeBeforeTaxRatio": 0.3532186275,
    "incomeTaxExpense": 690000000,
    "netIncome": 4627000000,
    "netIncomeRatio": 0.3073805886,
    "eps": 4.82,
    "epsdiluted": 4.79,
    "weightedAverageShsOut": 960000000,
    "weightedAverageShsOutDil": 965000000,
    "link": "https://www.sec.gov/Archives/edgar/data/318154/000095012311018800/0000950123-11-018800-index.htm",
    "finalLink": "https://www.sec.gov/Archives/edgar/data/318154/000095012311018800/v57113e10vk.htm"
  },
  {
    "date": "2009-12-31",
    "symbol": "AMGN",
    "reportedCurrency": "USD",
    "cik": "0000318154",
    "fillingDate": "2010-03-01",
    "acceptedDate": "2010-03-01 13:04:44",
    "calendarYear": "2009",
    "period": "FY",
    "revenue": 14642000000,
    "costOfRevenue": 2091000000,
    "grossProfit": 12551000000,
    "grossProfitRatio": 0.8571916405,
    "researchAndDevelopmentExpenses": 2864000000,
    "generalAndAdministrativeExpenses": 0,
    "sellingAndMarketingExpenses": 0,
    "sellingGeneralAndAdministrativeExpenses": 3820000000,
    "otherExpenses": 361000000,
    "operatingExpenses": 7045000000,
    "costAndExpenses": 9136000000,
    "interestIncome": 276000000,
    "interestExpense": 578000000,
    "depreciationAndAmortization": 1049000000,
    "ebitda": 6831000000,
    "ebitdaratio": 0.4665346264,
    "operatingIncome": 5506000000,
    "operatingIncomeRatio": 0.3760415244,
    "totalOtherIncomeExpensesNet": -302000000,
    "incomeBeforeTax": 5204000000,
    "incomeBeforeTaxRatio": 0.3554159268,
    "incomeTaxExpense": 599000000,
    "netIncome": 4605000000,
    "netIncomeRatio": 0.314506215,
    "eps": 4.53,
    "epsdiluted": 4.51,
    "weightedAverageShsOut": 1016000000,
    "weightedAverageShsOutDil": 1021000000,
    "link": "https://www.sec.gov/Archives/edgar/data/318154/000119312510044311/0001193125-10-044311-index.htm",
    "finalLink": "https://www.sec.gov/Archives/edgar/data/318154/000119312510044311/d10k.htm"
  },
  {
    "date": "2008-12-31",
    "symbol": "AMGN",
    "reportedCurrency": "USD",
    "cik": "0000318154",
    "fillingDate": "2009-02-27",
    "acceptedDate": "2009-02-27 16:46:53",
    "calendarYear": "2008",
    "period": "FY",
    "revenue": 15003000000,
    "costOfRevenue": 2296000000,
    "grossProfit": 12707000000,
    "grossProfitRatio": 0.8469639405,
    "researchAndDevelopmentExpenses": 3030000000,
    "generalAndAdministrativeExpenses": 0,
    "sellingAndMarketingExpenses": 0,
    "sellingGeneralAndAdministrativeExpenses": 3789000000,
    "otherExpenses": 674000000,
    "operatingExpenses": 7493000000,
    "costAndExpenses": 9789000000,
    "interestIncome": 352000000,
    "interestExpense": 551000000,
    "depreciationAndAmortization": 1073000000,
    "ebitda": 6639000000,
    "ebitdaratio": 0.4425114977,
    "operatingIncome": 5214000000,
    "operatingIncomeRatio": 0.3475304939,
    "totalOtherIncomeExpensesNet": -199000000,
    "incomeBeforeTax": 5250000000,
    "incomeBeforeTaxRatio": 0.349930014,
    "incomeTaxExpense": 1054000000,
    "netIncome": 4196000000,
    "netIncomeRatio": 0.2796773979,
    "eps": 3.79,
    "epsdiluted": 3.77,
    "weightedAverageShsOut": 1070000000,
    "weightedAverageShsOutDil": 1075000000,
    "link": "https://www.sec.gov/Archives/edgar/data/318154/000119312509041091/0001193125-09-041091-index.htm",
    "finalLink": "https://www.sec.gov/Archives/edgar/data/318154/000119312509041091/d10k.htm"
  },
  {
    "date": "2007-12-31",
    "symbol": "AMGN",
    "reportedCurrency": "USD",
    "cik": "0000318154",
    "fillingDate": "2008-02-28",
    "acceptedDate": "2008-02-27 20:55:52",
    "calendarYear": "2007",
    "period": "FY",
    "revenue": 14771000000,
    "costOfRevenue": 2548000000,
    "grossProfit": 12223000000,
    "grossProfitRatio": 0.8274998307,
    "researchAndDevelopmentExpenses": 3266000000,
    "generalAndAdministrativeExpenses": 0,
    "sellingAndMarketingExpenses": 0,
    "sellingGeneralAndAdministrativeExpenses": 3361000000,
    "otherExpenses": 1616000000,
    "operatingExpenses": 8243000000,
    "costAndExpenses": 10791000000,
    "interestIncome": 0,
    "interestExpense": 0,
    "depreciationAndAmortization": 1202000000,
    "ebitda": 5981000000,
    "ebitdaratio": 0.4049150362,
    "operatingIncome": 3980000000,
    "operatingIncomeRatio": 0.2694468892,
    "totalOtherIncomeExpensesNet": -19000000,
    "incomeBeforeTax": 3961000000,
    "incomeBeforeTaxRatio": 0.2681605849,
    "incomeTaxExpense": 795000000,
    "netIncome": 3166000000,
    "netIncomeRatio": 0.2143389073,
    "eps": 2.83,
    "epsdiluted": 2.82,
    "weightedAverageShsOut": 1117000000,
    "weightedAverageShsOutDil": 1123000000,
    "link": "https://www.sec.gov/Archives/edgar/data/318154/000119312508040431/0001193125-08-040431-index.htm",
    "finalLink": "https://www.sec.gov/Archives/edgar/data/318154/000119312508040431/d10k.htm"
  },
  {
    "date": "2006-12-31",
    "symbol": "AMGN",
    "reportedCurrency": "USD",
    "cik": "0000318154",
    "fillingDate": "2007-02-28",
    "acceptedDate": "2007-02-28 16:07:05",
    "calendarYear": "2006",
    "period": "FY",
    "revenue": 14268000000,
    "costOfRevenue": 2095000000,
    "grossProfit": 12173000000,
    "grossProfitRatio": 0.8531679282,
    "researchAndDevelopmentExpenses": 3366000000,
    "generalAndAdministrativeExpenses": 0,
    "sellingAndMarketingExpenses": 0,
    "sellingGeneralAndAdministrativeExpenses": 3366000000,
    "otherExpenses": 1601000000,
    "operatingExpenses": 8333000000,
    "costAndExpenses": 10428000000,
    "interestIncome": 0,
    "interestExpense": 0,
    "depreciationAndAmortization": 963000000,
    "ebitda": 6034000000,
    "ebitdaratio": 0.4229044015,
    "operatingIncome": 3840000000,
    "operatingIncomeRatio": 0.2691337258,
    "totalOtherIncomeExpensesNet": 180000000,
    "incomeBeforeTax": 4020000000,
    "incomeBeforeTaxRatio": 0.2817493692,
    "incomeTaxExpense": 1070000000,
    "netIncome": 2950000000,
    "netIncomeRatio": 0.2067563779,
    "eps": 2.51,
    "epsdiluted": 2.48,
    "weightedAverageShsOut": 1176000000,
    "weightedAverageShsOutDil": 1190000000,
    "link": "https://www.sec.gov/Archives/edgar/data/318154/000119312507042586/0001193125-07-042586-index.htm",
    "finalLink": "https://www.sec.gov/Archives/edgar/data/318154/000119312507042586/d10k.htm"
  },
  {
    "date": "2005-12-31",
    "symbol": "AMGN",
    "reportedCurrency": "USD",
    "cik": "0000318154",
    "fillingDate": "2006-03-10",
    "acceptedDate": "2006-03-10 16:58:49",
    "calendarYear": "2005",
    "period": "FY",
    "revenue": 12430000000,
    "costOfRevenue": 2082000000,
    "grossProfit": 10348000000,
    "grossProfitRatio": 0.8325020113,
    "researchAndDevelopmentExpenses": 2314000000,
    "generalAndAdministrativeExpenses": 0,
    "sellingAndMarketingExpenses": 0,
    "sellingGeneralAndAdministrativeExpenses": 2790000000,
    "otherExpenses": 396000000,
    "operatingExpenses": 5500000000,
    "costAndExpenses": 7582000000,
    "interestIncome": 0,
    "interestExpense": 0,
    "depreciationAndAmortization": 841000000,
    "ebitda": 5689000000,
    "ebitdaratio": 0.4576830249,
    "operatingIncome": 4848000000,
    "operatingIncomeRatio": 0.3900241352,
    "totalOtherIncomeExpensesNet": 20000000,
    "incomeBeforeTax": 4868000000,
    "incomeBeforeTaxRatio": 0.3916331456,
    "incomeTaxExpense": 1194000000,
    "netIncome": 3674000000,
    "netIncomeRatio": 0.2955752212,
    "eps": 2.97,
    "epsdiluted": 2.93,
    "weightedAverageShsOut": 1236000000,
    "weightedAverageShsOutDil": 1258000000,
    "link": "https://www.sec.gov/Archives/edgar/data/318154/000110465906015851/0001104659-06-015851-index.htm",
    "finalLink": "https://www.sec.gov/Archives/edgar/data/318154/000110465906015851/a06-5805_110k.htm"
  },
  {
    "date": "2004-12-31",
    "symbol": "AMGN",
    "reportedCurrency": "USD",
    "cik": "0000318154",
    "fillingDate": "2005-03-09",
    "acceptedDate": "2005-03-09 17:21:43",
    "calendarYear": "2004",
    "period": "FY",
    "revenue": 10550000000,
    "costOfRevenue": 1731000000,
    "grossProfit": 8819000000,
    "grossProfitRatio": 0.8359241706,
    "researchAndDevelopmentExpenses": 2028000000,
    "generalAndAdministrativeExpenses": 0,
    "sellingAndMarketingExpenses": 0,
    "sellingGeneralAndAdministrativeExpenses": 2556000000,
    "otherExpenses": 887000000,
    "operatingExpenses": 5471000000,
    "costAndExpenses": 7202000000,
    "interestIncome": 0,
    "interestExpense": 0,
    "depreciationAndAmortization": 734000000,
    "ebitda": 4636000000,
    "ebitdaratio": 0.4394312796,
    "operatingIncome": 3348000000,
    "operatingIncomeRatio": 0.3173459716,
    "totalOtherIncomeExpensesNet": 47000000,
    "incomeBeforeTax": 3395000000,
    "incomeBeforeTaxRatio": 0.3218009479,
    "incomeTaxExpense": 1032000000,
    "netIncome": 2363000000,
    "netIncomeRatio": 0.2239810427,
    "eps": 1.86,
    "epsdiluted": 1.81,
    "weightedAverageShsOut": 1271000000,
    "weightedAverageShsOutDil": 1320000000,
    "link": "https://www.sec.gov/Archives/edgar/data/318154/000095012905002159/0000950129-05-002159-index.htm",
    "finalLink": "https://www.sec.gov/Archives/edgar/data/318154/000095012905002159/v06403e10vk.htm"
  },
  {
    "date": "2003-12-31",
    "symbol": "AMGN",
    "reportedCurrency": "USD",
    "cik": "0000318154",
    "fillingDate": "2004-03-11",
    "acceptedDate": "2004-03-11 17:16:48",
    "calendarYear": "2003",
    "period": "FY",
    "revenue": 8356000000,
    "costOfRevenue": 1340700000,
    "grossProfit": 7015300000,
    "grossProfitRatio": 0.8395524174,
    "researchAndDevelopmentExpenses": 1655000000,
    "generalAndAdministrativeExpenses": 0,
    "sellingAndMarketingExpenses": 0,
    "sellingGeneralAndAdministrativeExpenses": 1957000000,
    "otherExpenses": 312000000,
    "operatingExpenses": 3924000000,
    "costAndExpenses": 5265000000,
    "interestIncome": 0,
    "interestExpense": 0,
    "depreciationAndAmortization": 687000000,
    "ebitda": 3778000000,
    "ebitdaratio": 0.4521302058,
    "operatingIncome": 3091000000,
    "operatingIncomeRatio": 0.3699138344,
    "totalOtherIncomeExpensesNet": 82000000,
    "incomeBeforeTax": 3173100000,
    "incomeBeforeTaxRatio": 0.3797391096,
    "incomeTaxExpense": 913600000,
    "netIncome": 2259500000,
    "netIncomeRatio": 0.2704044998,
    "eps": 1.75,
    "epsdiluted": 1.69,
    "weightedAverageShsOut": 1288000000,
    "weightedAverageShsOutDil": 1346000000,
    "link": "https://www.sec.gov/Archives/edgar/data/318154/000095014804000549/0000950148-04-000549-index.htm",
    "finalLink": "https://www.sec.gov/Archives/edgar/data/318154/000095014804000549/v96430e10vk.htm"
  },
  {
    "date": "2002-12-31",
    "symbol": "AMGN",
    "reportedCurrency": "USD",
    "cik": "0000318154",
    "fillingDate": "2003-03-10",
    "acceptedDate": "2003-03-10 17:08:48",
    "calendarYear": "2002",
    "period": "FY",
    "revenue": 5523000000,
    "costOfRevenue": 735700000,
    "grossProfit": 4787300000,
    "grossProfitRatio": 0.8667934094,
    "researchAndDevelopmentExpenses": 1117000000,
    "generalAndAdministrativeExpenses": 0,
    "sellingAndMarketingExpenses": 0,
    "sellingGeneralAndAdministrativeExpenses": 1449000000,
    "otherExpenses": 3006000000,
    "operatingExpenses": 5572000000,
    "costAndExpenses": 6308000000,
    "interestIncome": 0,
    "interestExpense": 0,
    "depreciationAndAmortization": 447000000,
    "ebitda": 2654000000,
    "ebitdaratio": 0.4805359406,
    "operatingIncome": -785000000,
    "operatingIncomeRatio": -0.1421328988,
    "totalOtherIncomeExpensesNet": 100000000,
    "incomeBeforeTax": -684500000,
    "incomeBeforeTaxRatio": -0.1239362665,
    "incomeTaxExpense": 707400000,
    "netIncome": -1391900000,
    "netIncomeRatio": -0.2520188303,
    "eps": -1.21,
    "epsdiluted": -1.21,
    "weightedAverageShsOut": 1153500000,
    "weightedAverageShsOutDil": 1153500000,
    "link": "https://www.sec.gov/Archives/edgar/data/318154/000089843003001854/0000898430-03-001854-index.htm",
    "finalLink": "https://www.sec.gov/Archives/edgar/data/318154/000089843003001854/d10k.htm"
  },
  {
    "date": "2001-12-31",
    "symbol": "AMGN",
    "reportedCurrency": "USD",
    "cik": "0000318154",
    "fillingDate": "2002-02-26",
    "acceptedDate": "2002-02-26 00:00:00",
    "calendarYear": "2001",
    "period": "FY",
    "revenue": 4015700000,
    "costOfRevenue": 443000000,
    "grossProfit": 3572700000,
    "grossProfitRatio": 0.8896829942,
    "researchAndDevelopmentExpenses": 865000000,
    "generalAndAdministrativeExpenses": 0,
    "sellingAndMarketingExpenses": 0,
    "sellingGeneralAndAdministrativeExpenses": 970700000,
    "otherExpenses": 205800000,
    "operatingExpenses": 2041500000,
    "costAndExpenses": 2484500000,
    "interestIncome": 0,
    "interestExpense": 0,
    "depreciationAndAmortization": 265900000,
    "ebitda": 1797100000,
    "ebitdaratio": 0.4475184899,
    "operatingIncome": 1531200000,
    "operatingIncomeRatio": 0.3813033842,
    "totalOtherIncomeExpensesNet": 155100000,
    "incomeBeforeTax": 1686300000,
    "incomeBeforeTaxRatio": 0.4199267874,
    "incomeTaxExpense": 566600000,
    "netIncome": 1119700000,
    "netIncomeRatio": 0.2788305899,
    "eps": 1.07,
    "epsdiluted": 1.03,
    "weightedAverageShsOut": 1045500000,
    "weightedAverageShsOutDil": 1084400000,
    "link": "https://www.sec.gov/Archives/edgar/data/318154/000089843002000744/0000898430-02-000744-index.htm",
    "finalLink": "https://www.sec.gov/Archives/edgar/data/318154/000089843002000744/d10k.txt"
  },
  {
    "date": "2000-12-31",
    "symbol": "AMGN",
    "reportedCurrency": "USD",
    "cik": "0000318154",
    "fillingDate": "2001-03-07",
    "acceptedDate": "2001-03-07 00:00:00",
    "calendarYear": "2000",
    "period": "FY",
    "revenue": 3448400000,
    "costOfRevenue": 196600000,
    "grossProfit": 3251800000,
    "grossProfitRatio": 0.9429880524,
    "researchAndDevelopmentExpenses": 845000000,
    "generalAndAdministrativeExpenses": 0,
    "sellingAndMarketingExpenses": 0,
    "sellingGeneralAndAdministrativeExpenses": 826900000,
    "otherExpenses": 211800000,
    "operatingExpenses": 1883700000,
    "costAndExpenses": 2080300000,
    "interestIncome": 0,
    "interestExpense": 0,
    "depreciationAndAmortization": 211800000,
    "ebitda": 1579900000,
    "ebitdaratio": 0.4581545064,
    "operatingIncome": 1368100000,
    "operatingIncomeRatio": 0.3967347176,
    "totalOtherIncomeExpensesNet": 306200000,
    "incomeBeforeTax": 1674300000,
    "incomeBeforeTaxRatio": 0.4855295209,
    "incomeTaxExpense": 535800000,
    "netIncome": 1138500000,
    "netIncomeRatio": 0.3301531145,
    "eps": 1.11,
    "epsdiluted": 1.05,
    "weightedAverageShsOut": 1029600000,
    "weightedAverageShsOutDil": 1084700000,
    "link": "https://www.sec.gov/Archives/edgar/data/318154/000089843001000873/0000898430-01-000873-index.htm",
    "finalLink": "https://www.sec.gov/Archives/edgar/data/318154/000089843001000873/0000898430-01-000873-0001.txt"
  },
  {
    "date": "1999-12-31",
    "symbol": "AMGN",
    "reportedCurrency": "USD",
    "cik": "0000318154",
    "fillingDate": "2000-03-07",
    "acceptedDate": "2000-03-07 00:00:00",
    "calendarYear": "1999",
    "period": "FY",
    "revenue": 3204200000,
    "costOfRevenue": 225300000,
    "grossProfit": 2978900000,
    "grossProfitRatio": 0.9296860371,
    "researchAndDevelopmentExpenses": 822800000,
    "generalAndAdministrativeExpenses": 0,
    "sellingAndMarketingExpenses": 0,
    "sellingGeneralAndAdministrativeExpenses": 654300000,
    "otherExpenses": 176800000,
    "operatingExpenses": 1653900000,
    "costAndExpenses": 1879200000,
    "interestIncome": 0,
    "interestExpense": 0,
    "depreciationAndAmortization": 176800000,
    "ebitda": 1501800000,
    "ebitdaratio": 0.4686973347,
    "operatingIncome": 1325000000,
    "operatingIncomeRatio": 0.4135197553,
    "totalOtherIncomeExpensesNet": 241200000,
    "incomeBeforeTax": 1566200000,
    "incomeBeforeTaxRatio": 0.4887959553,
    "incomeTaxExpense": 469800000,
    "netIncome": 1096400000,
    "netIncomeRatio": 0.3421758941,
    "eps": 1.07,
    "epsdiluted": 1.02,
    "weightedAverageShsOut": 1021700000,
    "weightedAverageShsOutDil": 1078300000,
    "link": "https://www.sec.gov/Archives/edgar/data/318154/000089843000000676/0000898430-00-000676-index.html",
    "finalLink": "https://www.sec.gov/Archives/edgar/data/318154/000089843000000676/"
  },
  {
    "date": "1998-12-31",
    "symbol": "AMGN",
    "reportedCurrency": "USD",
    "cik": "0000318154",
    "fillingDate": "1999-03-16",
    "acceptedDate": "1999-03-16 00:00:00",
    "calendarYear": "1998",
    "period": "FY",
    "revenue": 2642300000,
    "costOfRevenue": 201400000,
    "grossProfit": 2440900000,
    "grossProfitRatio": 0.9237785263,
    "researchAndDevelopmentExpenses": 663300000,
    "generalAndAdministrativeExpenses": 0,
    "sellingAndMarketingExpenses": 0,
    "sellingGeneralAndAdministrativeExpenses": 515400000,
    "otherExpenses": 143800000,
    "operatingExpenses": 1322500000,
    "costAndExpenses": 1523900000,
    "interestIncome": 0,
    "interestExpense": 0,
    "depreciationAndAmortization": 143800000,
    "ebitda": 1262200000,
    "ebitdaratio": 0.4776898914,
    "operatingIncome": 1118400000,
    "operatingIncomeRatio": 0.4232676078,
    "totalOtherIncomeExpensesNet": 106000000,
    "incomeBeforeTax": 1224400000,
    "incomeBeforeTaxRatio": 0.4633841729,
    "incomeTaxExpense": 361200000,
    "netIncome": 863200000,
    "netIncomeRatio": 0.326685085,
    "eps": 0.85,
    "epsdiluted": 0.82,
    "weightedAverageShsOut": 1020200000,
    "weightedAverageShsOutDil": 1057400000,
    "link": "https://www.sec.gov/Archives/edgar/data/318154/000089843099000950/0000898430-99-000950-index.html",
    "finalLink": "https://www.sec.gov/Archives/edgar/data/318154/"
  },
  {
    "date": "1997-12-31",
    "symbol": "AMGN",
    "reportedCurrency": "USD",
    "cik": "0000318154",
    "fillingDate": "1998-03-24",
    "acceptedDate": "1998-03-24 00:00:00",
    "calendarYear": "1997",
    "period": "FY",
    "revenue": 2345700000,
    "costOfRevenue": 183700000,
    "grossProfit": 2162000000,
    "grossProfitRatio": 0.9216864902,
    "researchAndDevelopmentExpenses": 630800000,
    "generalAndAdministrativeExpenses": 0,
    "sellingAndMarketingExpenses": 0,
    "sellingGeneralAndAdministrativeExpenses": 483800000,
    "otherExpenses": 117100000,
    "operatingExpenses": 1231700000,
    "costAndExpenses": 1415400000,
    "interestIncome": 0,
    "interestExpense": 0,
    "depreciationAndAmortization": 117100000,
    "ebitda": 1047400000,
    "ebitdaratio": 0.4465191627,
    "operatingIncome": 930300000,
    "operatingIncomeRatio": 0.3965980304,
    "totalOtherIncomeExpensesNet": -68900000,
    "incomeBeforeTax": 861400000,
    "incomeBeforeTaxRatio": 0.3672251354,
    "incomeTaxExpense": 217100000,
    "netIncome": 644300000,
    "netIncomeRatio": 0.2746728056,
    "eps": 0.61,
    "epsdiluted": 0.59,
    "weightedAverageShsOut": 1056400000,
    "weightedAverageShsOutDil": 1098400000,
    "link": "https://www.sec.gov/Archives/edgar/data/318154/000031815498000003/0000318154-98-000003-index.html",
    "finalLink": "https://www.sec.gov/Archives/edgar/data/318154/"
  },
  {
    "date": "1996-12-31",
    "symbol": "AMGN",
    "reportedCurrency": "USD",
    "cik": "0000318154",
    "fillingDate": "1997-03-24",
    "acceptedDate": "1997-03-24 00:00:00",
    "calendarYear": "1996",
    "period": "FY",
    "revenue": 2198100000,
    "costOfRevenue": 182900000,
    "grossProfit": 2015200000,
    "grossProfitRatio": 0.9167917747,
    "researchAndDevelopmentExpenses": 528300000,
    "generalAndAdministrativeExpenses": 0,
    "sellingAndMarketingExpenses": 0,
    "sellingGeneralAndAdministrativeExpenses": 470600000,
    "otherExpenses": 100300000,
    "operatingExpenses": 1099200000,
    "costAndExpenses": 1282100000,
    "interestIncome": 0,
    "interestExpense": 0,
    "depreciationAndAmortization": 100300000,
    "ebitda": 1016300000,
    "ebitdaratio": 0.4623538511,
    "operatingIncome": 916000000,
    "operatingIncomeRatio": 0.416723534,
    "totalOtherIncomeExpensesNet": 46300000,
    "incomeBeforeTax": 962300000,
    "incomeBeforeTaxRatio": 0.4377871798,
    "incomeTaxExpense": 282500000,
    "netIncome": 679800000,
    "netIncomeRatio": 0.3092670943,
    "eps": 0.61,
    "epsdiluted": 0.61,
    "weightedAverageShsOut": 1122800000,
    "weightedAverageShsOutDil": 1123600000,
    "link": "https://www.sec.gov/Archives/edgar/data/318154/000031815497000005/0000318154-97-000005-index.html",
    "finalLink": "https://www.sec.gov/Archives/edgar/data/318154/"
  },
  {
    "date": "1995-12-31",
    "symbol": "AMGN",
    "reportedCurrency": "USD",
    "cik": "0000318154",
    "fillingDate": "1996-03-29",
    "acceptedDate": "1996-03-29 00:00:00",
    "calendarYear": "1995",
    "period": "FY",
    "revenue": 1903800000,
    "costOfRevenue": 188700000,
    "grossProfit": 1715100000,
    "grossProfitRatio": 0.9008824456,
    "researchAndDevelopmentExpenses": 451700000,
    "generalAndAdministrativeExpenses": 0,
    "sellingAndMarketingExpenses": 0,
    "sellingGeneralAndAdministrativeExpenses": 418400000,
    "otherExpenses": 84200000,
    "operatingExpenses": 954300000,
    "costAndExpenses": 1143000000,
    "interestIncome": 0,
    "interestExpense": 0,
    "depreciationAndAmortization": 84200000,
    "ebitda": 845000000,
    "ebitdaratio": 0.4438491438,
    "operatingIncome": 760800000,
    "operatingIncomeRatio": 0.399621809,
    "totalOtherIncomeExpensesNet": 33600000,
    "incomeBeforeTax": 794400000,
    "incomeBeforeTaxRatio": 0.4172707217,
    "incomeTaxExpense": 256700000,
    "netIncome": 537700000,
    "netIncomeRatio": 0.2824351297,
    "eps": 0.48,
    "epsdiluted": 0.47,
    "weightedAverageShsOut": 1122800000,
    "weightedAverageShsOutDil": 1141200000,
    "link": "https://www.sec.gov/Archives/edgar/data/318154/000031815496000002/0000318154-96-000002-index.html",
    "finalLink": "https://www.sec.gov/Archives/edgar/data/318154/"
  },
  {
    "date": "1994-12-31",
    "symbol": "AMGN",
    "reportedCurrency": "USD",
    "cik": "0000318154",
    "fillingDate": "1995-03-30",
    "acceptedDate": "1995-03-30 00:00:00",
    "calendarYear": "1994",
    "period": "FY",
    "revenue": 1620000000,
    "costOfRevenue": 163600000,
    "grossProfit": 1456400000,
    "grossProfitRatio": 0.8990123457,
    "researchAndDevelopmentExpenses": 323600000,
    "generalAndAdministrativeExpenses": 0,
    "sellingAndMarketingExpenses": 0,
    "sellingGeneralAndAdministrativeExpenses": 359800000,
    "otherExpenses": 74500000,
    "operatingExpenses": 757900000,
    "costAndExpenses": 921500000,
    "interestIncome": 0,
    "interestExpense": 0,
    "depreciationAndAmortization": 74500000,
    "ebitda": 773000000,
    "ebitdaratio": 0.4771604938,
    "operatingIncome": 698500000,
    "operatingIncomeRatio": 0.4311728395,
    "totalOtherIncomeExpensesNet": -110200000,
    "incomeBeforeTax": 588300000,
    "incomeBeforeTaxRatio": 0.3631481481,
    "incomeTaxExpense": 268600000,
    "netIncome": 319700000,
    "netIncomeRatio": 0.197345679,
    "eps": 0.29,
    "epsdiluted": 0.28,
    "weightedAverageShsOut": 1118320000,
    "weightedAverageShsOutDil": 1128792000,
    "link": "https://www.sec.gov/Archives/edgar/data/318154/000031815495000008/0000318154-95-000008-index.html",
    "finalLink": "https://www.sec.gov/Archives/edgar/data/318154/"
  },
  {
    "date": "1993-12-31",
    "symbol": "AMGN",
    "reportedCurrency": "USD",
    "cik": "0000318154",
    "fillingDate": "1993-12-31",
    "acceptedDate": "1993-12-31 00:00:00",
    "calendarYear": "1993",
    "period": "FY",
    "revenue": 1354900000,
    "costOfRevenue": 169300000,
    "grossProfit": 1185600000,
    "grossProfitRatio": 0.8750461289,
    "researchAndDevelopmentExpenses": 0,
    "generalAndAdministrativeExpenses": 0,
    "sellingAndMarketingExpenses": 0,
    "sellingGeneralAndAdministrativeExpenses": 583700000,
    "otherExpenses": 50700000,
    "operatingExpenses": 634400000,
    "costAndExpenses": 803700000,
    "interestIncome": 0,
    "interestExpense": 0,
    "depreciationAndAmortization": 50700000,
    "ebitda": 601900000,
    "ebitdaratio": 0.4442394273,
    "operatingIncome": 551200000,
    "operatingIncomeRatio": 0.4068196915,
    "totalOtherIncomeExpensesNet": 41200000,
    "incomeBeforeTax": 592400000,
    "incomeBeforeTaxRatio": 0.4372278397,
    "incomeTaxExpense": 217800000,
    "netIncome": 383300000,
    "netIncomeRatio": 0.2828991069,
    "eps": 0.35,
    "epsdiluted": 0.35,
    "weightedAverageShsOut": 1095142857,
    "weightedAverageShsOutDil": 1095142857,
    "link": null,
    "finalLink": null
  },
  {
    "date": "1992-12-31",
    "symbol": "AMGN",
    "reportedCurrency": "USD",
    "cik": "0000318154",
    "fillingDate": "1992-12-31",
    "acceptedDate": "1992-12-31 00:00:00",
    "calendarYear": "1992",
    "period": "FY",
    "revenue": 1080300000,
    "costOfRevenue": 151200000,
    "grossProfit": 929100000,
    "grossProfitRatio": 0.8600388781,
    "researchAndDevelopmentExpenses": 0,
    "generalAndAdministrativeExpenses": 0,
    "sellingAndMarketingExpenses": 0,
    "sellingGeneralAndAdministrativeExpenses": 397400000,
    "otherExpenses": 33600000,
    "operatingExpenses": 431000000,
    "costAndExpenses": 582200000,
    "interestIncome": 0,
    "interestExpense": 0,
    "depreciationAndAmortization": 33600000,
    "ebitda": 531700000,
    "ebitdaratio": 0.4921780987,
    "operatingIncome": 498100000,
    "operatingIncomeRatio": 0.4610756271,
    "totalOtherIncomeExpensesNet": 65000000,
    "incomeBeforeTax": 563100000,
    "incomeBeforeTaxRatio": 0.5212440989,
    "incomeTaxExpense": 205500000,
    "netIncome": 357600000,
    "netIncomeRatio": 0.3310191613,
    "eps": 0.31,
    "epsdiluted": 0.31,
    "weightedAverageShsOut": 1153548387,
    "weightedAverageShsOutDil": 1153548387,
    "link": null,
    "finalLink": null
  },
  {
    "date": "1991-12-31",
    "symbol": "AMGN",
    "reportedCurrency": "USD",
    "cik": "0000318154",
    "fillingDate": "1991-12-31",
    "acceptedDate": "1991-12-31 00:00:00",
    "calendarYear": "1991",
    "period": "FY",
    "revenue": 679800000,
    "costOfRevenue": 91200000,
    "grossProfit": 588600000,
    "grossProfitRatio": 0.865842895,
    "researchAndDevelopmentExpenses": 0,
    "generalAndAdministrativeExpenses": 0,
    "sellingAndMarketingExpenses": 0,
    "sellingGeneralAndAdministrativeExpenses": 443700000,
    "otherExpenses": 21500000,
    "operatingExpenses": 465200000,
    "costAndExpenses": 556400000,
    "interestIncome": 0,
    "interestExpense": 0,
    "depreciationAndAmortization": 21500000,
    "ebitda": 144900000,
    "ebitdaratio": 0.2131509267,
    "operatingIncome": 123400000,
    "operatingIncomeRatio": 0.1815239776,
    "totalOtherIncomeExpensesNet": 34600000,
    "incomeBeforeTax": 158000000,
    "incomeBeforeTaxRatio": 0.2324213004,
    "incomeTaxExpense": 60100000,
    "netIncome": 97900000,
    "netIncomeRatio": 0.144012945,
    "eps": 0.09,
    "epsdiluted": 0.09,
    "weightedAverageShsOut": 1087777778,
    "weightedAverageShsOutDil": 1087777778,
    "link": null,
    "finalLink": null
  },
  {
    "date": "1991-03-31",
    "symbol": "AMGN",
    "reportedCurrency": "USD",
    "cik": "0000318154",
    "fillingDate": "1991-03-31",
    "acceptedDate": "1991-03-31 00:00:00",
    "calendarYear": "1990",
    "period": "FY",
    "revenue": 190400000,
    "costOfRevenue": 14700000,
    "grossProfit": 175700000,
    "grossProfitRatio": 0.9227941176,
    "researchAndDevelopmentExpenses": 0,
    "generalAndAdministrativeExpenses": 0,
    "sellingAndMarketingExpenses": 0,
    "sellingGeneralAndAdministrativeExpenses": 257200000,
    "otherExpenses": 17700000,
    "operatingExpenses": 274900000,
    "costAndExpenses": 330100000,
    "interestIncome": 0,
    "interestExpense": 0,
    "depreciationAndAmortization": 17700000,
    "ebitda": 68800000,
    "ebitdaratio": 0.3613445378,
    "operatingIncome": 51100000,
    "operatingIncomeRatio": 0.2683823529,
    "totalOtherIncomeExpensesNet": 21300000,
    "incomeBeforeTax": 29400000,
    "incomeBeforeTaxRatio": 0.1544117647,
    "incomeTaxExpense": 10300000,
    "netIncome": 19100000,
    "netIncomeRatio": 0.1003151261,
    "eps": 0.03,
    "epsdiluted": 0.03,
    "weightedAverageShsOut": 636666667,
    "weightedAverageShsOutDil": 636666667,
    "link": null,
    "finalLink": null
  },
  {
    "date": "1989-03-31",
    "symbol": "AMGN",
    "reportedCurrency": "USD",
    "cik": "0000318154",
    "fillingDate": "1989-03-31",
    "acceptedDate": "1989-03-31 00:00:00",
    "calendarYear": "1988",
    "period": "FY",
    "revenue": 70200000,
    "costOfRevenue": 44000000,
    "grossProfit": 26200000,
    "grossProfitRatio": 0.3732193732,
    "researchAndDevelopmentExpenses": 0,
    "generalAndAdministrativeExpenses": 0,
    "sellingAndMarketingExpenses": 0,
    "sellingGeneralAndAdministrativeExpenses": 23000000,
    "otherExpenses": 8000000,
    "operatingExpenses": 31000000,
    "costAndExpenses": 75000000,
    "interestIncome": 0,
    "interestExpense": 0,
    "depreciationAndAmortization": 8000000,
    "ebitda": 3200000,
    "ebitdaratio": 0.0455840456,
    "operatingIncome": -4800000,
    "operatingIncomeRatio": -0.0683760684,
    "totalOtherIncomeExpensesNet": -2600000,
    "incomeBeforeTax": -7400000,
    "incomeBeforeTaxRatio": -0.1054131054,
    "incomeTaxExpense": 800000,
    "netIncome": -8200000,
    "netIncomeRatio": -0.1168091168,
    "eps": -0.01,
    "epsdiluted": -0.01,
    "weightedAverageShsOut": 820000000,
    "weightedAverageShsOutDil": 820000000,
    "link": null,
    "finalLink": null
  },
  {
    "date": "1988-03-31",
    "symbol": "AMGN",
    "reportedCurrency": "USD",
    "cik": "0000318154",
    "fillingDate": "1988-03-31",
    "acceptedDate": "1988-03-31 00:00:00",
    "calendarYear": "1987",
    "period": "FY",
    "revenue": 44300000,
    "costOfRevenue": 35500000,
    "grossProfit": 8800000,
    "grossProfitRatio": 0.1986455982,
    "researchAndDevelopmentExpenses": 0,
    "generalAndAdministrativeExpenses": 0,
    "sellingAndMarketingExpenses": 0,
    "sellingGeneralAndAdministrativeExpenses": 10300000,
    "otherExpenses": 4100000,
    "operatingExpenses": 14400000,
    "costAndExpenses": 49900000,
    "interestIncome": 0,
    "interestExpense": 0,
    "depreciationAndAmortization": 4100000,
    "ebitda": -1500000,
    "ebitdaratio": -0.0338600451,
    "operatingIncome": -5600000,
    "operatingIncomeRatio": -0.1264108352,
    "totalOtherIncomeExpensesNet": 7600000,
    "incomeBeforeTax": 2000000,
    "incomeBeforeTaxRatio": 0.0451467269,
    "incomeTaxExpense": 300000,
    "netIncome": 1700000,
    "netIncomeRatio": 0.0383747178,
    "eps": 0.0018,
    "epsdiluted": 0.0018,
    "weightedAverageShsOut": 940856000,
    "weightedAverageShsOutDil": 940856000,
    "link": null,
    "finalLink": null
  },
  {
    "date": "1987-03-31",
    "symbol": "AMGN",
    "reportedCurrency": "USD",
    "cik": "0000318154",
    "fillingDate": "1987-03-31",
    "acceptedDate": "1987-03-31 00:00:00",
    "calendarYear": "1986",
    "period": "FY",
    "revenue": 29800000,
    "costOfRevenue": 21800000,
    "grossProfit": 8000000,
    "grossProfitRatio": 0.2684563758,
    "researchAndDevelopmentExpenses": 0,
    "generalAndAdministrativeExpenses": 0,
    "sellingAndMarketingExpenses": 0,
    "sellingGeneralAndAdministrativeExpenses": 6800000,
    "otherExpenses": 2600000,
    "operatingExpenses": 9400000,
    "costAndExpenses": 31200000,
    "interestIncome": 0,
    "interestExpense": 0,
    "depreciationAndAmortization": 2600000,
    "ebitda": 1200000,
    "ebitdaratio": 0.0402684564,
    "operatingIncome": -1400000,
    "operatingIncomeRatio": -0.0469798658,
    "totalOtherIncomeExpensesNet": 3000000,
    "incomeBeforeTax": 1600000,
    "incomeBeforeTaxRatio": 0.0536912752,
    "incomeTaxExpense": 800000,
    "netIncome": 800000,
    "netIncomeRatio": 0.0268456376,
    "eps": 0.0009,
    "epsdiluted": 0.0009,
    "weightedAverageShsOut": 940856000,
    "weightedAverageShsOutDil": 940856000,
    "link": null,
    "finalLink": null
  },
  {
    "date": "1986-03-31",
    "symbol": "AMGN",
    "reportedCurrency": "USD",
    "cik": "0000318154",
    "fillingDate": "1986-03-31",
    "acceptedDate": "1986-03-31 00:00:00",
    "calendarYear": "1985",
    "period": "FY",
    "revenue": 21100000,
    "costOfRevenue": -2500000,
    "grossProfit": 23600000,
    "grossProfitRatio": 1.1184834123,
    "researchAndDevelopmentExpenses": 0,
    "generalAndAdministrativeExpenses": 0,
    "sellingAndMarketingExpenses": 0,
    "sellingGeneralAndAdministrativeExpenses": 22000000,
    "otherExpenses": 2500000,
    "operatingExpenses": 24500000,
    "costAndExpenses": 22000000,
    "interestIncome": 0,
    "interestExpense": 0,
    "depreciationAndAmortization": 2500000,
    "ebitda": 1600000,
    "ebitdaratio": 0.0758293839,
    "operatingIncome": -900000,
    "operatingIncomeRatio": -0.0426540284,
    "totalOtherIncomeExpensesNet": 1500000,
    "incomeBeforeTax": 600000,
    "incomeBeforeTaxRatio": 0.028436019,
    "incomeTaxExpense": 100000,
    "netIncome": 500000,
    "netIncomeRatio": 0.0236966825,
    "eps": 0.0009,
    "epsdiluted": 0.0009,
    "weightedAverageShsOut": 580900000,
    "weightedAverageShsOutDil": 580900000,
    "link": null,
    "finalLink": null
  }
]