[
  {
    "date": "2025-06-30",
    "symbol": "AMP",
    "reportedCurrency": "USD",
    "cik": "0000820027",
    "fillingDate": "2025-08-05",
    "acceptedDate": "2025-08-05 15:50:28",
    "calendarYear": "2025",
    "period": "Q2",
    "revenue": 4375000000,
    "costOfRevenue": 0,
    "grossProfit": 4375000000,
    "grossProfitRatio": 1,
    "researchAndDevelopmentExpenses": 0,
    "generalAndAdministrativeExpenses": 947000000,
    "sellingAndMarketingExpenses": 1596000000,
    "sellingGeneralAndAdministrativeExpenses": 2543000000,
    "otherExpenses": 481000000,
    "operatingExpenses": 3024000000,
    "costAndExpenses": 3024000000,
    "interestIncome": 0,
    "interestExpense": 82000000,
    "depreciationAndAmortization": -27000000,
    "ebitda": 1406000000,
    "ebitdaratio": 0.3213714286,
    "operatingIncome": 1351000000,
    "operatingIncomeRatio": 0.3088,
    "totalOtherIncomeExpensesNet": 0,
    "incomeBeforeTax": 1351000000,
    "incomeBeforeTaxRatio": 0.3088,
    "incomeTaxExpense": 291000000,
    "netIncome": 1060000000,
    "netIncomeRatio": 0.2422857143,
    "eps": 10.88,
    "epsdiluted": 10.73,
    "weightedAverageShsOut": 97400000,
    "weightedAverageShsOutDil": 98800000,
    "link": "https://www.sec.gov/Archives/edgar/data/820027/000082002725000066/0000820027-25-000066-index.htm",
    "finalLink": "https://www.sec.gov/Archives/edgar/data/820027/000082002725000066/amp-20250630.htm"
  },
  {
    "date": "2025-03-31",
    "symbol": "AMP",
    "reportedCurrency": "USD",
    "cik": "0000820027",
    "fillingDate": "2025-05-02",
    "acceptedDate": "2025-05-02 14:16:59",
    "calendarYear": "2025",
    "period": "Q1",
    "revenue": 4354000000,
    "costOfRevenue": 0,
    "grossProfit": 4354000000,
    "grossProfitRatio": 1,
    "researchAndDevelopmentExpenses": 0,
    "generalAndAdministrativeExpenses": 916000000,
    "sellingAndMarketingExpenses": 1612000000,
    "sellingGeneralAndAdministrativeExpenses": 2528000000,
    "otherExpenses": 1139000000,
    "operatingExpenses": 3667000000,
    "costAndExpenses": 3667000000,
    "interestIncome": 0,
    "interestExpense": 80000000,
    "depreciationAndAmortization": -27000000,
    "ebitda": 740000000,
    "ebitdaratio": 0.1699586587,
    "operatingIncome": 687000000,
    "operatingIncomeRatio": 0.157785944,
    "totalOtherIncomeExpensesNet": 0,
    "incomeBeforeTax": 687000000,
    "incomeBeforeTaxRatio": 0.157785944,
    "incomeTaxExpense": 104000000,
    "netIncome": 583000000,
    "netIncomeRatio": 0.1338998622,
    "eps": 5.92,
    "epsdiluted": 5.83,
    "weightedAverageShsOut": 98500000,
    "weightedAverageShsOutDil": 100000000,
    "link": "https://www.sec.gov/Archives/edgar/data/820027/000082002725000048/0000820027-25-000048-index.htm",
    "finalLink": "https://www.sec.gov/Archives/edgar/data/820027/000082002725000048/amp-20250331.htm"
  },
  {
    "date": "2024-12-31",
    "symbol": "AMP",
    "reportedCurrency": "USD",
    "cik": "0000820027",
    "fillingDate": "2025-02-20",
    "acceptedDate": "2025-02-20 15:49:46",
    "calendarYear": "2024",
    "period": "Q4",
    "revenue": 4501000000,
    "costOfRevenue": 0,
    "grossProfit": 4501000000,
    "grossProfitRatio": 1,
    "researchAndDevelopmentExpenses": 0,
    "generalAndAdministrativeExpenses": 1011000000,
    "sellingAndMarketingExpenses": 1616000000,
    "sellingGeneralAndAdministrativeExpenses": 2627000000,
    "otherExpenses": 522000000,
    "operatingExpenses": 3149000000,
    "costAndExpenses": 3149000000,
    "interestIncome": 0,
    "interestExpense": 77000000,
    "depreciationAndAmortization": -34000000,
    "ebitda": 1395000000,
    "ebitdaratio": 0.3099311264,
    "operatingIncome": 1352000000,
    "operatingIncomeRatio": 0.3003776938,
    "totalOtherIncomeExpensesNet": 0,
    "incomeBeforeTax": 1352000000,
    "incomeBeforeTaxRatio": 0.3003776938,
    "incomeTaxExpense": 281000000,
    "netIncome": 1071000000,
    "netIncomeRatio": 0.2379471229,
    "eps": 10.8,
    "epsdiluted": 10.58,
    "weightedAverageShsOut": 99200000,
    "weightedAverageShsOutDil": 101200000,
    "link": "https://www.sec.gov/Archives/edgar/data/820027/000082002725000013/0000820027-25-000013-index.htm",
    "finalLink": "https://www.sec.gov/Archives/edgar/data/820027/000082002725000013/amp-20241231.htm"
  },
  {
    "date": "2024-09-30",
    "symbol": "AMP",
    "reportedCurrency": "USD",
    "cik": "0000820027",
    "fillingDate": "2024-11-01",
    "acceptedDate": "2024-11-01 15:11:55",
    "calendarYear": "2024",
    "period": "Q3",
    "revenue": 4397000000,
    "costOfRevenue": 0,
    "grossProfit": 4397000000,
    "grossProfitRatio": 1,
    "researchAndDevelopmentExpenses": 0,
    "generalAndAdministrativeExpenses": 975000000,
    "sellingAndMarketingExpenses": 1539000000,
    "sellingGeneralAndAdministrativeExpenses": 2514000000,
    "otherExpenses": 1238000000,
    "operatingExpenses": 3752000000,
    "costAndExpenses": 3752000000,
    "interestIncome": 0,
    "interestExpense": 87000000,
    "depreciationAndAmortization": -36000000,
    "ebitda": 696000000,
    "ebitdaratio": 0.158289743,
    "operatingIncome": 645000000,
    "operatingIncomeRatio": 0.1466909256,
    "totalOtherIncomeExpensesNet": 0,
    "incomeBeforeTax": 645000000,
    "incomeBeforeTaxRatio": 0.1466909256,
    "incomeTaxExpense": 134000000,
    "netIncome": 511000000,
    "netIncomeRatio": 0.1162156015,
    "eps": 5.09,
    "epsdiluted": 5,
    "weightedAverageShsOut": 100400000,
    "weightedAverageShsOutDil": 102200000,
    "link": "https://www.sec.gov/Archives/edgar/data/820027/000082002724000094/0000820027-24-000094-index.htm",
    "finalLink": "https://www.sec.gov/Archives/edgar/data/820027/000082002724000094/amp-20240930.htm"
  },
  {
    "date": "2024-06-30",
    "symbol": "AMP",
    "reportedCurrency": "USD",
    "cik": "0000820027",
    "fillingDate": "2024-08-06",
    "acceptedDate": "2024-08-06 15:52:58",
    "calendarYear": "2024",
    "period": "Q2",
    "revenue": 4220000000,
    "costOfRevenue": 0,
    "grossProfit": 4220000000,
    "grossProfitRatio": 1,
    "researchAndDevelopmentExpenses": 0,
    "generalAndAdministrativeExpenses": 957000000,
    "sellingAndMarketingExpenses": 1450000000,
    "sellingGeneralAndAdministrativeExpenses": 2407000000,
    "otherExpenses": 762000000,
    "operatingExpenses": 3169000000,
    "costAndExpenses": 3169000000,
    "interestIncome": 0,
    "interestExpense": 83000000,
    "depreciationAndAmortization": -47000000,
    "ebitda": 1087000000,
    "ebitdaratio": 0.2575829384,
    "operatingIncome": 1051000000,
    "operatingIncomeRatio": 0.2490521327,
    "totalOtherIncomeExpensesNet": 0,
    "incomeBeforeTax": 1051000000,
    "incomeBeforeTaxRatio": 0.2490521327,
    "incomeTaxExpense": 222000000,
    "netIncome": 829000000,
    "netIncomeRatio": 0.1964454976,
    "eps": 8.16,
    "epsdiluted": 8.02,
    "weightedAverageShsOut": 101600000,
    "weightedAverageShsOutDil": 103400000,
    "link": "https://www.sec.gov/Archives/edgar/data/820027/000082002724000079/0000820027-24-000079-index.htm",
    "finalLink": "https://www.sec.gov/Archives/edgar/data/820027/000082002724000079/amp-20240630.htm"
  },
  {
    "date": "2024-03-30",
    "symbol": "AMP",
    "reportedCurrency": "USD",
    "cik": "0000820027",
    "fillingDate": "2024-05-19",
    "acceptedDate": "2024-05-20 15:49:46",
    "calendarYear": "2024",
    "period": "Q1",
    "revenue": 4146000000,
    "costOfRevenue": 0,
    "grossProfit": 4146000000,
    "grossProfitRatio": 1,
    "researchAndDevelopmentExpenses": 0,
    "generalAndAdministrativeExpenses": 960000000,
    "sellingAndMarketingExpenses": 1419000000,
    "sellingGeneralAndAdministrativeExpenses": 2379000000,
    "otherExpenses": 548000000,
    "operatingExpenses": 2927000000,
    "costAndExpenses": 2927000000,
    "interestIncome": 0,
    "interestExpense": 82000000,
    "depreciationAndAmortization": -42000000,
    "ebitda": 1259000000,
    "ebitdaratio": 0.3036661843,
    "operatingIncome": 1219000000,
    "operatingIncomeRatio": 0.2940183309,
    "totalOtherIncomeExpensesNet": 0,
    "incomeBeforeTax": 1219000000,
    "incomeBeforeTaxRatio": 0.2940183309,
    "incomeTaxExpense": 229000000,
    "netIncome": 990000000,
    "netIncomeRatio": 0.2387843705,
    "eps": 9.620000000000001,
    "epsdiluted": 9.449999999999996,
    "weightedAverageShsOut": 101600000,
    "weightedAverageShsOutDil": 103400000,
    "link": null,
    "finalLink": null
  },
  {
    "date": "2023-12-31",
    "symbol": "AMP",
    "reportedCurrency": "USD",
    "cik": "0000820027",
    "fillingDate": "2024-02-22",
    "acceptedDate": "2024-02-22 15:00:04",
    "calendarYear": "2023",
    "period": "Q4",
    "revenue": 3992000000,
    "costOfRevenue": 0,
    "grossProfit": 3992000000,
    "grossProfitRatio": 1,
    "researchAndDevelopmentExpenses": 0,
    "generalAndAdministrativeExpenses": 1017000000,
    "sellingAndMarketingExpenses": 1307000000,
    "sellingGeneralAndAdministrativeExpenses": 2324000000,
    "otherExpenses": 1174000000,
    "operatingExpenses": 3498000000,
    "costAndExpenses": 3498000000,
    "interestIncome": 0,
    "interestExpense": 84000000,
    "depreciationAndAmortization": -40000000,
    "ebitda": 538000000,
    "ebitdaratio": 0.1347695391,
    "operatingIncome": 494000000,
    "operatingIncomeRatio": 0.123747495,
    "totalOtherIncomeExpensesNet": 0,
    "incomeBeforeTax": 494000000,
    "incomeBeforeTaxRatio": 0.123747495,
    "incomeTaxExpense": 117000000,
    "netIncome": 377000000,
    "netIncomeRatio": 0.0944388778,
    "eps": 3.64,
    "epsdiluted": 3.57,
    "weightedAverageShsOut": 103500000,
    "weightedAverageShsOutDil": 105700000,
    "link": "https://www.sec.gov/Archives/edgar/data/820027/000082002724000015/0000820027-24-000015-index.htm",
    "finalLink": "https://www.sec.gov/Archives/edgar/data/820027/000082002724000015/amp-20231231.htm"
  },
  {
    "date": "2023-09-30",
    "symbol": "AMP",
    "reportedCurrency": "USD",
    "cik": "0000820027",
    "fillingDate": "2023-11-02",
    "acceptedDate": "2023-11-02 15:28:44",
    "calendarYear": "2023",
    "period": "Q3",
    "revenue": 3925000000,
    "costOfRevenue": 0,
    "grossProfit": 3925000000,
    "grossProfitRatio": 1,
    "researchAndDevelopmentExpenses": 0,
    "generalAndAdministrativeExpenses": 950000000,
    "sellingAndMarketingExpenses": 1297000000,
    "sellingGeneralAndAdministrativeExpenses": 2247000000,
    "otherExpenses": 561000000,
    "operatingExpenses": 2808000000,
    "costAndExpenses": 2808000000,
    "interestIncome": 0,
    "interestExpense": 84000000,
    "depreciationAndAmortization": -44000000,
    "ebitda": 1157000000,
    "ebitdaratio": 0.2947770701,
    "operatingIncome": 1117000000,
    "operatingIncomeRatio": 0.2845859873,
    "totalOtherIncomeExpensesNet": 0,
    "incomeBeforeTax": 1117000000,
    "incomeBeforeTaxRatio": 0.2845859873,
    "incomeTaxExpense": 245000000,
    "netIncome": 872000000,
    "netIncomeRatio": 0.2221656051,
    "eps": 8.31,
    "epsdiluted": 8.14,
    "weightedAverageShsOut": 104900000,
    "weightedAverageShsOutDil": 107100000,
    "link": "https://www.sec.gov/Archives/edgar/data/820027/000082002723000105/0000820027-23-000105-index.htm",
    "finalLink": "https://www.sec.gov/Archives/edgar/data/820027/000082002723000105/amp-20230930.htm"
  },
  {
    "date": "2023-06-30",
    "symbol": "AMP",
    "reportedCurrency": "USD",
    "cik": "0000820027",
    "fillingDate": "2023-08-08",
    "acceptedDate": "2023-08-08 15:30:49",
    "calendarYear": "2023",
    "period": "Q2",
    "revenue": 3876000000,
    "costOfRevenue": 0,
    "grossProfit": 3876000000,
    "grossProfitRatio": 1,
    "researchAndDevelopmentExpenses": 0,
    "generalAndAdministrativeExpenses": 967000000,
    "sellingAndMarketingExpenses": 1248000000,
    "sellingGeneralAndAdministrativeExpenses": 2215000000,
    "otherExpenses": 534000000,
    "operatingExpenses": 2749000000,
    "costAndExpenses": 2749000000,
    "interestIncome": 0,
    "interestExpense": 84000000,
    "depreciationAndAmortization": -35000000,
    "ebitda": 1176000000,
    "ebitdaratio": 0.3034055728,
    "operatingIncome": 1127000000,
    "operatingIncomeRatio": 0.2907636739,
    "totalOtherIncomeExpensesNet": 0,
    "incomeBeforeTax": 1127000000,
    "incomeBeforeTaxRatio": 0.2907636739,
    "incomeTaxExpense": 237000000,
    "netIncome": 890000000,
    "netIncomeRatio": 0.2296181631,
    "eps": 8.36,
    "epsdiluted": 8.21,
    "weightedAverageShsOut": 106400000,
    "weightedAverageShsOutDil": 108400000,
    "link": "https://www.sec.gov/Archives/edgar/data/820027/000082002723000082/0000820027-23-000082-index.htm",
    "finalLink": "https://www.sec.gov/Archives/edgar/data/820027/000082002723000082/amp-20230630.htm"
  },
  {
    "date": "2023-03-31",
    "symbol": "AMP",
    "reportedCurrency": "USD",
    "cik": "0000820027",
    "fillingDate": "2023-05-02",
    "acceptedDate": "2023-05-02 15:06:34",
    "calendarYear": "2023",
    "period": "Q1",
    "revenue": 3742000000,
    "costOfRevenue": 0,
    "grossProfit": 3742000000,
    "grossProfitRatio": 1,
    "researchAndDevelopmentExpenses": 0,
    "generalAndAdministrativeExpenses": 937000000,
    "sellingAndMarketingExpenses": 1226000000,
    "sellingGeneralAndAdministrativeExpenses": 2163000000,
    "otherExpenses": 1083000000,
    "operatingExpenses": 3246000000,
    "costAndExpenses": 3246000000,
    "interestIncome": 0,
    "interestExpense": 72000000,
    "depreciationAndAmortization": -35000000,
    "ebitda": 533000000,
    "ebitdaratio": 0.1424371994,
    "operatingIncome": 496000000,
    "operatingIncomeRatio": 0.1325494388,
    "totalOtherIncomeExpensesNet": 0,
    "incomeBeforeTax": 496000000,
    "incomeBeforeTaxRatio": 0.1325494388,
    "incomeTaxExpense": 79000000,
    "netIncome": 417000000,
    "netIncomeRatio": 0.1114377338,
    "eps": 3.86,
    "epsdiluted": 3.79,
    "weightedAverageShsOut": 107900000,
    "weightedAverageShsOutDil": 110000000,
    "link": "https://www.sec.gov/Archives/edgar/data/820027/000082002723000067/0000820027-23-000067-index.htm",
    "finalLink": "https://www.sec.gov/Archives/edgar/data/820027/000082002723000067/amp-20230331.htm"
  },
  {
    "date": "2022-12-31",
    "symbol": "AMP",
    "reportedCurrency": "USD",
    "cik": "0000820027",
    "fillingDate": "2023-02-23",
    "acceptedDate": "2023-02-23 16:07:25",
    "calendarYear": "2022",
    "period": "Q4",
    "revenue": 3617000000,
    "costOfRevenue": 0,
    "grossProfit": 3617000000,
    "grossProfitRatio": 1,
    "researchAndDevelopmentExpenses": 0,
    "generalAndAdministrativeExpenses": 957000000,
    "sellingAndMarketingExpenses": 1195000000,
    "sellingGeneralAndAdministrativeExpenses": 2152000000,
    "otherExpenses": 846000000,
    "operatingExpenses": 2998000000,
    "costAndExpenses": 2998000000,
    "interestIncome": 0,
    "interestExpense": 62000000,
    "depreciationAndAmortization": -29000000,
    "ebitda": 652000000,
    "ebitdaratio": 0.1802598839,
    "operatingIncome": 619000000,
    "operatingIncomeRatio": 0.1711363008,
    "totalOtherIncomeExpensesNet": 0,
    "incomeBeforeTax": 619000000,
    "incomeBeforeTaxRatio": 0.1711363008,
    "incomeTaxExpense": 125000000,
    "netIncome": 494000000,
    "netIncomeRatio": 0.136577274,
    "eps": 4.54,
    "epsdiluted": 4.43,
    "weightedAverageShsOut": 108900000,
    "weightedAverageShsOutDil": 111400000,
    "link": "https://www.sec.gov/Archives/edgar/data/820027/000082002723000014/0000820027-23-000014-index.htm",
    "finalLink": "https://www.sec.gov/Archives/edgar/data/820027/000082002723000014/amp-20221231.htm"
  },
  {
    "date": "2022-09-30",
    "symbol": "AMP",
    "reportedCurrency": "USD",
    "cik": "0000820027",
    "fillingDate": "2022-11-02",
    "acceptedDate": "2022-11-02 15:22:59",
    "calendarYear": "2022",
    "period": "Q3",
    "revenue": 3484000000,
    "costOfRevenue": 0,
    "grossProfit": 3484000000,
    "grossProfitRatio": 1,
    "researchAndDevelopmentExpenses": 0,
    "generalAndAdministrativeExpenses": 925000000,
    "sellingAndMarketingExpenses": 1198000000,
    "sellingGeneralAndAdministrativeExpenses": 2123000000,
    "otherExpenses": 26000000,
    "operatingExpenses": 2149000000,
    "costAndExpenses": 2149000000,
    "interestIncome": 0,
    "interestExpense": 52000000,
    "depreciationAndAmortization": -7000000,
    "ebitda": 1380000000,
    "ebitdaratio": 0.3960964409,
    "operatingIncome": 1335000000,
    "operatingIncomeRatio": 0.3831802526,
    "totalOtherIncomeExpensesNet": 0,
    "incomeBeforeTax": 1335000000,
    "incomeBeforeTaxRatio": 0.3831802526,
    "incomeTaxExpense": 274000000,
    "netIncome": 1061000000,
    "netIncomeRatio": 0.3045350172,
    "eps": 9.6,
    "epsdiluted": 9.41,
    "weightedAverageShsOut": 110500000,
    "weightedAverageShsOutDil": 112700000,
    "link": "https://www.sec.gov/Archives/edgar/data/820027/000082002722000088/0000820027-22-000088-index.htm",
    "finalLink": "https://www.sec.gov/Archives/edgar/data/820027/000082002722000088/amp-20220930.htm"
  },
  {
    "date": "2022-06-30",
    "symbol": "AMP",
    "reportedCurrency": "USD",
    "cik": "0000820027",
    "fillingDate": "2022-08-01",
    "acceptedDate": "2022-08-01 15:57:12",
    "calendarYear": "2022",
    "period": "Q2",
    "revenue": 3486000000,
    "costOfRevenue": 0,
    "grossProfit": 3486000000,
    "grossProfitRatio": 1,
    "researchAndDevelopmentExpenses": 0,
    "generalAndAdministrativeExpenses": 894000000,
    "sellingAndMarketingExpenses": 1239000000,
    "sellingGeneralAndAdministrativeExpenses": 2133000000,
    "otherExpenses": 580000000,
    "operatingExpenses": 2713000000,
    "costAndExpenses": 2713000000,
    "interestIncome": 0,
    "interestExpense": 44000000,
    "depreciationAndAmortization": 8000000,
    "ebitda": 825000000,
    "ebitdaratio": 0.2366609294,
    "operatingIncome": 773000000,
    "operatingIncomeRatio": 0.2217441193,
    "totalOtherIncomeExpensesNet": 0,
    "incomeBeforeTax": 773000000,
    "incomeBeforeTaxRatio": 0.2217441193,
    "incomeTaxExpense": 159000000,
    "netIncome": 614000000,
    "netIncomeRatio": 0.1761331038,
    "eps": 5.47,
    "epsdiluted": 5.37,
    "weightedAverageShsOut": 112300000,
    "weightedAverageShsOutDil": 114400000,
    "link": "https://www.sec.gov/Archives/edgar/data/820027/000082002722000070/0000820027-22-000070-index.htm",
    "finalLink": "https://www.sec.gov/Archives/edgar/data/820027/000082002722000070/amp-20220630.htm"
  },
  {
    "date": "2022-03-31",
    "symbol": "AMP",
    "reportedCurrency": "USD",
    "cik": "0000820027",
    "fillingDate": "2022-05-02",
    "acceptedDate": "2022-05-02 15:43:32",
    "calendarYear": "2022",
    "period": "Q1",
    "revenue": 3625000000,
    "costOfRevenue": 0,
    "grossProfit": 3625000000,
    "grossProfitRatio": 1,
    "researchAndDevelopmentExpenses": 0,
    "generalAndAdministrativeExpenses": 947000000,
    "sellingAndMarketingExpenses": 1300000000,
    "sellingGeneralAndAdministrativeExpenses": 2247000000,
    "otherExpenses": 372000000,
    "operatingExpenses": 2619000000,
    "costAndExpenses": 2619000000,
    "interestIncome": 0,
    "interestExpense": 40000000,
    "depreciationAndAmortization": -12000000,
    "ebitda": 1034000000,
    "ebitdaratio": 0.2852413793,
    "operatingIncome": 1006000000,
    "operatingIncomeRatio": 0.2775172414,
    "totalOtherIncomeExpensesNet": 0,
    "incomeBeforeTax": 1006000000,
    "incomeBeforeTaxRatio": 0.2775172414,
    "incomeTaxExpense": 181000000,
    "netIncome": 825000000,
    "netIncomeRatio": 0.2275862069,
    "eps": 7.26,
    "epsdiluted": 7.1,
    "weightedAverageShsOut": 113700000,
    "weightedAverageShsOutDil": 116200000,
    "link": "https://www.sec.gov/Archives/edgar/data/820027/000082002722000053/0000820027-22-000053-index.htm",
    "finalLink": "https://www.sec.gov/Archives/edgar/data/820027/000082002722000053/amp-20220331.htm"
  },
  {
    "date": "2021-12-31",
    "symbol": "AMP",
    "reportedCurrency": "USD",
    "cik": "0000820027",
    "fillingDate": "2022-02-25",
    "acceptedDate": "2022-02-25 13:55:27",
    "calendarYear": "2021",
    "period": "Q4",
    "revenue": 3760000000,
    "costOfRevenue": 0,
    "grossProfit": 3760000000,
    "grossProfitRatio": 1,
    "researchAndDevelopmentExpenses": 0,
    "generalAndAdministrativeExpenses": 960000000,
    "sellingAndMarketingExpenses": 1322000000,
    "sellingGeneralAndAdministrativeExpenses": 2282000000,
    "otherExpenses": 612000000,
    "operatingExpenses": 2894000000,
    "costAndExpenses": 2894000000,
    "interestIncome": 0,
    "interestExpense": 42000000,
    "depreciationAndAmortization": 3000000,
    "ebitda": 911000000,
    "ebitdaratio": 0.242287234,
    "operatingIncome": 866000000,
    "operatingIncomeRatio": 0.2303191489,
    "totalOtherIncomeExpensesNet": 0,
    "incomeBeforeTax": 866000000,
    "incomeBeforeTaxRatio": 0.2303191489,
    "incomeTaxExpense": 165000000,
    "netIncome": 701000000,
    "netIncomeRatio": 0.1864361702,
    "eps": 6.12,
    "epsdiluted": 5.96,
    "weightedAverageShsOut": 114600000,
    "weightedAverageShsOutDil": 117600000,
    "link": "https://www.sec.gov/Archives/edgar/data/820027/000082002722000016/0000820027-22-000016-index.htm",
    "finalLink": "https://www.sec.gov/Archives/edgar/data/820027/000082002722000016/amp-20211231.htm"
  },
  {
    "date": "2021-09-30",
    "symbol": "AMP",
    "reportedCurrency": "USD",
    "cik": "0000820027",
    "fillingDate": "2021-11-09",
    "acceptedDate": "2021-11-09 14:10:44",
    "calendarYear": "2021",
    "period": "Q3",
    "revenue": 2903000000,
    "costOfRevenue": 0,
    "grossProfit": 2903000000,
    "grossProfitRatio": 1,
    "researchAndDevelopmentExpenses": 0,
    "generalAndAdministrativeExpenses": 822000000,
    "sellingAndMarketingExpenses": 1285000000,
    "sellingGeneralAndAdministrativeExpenses": 2107000000,
    "otherExpenses": -474000000,
    "operatingExpenses": 1633000000,
    "costAndExpenses": 1633000000,
    "interestIncome": 0,
    "interestExpense": 64000000,
    "depreciationAndAmortization": -25000000,
    "ebitda": 1309000000,
    "ebitdaratio": 0.4509128488,
    "operatingIncome": 1270000000,
    "operatingIncomeRatio": 0.4374784705,
    "totalOtherIncomeExpensesNet": 0,
    "incomeBeforeTax": 1270000000,
    "incomeBeforeTaxRatio": 0.4374784705,
    "incomeTaxExpense": 239000000,
    "netIncome": 1031000000,
    "netIncomeRatio": 0.355149845,
    "eps": 8.86,
    "epsdiluted": 8.65,
    "weightedAverageShsOut": 116400000,
    "weightedAverageShsOutDil": 119200000,
    "link": "https://www.sec.gov/Archives/edgar/data/820027/000082002721000099/0000820027-21-000099-index.htm",
    "finalLink": "https://www.sec.gov/Archives/edgar/data/820027/000082002721000099/amp-20210930.htm"
  },
  {
    "date": "2021-06-30",
    "symbol": "AMP",
    "reportedCurrency": "USD",
    "cik": "0000820027",
    "fillingDate": "2021-08-09",
    "acceptedDate": "2021-08-09 14:26:27",
    "calendarYear": "2021",
    "period": "Q2",
    "revenue": 3418000000,
    "costOfRevenue": 0,
    "grossProfit": 3418000000,
    "grossProfitRatio": 1,
    "researchAndDevelopmentExpenses": 0,
    "generalAndAdministrativeExpenses": 830000000,
    "sellingAndMarketingExpenses": 1233000000,
    "sellingGeneralAndAdministrativeExpenses": 2063000000,
    "otherExpenses": 634000000,
    "operatingExpenses": 2697000000,
    "costAndExpenses": 2697000000,
    "interestIncome": 0,
    "interestExpense": 43000000,
    "depreciationAndAmortization": 60000000,
    "ebitda": 824000000,
    "ebitdaratio": 0.241076653,
    "operatingIncome": 721000000,
    "operatingIncomeRatio": 0.2109420714,
    "totalOtherIncomeExpensesNet": 0,
    "incomeBeforeTax": 721000000,
    "incomeBeforeTaxRatio": 0.2109420714,
    "incomeTaxExpense": 130000000,
    "netIncome": 591000000,
    "netIncomeRatio": 0.1729081334,
    "eps": 4.99,
    "epsdiluted": 4.88,
    "weightedAverageShsOut": 118400000,
    "weightedAverageShsOutDil": 121200000,
    "link": "https://www.sec.gov/Archives/edgar/data/820027/000082002721000075/0000820027-21-000075-index.htm",
    "finalLink": "https://www.sec.gov/Archives/edgar/data/820027/000082002721000075/amp-20210630.htm"
  },
  {
    "date": "2021-03-31",
    "symbol": "AMP",
    "reportedCurrency": "USD",
    "cik": "0000820027",
    "fillingDate": "2021-05-10",
    "acceptedDate": "2021-05-10 15:21:41",
    "calendarYear": "2021",
    "period": "Q1",
    "revenue": 3350000000,
    "costOfRevenue": 0,
    "grossProfit": 3350000000,
    "grossProfitRatio": 1,
    "researchAndDevelopmentExpenses": 0,
    "generalAndAdministrativeExpenses": 823000000,
    "sellingAndMarketingExpenses": 1175000000,
    "sellingGeneralAndAdministrativeExpenses": 1998000000,
    "otherExpenses": 859000000,
    "operatingExpenses": 2857000000,
    "costAndExpenses": 2857000000,
    "interestIncome": 0,
    "interestExpense": 42000000,
    "depreciationAndAmortization": 60000000,
    "ebitda": 595000000,
    "ebitdaratio": 0.1776119403,
    "operatingIncome": 493000000,
    "operatingIncomeRatio": 0.1471641791,
    "totalOtherIncomeExpensesNet": 0,
    "incomeBeforeTax": 493000000,
    "incomeBeforeTaxRatio": 0.1471641791,
    "incomeTaxExpense": 56000000,
    "netIncome": 437000000,
    "netIncomeRatio": 0.1304477612,
    "eps": 3.65,
    "epsdiluted": 3.58,
    "weightedAverageShsOut": 119800000,
    "weightedAverageShsOutDil": 122200000,
    "link": "https://www.sec.gov/Archives/edgar/data/820027/000082002721000058/0000820027-21-000058-index.htm",
    "finalLink": "https://www.sec.gov/Archives/edgar/data/820027/000082002721000058/amp-20210331.htm"
  },
  {
    "date": "2020-12-31",
    "symbol": "AMP",
    "reportedCurrency": "USD",
    "cik": "0000820027",
    "fillingDate": "2021-02-24",
    "acceptedDate": "2021-02-24 15:26:03",
    "calendarYear": "2020",
    "period": "Q4",
    "revenue": 3183000000,
    "costOfRevenue": 0,
    "grossProfit": 3183000000,
    "grossProfitRatio": 1,
    "researchAndDevelopmentExpenses": 0,
    "generalAndAdministrativeExpenses": 828000000,
    "sellingAndMarketingExpenses": 1096000000,
    "sellingGeneralAndAdministrativeExpenses": 1924000000,
    "otherExpenses": 1069000000,
    "operatingExpenses": 2993000000,
    "costAndExpenses": 2993000000,
    "interestIncome": 0,
    "interestExpense": 38000000,
    "depreciationAndAmortization": 57000000,
    "ebitda": 285000000,
    "ebitdaratio": 0.0895381715,
    "operatingIncome": 190000000,
    "operatingIncomeRatio": 0.0596921144,
    "totalOtherIncomeExpensesNet": 0,
    "incomeBeforeTax": 190000000,
    "incomeBeforeTaxRatio": 0.0596921144,
    "incomeTaxExpense": 13000000,
    "netIncome": 177000000,
    "netIncomeRatio": 0.0556079171,
    "eps": 0,
    "epsdiluted": 0,
    "weightedAverageShsOut": 119800000,
    "weightedAverageShsOutDil": 122200000,
    "link": "https://www.sec.gov/Archives/edgar/data/820027/000082002721000012/0000820027-21-000012-index.htm",
    "finalLink": "https://www.sec.gov/Archives/edgar/data/820027/000082002721000012/amp-20201231.htm"
  },
  {
    "date": "2020-09-30",
    "symbol": "AMP",
    "reportedCurrency": "USD",
    "cik": "0000820027",
    "fillingDate": "2020-11-09",
    "acceptedDate": "2020-11-09 15:43:47",
    "calendarYear": "2020",
    "period": "Q3",
    "revenue": 3003000000,
    "costOfRevenue": 0,
    "grossProfit": 3003000000,
    "grossProfitRatio": 1,
    "researchAndDevelopmentExpenses": 0,
    "generalAndAdministrativeExpenses": 763000000,
    "sellingAndMarketingExpenses": 1028000000,
    "sellingGeneralAndAdministrativeExpenses": 1791000000,
    "otherExpenses": 1396000000,
    "operatingExpenses": 3187000000,
    "costAndExpenses": 3187000000,
    "interestIncome": 0,
    "interestExpense": 37000000,
    "depreciationAndAmortization": 54000000,
    "ebitda": -93000000,
    "ebitdaratio": -0.030969031,
    "operatingIncome": -184000000,
    "operatingIncomeRatio": -0.0612720613,
    "totalOtherIncomeExpensesNet": 0,
    "incomeBeforeTax": -184000000,
    "incomeBeforeTaxRatio": -0.0612720613,
    "incomeTaxExpense": -44000000,
    "netIncome": -140000000,
    "netIncomeRatio": -0.0466200466,
    "eps": -1.14,
    "epsdiluted": -1.14,
    "weightedAverageShsOut": 123000000,
    "weightedAverageShsOutDil": 124900000,
    "link": "https://www.sec.gov/Archives/edgar/data/820027/000082002720000074/0000820027-20-000074-index.htm",
    "finalLink": "https://www.sec.gov/Archives/edgar/data/820027/000082002720000074/amp-20200930.htm"
  },
  {
    "date": "2020-06-30",
    "symbol": "AMP",
    "reportedCurrency": "USD",
    "cik": "0000820027",
    "fillingDate": "2020-08-10",
    "acceptedDate": "2020-08-10 16:55:25",
    "calendarYear": "2020",
    "period": "Q2",
    "revenue": 2712000000,
    "costOfRevenue": 0,
    "grossProfit": 2712000000,
    "grossProfitRatio": 1,
    "researchAndDevelopmentExpenses": 0,
    "generalAndAdministrativeExpenses": 776000000,
    "sellingAndMarketingExpenses": 940000000,
    "sellingGeneralAndAdministrativeExpenses": 1716000000,
    "otherExpenses": 1522000000,
    "operatingExpenses": 3238000000,
    "costAndExpenses": 3238000000,
    "interestIncome": 0,
    "interestExpense": 41000000,
    "depreciationAndAmortization": 49000000,
    "ebitda": -436000000,
    "ebitdaratio": -0.1607669617,
    "operatingIncome": -526000000,
    "operatingIncomeRatio": -0.1939528024,
    "totalOtherIncomeExpensesNet": 0,
    "incomeBeforeTax": -526000000,
    "incomeBeforeTaxRatio": -0.1939528024,
    "incomeTaxExpense": 13000000,
    "netIncome": -539000000,
    "netIncomeRatio": -0.1987463127,
    "eps": -4.31,
    "epsdiluted": -4.31,
    "weightedAverageShsOut": 125000000,
    "weightedAverageShsOutDil": 126200000,
    "link": "https://www.sec.gov/Archives/edgar/data/820027/000082002720000064/0000820027-20-000064-index.htm",
    "finalLink": "https://www.sec.gov/Archives/edgar/data/820027/000082002720000064/amp-20200630.htm"
  },
  {
    "date": "2020-03-31",
    "symbol": "AMP",
    "reportedCurrency": "USD",
    "cik": "0000820027",
    "fillingDate": "2020-05-11",
    "acceptedDate": "2020-05-11 15:58:40",
    "calendarYear": "2020",
    "period": "Q1",
    "revenue": 3001000000,
    "costOfRevenue": 0,
    "grossProfit": 3001000000,
    "grossProfitRatio": 1,
    "researchAndDevelopmentExpenses": 0,
    "generalAndAdministrativeExpenses": 753000000,
    "sellingAndMarketingExpenses": 995000000,
    "sellingGeneralAndAdministrativeExpenses": 1748000000,
    "otherExpenses": -1098000000,
    "operatingExpenses": 650000000,
    "costAndExpenses": 650000000,
    "interestIncome": 0,
    "interestExpense": 46000000,
    "depreciationAndAmortization": 47000000,
    "ebitda": 2444000000,
    "ebitdaratio": 0.8143952016,
    "operatingIncome": 2351000000,
    "operatingIncomeRatio": 0.7834055315,
    "totalOtherIncomeExpensesNet": 0,
    "incomeBeforeTax": 2351000000,
    "incomeBeforeTaxRatio": 0.7834055315,
    "incomeTaxExpense": 315000000,
    "netIncome": 2036000000,
    "netIncomeRatio": 0.6784405198,
    "eps": 16.11,
    "epsdiluted": 15.88,
    "weightedAverageShsOut": 126400000,
    "weightedAverageShsOutDil": 128200000,
    "link": "https://www.sec.gov/Archives/edgar/data/820027/000082002720000042/0000820027-20-000042-index.htm",
    "finalLink": "https://www.sec.gov/Archives/edgar/data/820027/000082002720000042/amp03312020.htm"
  },
  {
    "date": "2019-12-31",
    "symbol": "AMP",
    "reportedCurrency": "USD",
    "cik": "0000820027",
    "fillingDate": "2020-02-26",
    "acceptedDate": "2020-02-26 16:25:43",
    "calendarYear": "2019",
    "period": "Q4",
    "revenue": 3074000000,
    "costOfRevenue": 0,
    "grossProfit": 3074000000,
    "grossProfitRatio": 1,
    "researchAndDevelopmentExpenses": 0,
    "generalAndAdministrativeExpenses": 839000000,
    "sellingAndMarketingExpenses": 991000000,
    "sellingGeneralAndAdministrativeExpenses": 1830000000,
    "otherExpenses": 710000000,
    "operatingExpenses": 2540000000,
    "costAndExpenses": 2540000000,
    "interestIncome": 0,
    "interestExpense": 50000000,
    "depreciationAndAmortization": 51000000,
    "ebitda": 635000000,
    "ebitdaratio": 0.2065712427,
    "operatingIncome": 534000000,
    "operatingIncomeRatio": 0.1737150293,
    "totalOtherIncomeExpensesNet": 0,
    "incomeBeforeTax": 534000000,
    "incomeBeforeTaxRatio": 0.1737150293,
    "incomeTaxExpense": 71000000,
    "netIncome": 463000000,
    "netIncomeRatio": 0.1506180872,
    "eps": 3.59,
    "epsdiluted": 3.53,
    "weightedAverageShsOut": 129000000,
    "weightedAverageShsOutDil": 131300000,
    "link": "https://www.sec.gov/Archives/edgar/data/820027/000082002720000010/0000820027-20-000010-index.htm",
    "finalLink": "https://www.sec.gov/Archives/edgar/data/820027/000082002720000010/amp12312019.htm"
  },
  {
    "date": "2019-09-30",
    "symbol": "AMP",
    "reportedCurrency": "USD",
    "cik": "0000820027",
    "fillingDate": "2019-11-12",
    "acceptedDate": "2019-11-12 12:27:30",
    "calendarYear": "2019",
    "period": "Q3",
    "revenue": 3317000000,
    "costOfRevenue": 0,
    "grossProfit": 3317000000,
    "grossProfitRatio": 1,
    "researchAndDevelopmentExpenses": 0,
    "generalAndAdministrativeExpenses": 820000000,
    "sellingAndMarketingExpenses": 971000000,
    "sellingGeneralAndAdministrativeExpenses": 1791000000,
    "otherExpenses": 885000000,
    "operatingExpenses": 2676000000,
    "costAndExpenses": 2676000000,
    "interestIncome": 0,
    "interestExpense": 52000000,
    "depreciationAndAmortization": 41000000,
    "ebitda": 734000000,
    "ebitdaratio": 0.221284293,
    "operatingIncome": 641000000,
    "operatingIncomeRatio": 0.1932469099,
    "totalOtherIncomeExpensesNet": 0,
    "incomeBeforeTax": 641000000,
    "incomeBeforeTaxRatio": 0.1932469099,
    "incomeTaxExpense": 98000000,
    "netIncome": 543000000,
    "netIncomeRatio": 0.1637021405,
    "eps": 4.09,
    "epsdiluted": 4.04,
    "weightedAverageShsOut": 132700000,
    "weightedAverageShsOutDil": 134500000,
    "link": "https://www.sec.gov/Archives/edgar/data/820027/000082002719000077/0000820027-19-000077-index.htm",
    "finalLink": "https://www.sec.gov/Archives/edgar/data/820027/000082002719000077/amp09302019.htm"
  },
  {
    "date": "2019-06-30",
    "symbol": "AMP",
    "reportedCurrency": "USD",
    "cik": "0000820027",
    "fillingDate": "2019-08-05",
    "acceptedDate": "2019-08-05 12:45:45",
    "calendarYear": "2019",
    "period": "Q2",
    "revenue": 3245000000,
    "costOfRevenue": 0,
    "grossProfit": 3245000000,
    "grossProfitRatio": 1,
    "researchAndDevelopmentExpenses": 0,
    "generalAndAdministrativeExpenses": 823000000,
    "sellingAndMarketingExpenses": 948000000,
    "sellingGeneralAndAdministrativeExpenses": 1771000000,
    "otherExpenses": 887000000,
    "operatingExpenses": 2658000000,
    "costAndExpenses": 2658000000,
    "interestIncome": 0,
    "interestExpense": 59000000,
    "depreciationAndAmortization": 45000000,
    "ebitda": 691000000,
    "ebitdaratio": 0.2129429892,
    "operatingIncome": 587000000,
    "operatingIncomeRatio": 0.1808936826,
    "totalOtherIncomeExpensesNet": 0,
    "incomeBeforeTax": 587000000,
    "incomeBeforeTaxRatio": 0.1808936826,
    "incomeTaxExpense": 95000000,
    "netIncome": 492000000,
    "netIncomeRatio": 0.1516178737,
    "eps": 3.61,
    "epsdiluted": 3.57,
    "weightedAverageShsOut": 136100000,
    "weightedAverageShsOutDil": 138000000,
    "link": "https://www.sec.gov/Archives/edgar/data/820027/000082002719000062/0000820027-19-000062-index.htm",
    "finalLink": "https://www.sec.gov/Archives/edgar/data/820027/000082002719000062/amp06302019.htm"
  },
  {
    "date": "2019-03-31",
    "symbol": "AMP",
    "reportedCurrency": "USD",
    "cik": "0000820027",
    "fillingDate": "2019-05-01",
    "acceptedDate": "2019-05-01 16:17:57",
    "calendarYear": "2019",
    "period": "Q1",
    "revenue": 3118000000,
    "costOfRevenue": 0,
    "grossProfit": 3118000000,
    "grossProfitRatio": 1,
    "researchAndDevelopmentExpenses": 0,
    "generalAndAdministrativeExpenses": 805000000,
    "sellingAndMarketingExpenses": 900000000,
    "sellingGeneralAndAdministrativeExpenses": 1705000000,
    "otherExpenses": 943000000,
    "operatingExpenses": 2648000000,
    "costAndExpenses": 2648000000,
    "interestIncome": 0,
    "interestExpense": 53000000,
    "depreciationAndAmortization": 46000000,
    "ebitda": 569000000,
    "ebitdaratio": 0.1824887749,
    "operatingIncome": 470000000,
    "operatingIncomeRatio": 0.1507376523,
    "totalOtherIncomeExpensesNet": 0,
    "incomeBeforeTax": 470000000,
    "incomeBeforeTaxRatio": 0.1507376523,
    "incomeTaxExpense": 75000000,
    "netIncome": 395000000,
    "netIncomeRatio": 0.1266837716,
    "eps": 2.85,
    "epsdiluted": 2.82,
    "weightedAverageShsOut": 138800000,
    "weightedAverageShsOutDil": 140100000,
    "link": "https://www.sec.gov/Archives/edgar/data/820027/000082002719000046/0000820027-19-000046-index.htm",
    "finalLink": "https://www.sec.gov/Archives/edgar/data/820027/000082002719000046/amp03312019.htm"
  },
  {
    "date": "2018-12-31",
    "symbol": "AMP",
    "reportedCurrency": "USD",
    "cik": "0000820027",
    "fillingDate": "2019-02-27",
    "acceptedDate": "2019-02-26 17:58:54",
    "calendarYear": "2018",
    "period": "Q4",
    "revenue": 3179000000,
    "costOfRevenue": 0,
    "grossProfit": 3179000000,
    "grossProfitRatio": 1,
    "researchAndDevelopmentExpenses": 0,
    "generalAndAdministrativeExpenses": 792000000,
    "sellingAndMarketingExpenses": 910000000,
    "sellingGeneralAndAdministrativeExpenses": 1702000000,
    "otherExpenses": 825000000,
    "operatingExpenses": 2527000000,
    "costAndExpenses": 2527000000,
    "interestIncome": 0,
    "interestExpense": 64000000,
    "depreciationAndAmortization": 46000000,
    "ebitda": 762000000,
    "ebitdaratio": 0.2396980182,
    "operatingIncome": 652000000,
    "operatingIncomeRatio": 0.2050959421,
    "totalOtherIncomeExpensesNet": 0,
    "incomeBeforeTax": 652000000,
    "incomeBeforeTaxRatio": 0.2050959421,
    "incomeTaxExpense": 113000000,
    "netIncome": 539000000,
    "netIncomeRatio": 0.169550173,
    "eps": 3.81,
    "epsdiluted": 3.76,
    "weightedAverageShsOut": 141500000,
    "weightedAverageShsOutDil": 143200000,
    "link": "https://www.sec.gov/Archives/edgar/data/820027/000082002719000010/0000820027-19-000010-index.htm",
    "finalLink": "https://www.sec.gov/Archives/edgar/data/820027/000082002719000010/amp12312018.htm"
  },
  {
    "date": "2018-09-30",
    "symbol": "AMP",
    "reportedCurrency": "USD",
    "cik": "0000820027",
    "fillingDate": "2018-11-05",
    "acceptedDate": "2018-11-05 15:02:29",
    "calendarYear": "2018",
    "period": "Q3",
    "revenue": 3292000000,
    "costOfRevenue": 0,
    "grossProfit": 3292000000,
    "grossProfitRatio": 1,
    "researchAndDevelopmentExpenses": 0,
    "generalAndAdministrativeExpenses": 802000000,
    "sellingAndMarketingExpenses": 920000000,
    "sellingGeneralAndAdministrativeExpenses": 1722000000,
    "otherExpenses": 982000000,
    "operatingExpenses": 2704000000,
    "costAndExpenses": 2704000000,
    "interestIncome": 0,
    "interestExpense": 50000000,
    "depreciationAndAmortization": 45000000,
    "ebitda": 683000000,
    "ebitdaratio": 0.207472661,
    "operatingIncome": 588000000,
    "operatingIncomeRatio": 0.1786148238,
    "totalOtherIncomeExpensesNet": 0,
    "incomeBeforeTax": 588000000,
    "incomeBeforeTaxRatio": 0.1786148238,
    "incomeTaxExpense": 85000000,
    "netIncome": 503000000,
    "netIncomeRatio": 0.1527946537,
    "eps": 3.48,
    "epsdiluted": 3.43,
    "weightedAverageShsOut": 144400000,
    "weightedAverageShsOutDil": 146500000,
    "link": "https://www.sec.gov/Archives/edgar/data/820027/000082002718000076/0000820027-18-000076-index.htm",
    "finalLink": "https://www.sec.gov/Archives/edgar/data/820027/000082002718000076/amp09302018.htm"
  },
  {
    "date": "2018-06-30",
    "symbol": "AMP",
    "reportedCurrency": "USD",
    "cik": "0000820027",
    "fillingDate": "2018-08-06",
    "acceptedDate": "2018-08-06 16:22:43",
    "calendarYear": "2018",
    "period": "Q2",
    "revenue": 3196000000,
    "costOfRevenue": 0,
    "grossProfit": 3196000000,
    "grossProfitRatio": 1,
    "researchAndDevelopmentExpenses": 0,
    "generalAndAdministrativeExpenses": 788000000,
    "sellingAndMarketingExpenses": 902000000,
    "sellingGeneralAndAdministrativeExpenses": 1690000000,
    "otherExpenses": 958000000,
    "operatingExpenses": 2648000000,
    "costAndExpenses": 2648000000,
    "interestIncome": 0,
    "interestExpense": 80000000,
    "depreciationAndAmortization": 51000000,
    "ebitda": 679000000,
    "ebitdaratio": 0.2124530663,
    "operatingIncome": 548000000,
    "operatingIncomeRatio": 0.1714643304,
    "totalOtherIncomeExpensesNet": 0,
    "incomeBeforeTax": 548000000,
    "incomeBeforeTaxRatio": 0.1714643304,
    "incomeTaxExpense": 86000000,
    "netIncome": 462000000,
    "netIncomeRatio": 0.1445556946,
    "eps": 3.14,
    "epsdiluted": 3.1,
    "weightedAverageShsOut": 147000000,
    "weightedAverageShsOutDil": 149000000,
    "link": "https://www.sec.gov/Archives/edgar/data/820027/000082002718000055/0000820027-18-000055-index.htm",
    "finalLink": "https://www.sec.gov/Archives/edgar/data/820027/000082002718000055/amp06302018.htm"
  },
  {
    "date": "2018-03-31",
    "symbol": "AMP",
    "reportedCurrency": "USD",
    "cik": "0000820027",
    "fillingDate": "2018-05-02",
    "acceptedDate": "2018-05-02 17:28:13",
    "calendarYear": "2018",
    "period": "Q1",
    "revenue": 3168000000,
    "costOfRevenue": 0,
    "grossProfit": 3168000000,
    "grossProfitRatio": 1,
    "researchAndDevelopmentExpenses": 0,
    "generalAndAdministrativeExpenses": 789000000,
    "sellingAndMarketingExpenses": 905000000,
    "sellingGeneralAndAdministrativeExpenses": 1694000000,
    "otherExpenses": 778000000,
    "operatingExpenses": 2472000000,
    "costAndExpenses": 2472000000,
    "interestIncome": 0,
    "interestExpense": 51000000,
    "depreciationAndAmortization": 56000000,
    "ebitda": 803000000,
    "ebitdaratio": 0.2534722222,
    "operatingIncome": 696000000,
    "operatingIncomeRatio": 0.2196969697,
    "totalOtherIncomeExpensesNet": 0,
    "incomeBeforeTax": 696000000,
    "incomeBeforeTaxRatio": 0.2196969697,
    "incomeTaxExpense": 102000000,
    "netIncome": 594000000,
    "netIncomeRatio": 0.1875,
    "eps": 3.97,
    "epsdiluted": 3.91,
    "weightedAverageShsOut": 149500000,
    "weightedAverageShsOutDil": 152100000,
    "link": "https://www.sec.gov/Archives/edgar/data/820027/000082002718000040/0000820027-18-000040-index.htm",
    "finalLink": "https://www.sec.gov/Archives/edgar/data/820027/000082002718000040/amp03312018.htm"
  },
  {
    "date": "2017-12-31",
    "symbol": "AMP",
    "reportedCurrency": "USD",
    "cik": "0000820027",
    "fillingDate": "2018-02-23",
    "acceptedDate": "2018-02-22 20:33:10",
    "calendarYear": "2017",
    "period": "Q4",
    "revenue": 3160000000,
    "costOfRevenue": 0,
    "grossProfit": 3160000000,
    "grossProfitRatio": 1,
    "researchAndDevelopmentExpenses": 0,
    "generalAndAdministrativeExpenses": 807000000,
    "sellingAndMarketingExpenses": 894000000,
    "sellingGeneralAndAdministrativeExpenses": 1701000000,
    "otherExpenses": 859000000,
    "operatingExpenses": 2560000000,
    "costAndExpenses": 2560000000,
    "interestIncome": 0,
    "interestExpense": 53000000,
    "depreciationAndAmortization": 58000000,
    "ebitda": 711000000,
    "ebitdaratio": 0.225,
    "operatingIncome": 600000000,
    "operatingIncomeRatio": 0.1898734177,
    "totalOtherIncomeExpensesNet": 0,
    "incomeBeforeTax": 600000000,
    "incomeBeforeTaxRatio": 0.1898734177,
    "incomeTaxExpense": 419000000,
    "netIncome": 181000000,
    "netIncomeRatio": 0.057278481,
    "eps": 1.2,
    "epsdiluted": 1.18,
    "weightedAverageShsOut": 151000000,
    "weightedAverageShsOutDil": 153800000,
    "link": "https://www.sec.gov/Archives/edgar/data/820027/000082002718000008/0000820027-18-000008-index.htm",
    "finalLink": "https://www.sec.gov/Archives/edgar/data/820027/000082002718000008/amp12312017.htm"
  },
  {
    "date": "2017-09-30",
    "symbol": "AMP",
    "reportedCurrency": "USD",
    "cik": "0000820027",
    "fillingDate": "2017-11-01",
    "acceptedDate": "2017-11-01 17:16:55",
    "calendarYear": "2017",
    "period": "Q3",
    "revenue": 3014000000,
    "costOfRevenue": 0,
    "grossProfit": 3014000000,
    "grossProfitRatio": 1,
    "researchAndDevelopmentExpenses": 0,
    "generalAndAdministrativeExpenses": 781000000,
    "sellingAndMarketingExpenses": 850000000,
    "sellingGeneralAndAdministrativeExpenses": 1631000000,
    "otherExpenses": 750000000,
    "operatingExpenses": 2381000000,
    "costAndExpenses": 2381000000,
    "interestIncome": 0,
    "interestExpense": 52000000,
    "depreciationAndAmortization": 55000000,
    "ebitda": 740000000,
    "ebitdaratio": 0.2455209025,
    "operatingIncome": 633000000,
    "operatingIncomeRatio": 0.2100199071,
    "totalOtherIncomeExpensesNet": 0,
    "incomeBeforeTax": 633000000,
    "incomeBeforeTaxRatio": 0.2100199071,
    "incomeTaxExpense": 126000000,
    "netIncome": 507000000,
    "netIncomeRatio": 0.1682149967,
    "eps": 3.29,
    "epsdiluted": 3.24,
    "weightedAverageShsOut": 153000000,
    "weightedAverageShsOutDil": 155400000,
    "link": "https://www.sec.gov/Archives/edgar/data/820027/000082002717000058/0000820027-17-000058-index.htm",
    "finalLink": "https://www.sec.gov/Archives/edgar/data/820027/000082002717000058/amp09302017.htm"
  },
  {
    "date": "2017-06-30",
    "symbol": "AMP",
    "reportedCurrency": "USD",
    "cik": "0000820027",
    "fillingDate": "2017-08-02",
    "acceptedDate": "2017-08-02 16:53:37",
    "calendarYear": "2017",
    "period": "Q2",
    "revenue": 3012000000,
    "costOfRevenue": 0,
    "grossProfit": 3012000000,
    "grossProfitRatio": 1,
    "researchAndDevelopmentExpenses": 0,
    "generalAndAdministrativeExpenses": 767000000,
    "sellingAndMarketingExpenses": 831000000,
    "sellingGeneralAndAdministrativeExpenses": 1598000000,
    "otherExpenses": 903000000,
    "operatingExpenses": 2501000000,
    "costAndExpenses": 2501000000,
    "interestIncome": 0,
    "interestExpense": 52000000,
    "depreciationAndAmortization": 58000000,
    "ebitda": 621000000,
    "ebitdaratio": 0.2061752988,
    "operatingIncome": 511000000,
    "operatingIncomeRatio": 0.1696547145,
    "totalOtherIncomeExpensesNet": 0,
    "incomeBeforeTax": 511000000,
    "incomeBeforeTaxRatio": 0.1696547145,
    "incomeTaxExpense": 118000000,
    "netIncome": 393000000,
    "netIncomeRatio": 0.1304780876,
    "eps": 2.53,
    "epsdiluted": 2.5,
    "weightedAverageShsOut": 155100000,
    "weightedAverageShsOutDil": 157500000,
    "link": "https://www.sec.gov/Archives/edgar/data/820027/000082002717000048/0000820027-17-000048-index.htm",
    "finalLink": "https://www.sec.gov/Archives/edgar/data/820027/000082002717000048/amp06302017.htm"
  },
  {
    "date": "2017-03-31",
    "symbol": "AMP",
    "reportedCurrency": "USD",
    "cik": "0000820027",
    "fillingDate": "2017-05-03",
    "acceptedDate": "2017-05-03 15:59:46",
    "calendarYear": "2017",
    "period": "Q1",
    "revenue": 2926000000,
    "costOfRevenue": 0,
    "grossProfit": 2926000000,
    "grossProfitRatio": 1,
    "researchAndDevelopmentExpenses": 0,
    "generalAndAdministrativeExpenses": 777000000,
    "sellingAndMarketingExpenses": 823000000,
    "sellingGeneralAndAdministrativeExpenses": 1600000000,
    "otherExpenses": 851000000,
    "operatingExpenses": 2451000000,
    "costAndExpenses": 2451000000,
    "interestIncome": 0,
    "interestExpense": 50000000,
    "depreciationAndAmortization": 63000000,
    "ebitda": 588000000,
    "ebitdaratio": 0.2009569378,
    "operatingIncome": 475000000,
    "operatingIncomeRatio": 0.1623376623,
    "totalOtherIncomeExpensesNet": 0,
    "incomeBeforeTax": 475000000,
    "incomeBeforeTaxRatio": 0.1623376623,
    "incomeTaxExpense": 72000000,
    "netIncome": 403000000,
    "netIncomeRatio": 0.1377306904,
    "eps": 2.56,
    "epsdiluted": 2.52,
    "weightedAverageShsOut": 157500000,
    "weightedAverageShsOutDil": 160100000,
    "link": "https://www.sec.gov/Archives/edgar/data/820027/000082002717000035/0000820027-17-000035-index.htm",
    "finalLink": "https://www.sec.gov/Archives/edgar/data/820027/000082002717000035/amp03312017.htm"
  },
  {
    "date": "2016-12-31",
    "symbol": "AMP",
    "reportedCurrency": "USD",
    "cik": "0000820027",
    "fillingDate": "2017-02-23",
    "acceptedDate": "2017-02-23 16:57:59",
    "calendarYear": "2016",
    "period": "Q4",
    "revenue": 3062000000,
    "costOfRevenue": 0,
    "grossProfit": 3062000000,
    "grossProfitRatio": 1,
    "researchAndDevelopmentExpenses": 0,
    "generalAndAdministrativeExpenses": 756000000,
    "sellingAndMarketingExpenses": 831000000,
    "sellingGeneralAndAdministrativeExpenses": 1587000000,
    "otherExpenses": 1006000000,
    "operatingExpenses": 2593000000,
    "costAndExpenses": 2593000000,
    "interestIncome": 0,
    "interestExpense": 81000000,
    "depreciationAndAmortization": 61000000,
    "ebitda": 611000000,
    "ebitdaratio": 0.1995427825,
    "operatingIncome": 469000000,
    "operatingIncomeRatio": 0.1531678641,
    "totalOtherIncomeExpensesNet": 0,
    "incomeBeforeTax": 469000000,
    "incomeBeforeTaxRatio": 0.1531678641,
    "incomeTaxExpense": 69000000,
    "netIncome": 400000000,
    "netIncomeRatio": 0.1306335728,
    "eps": 2.49,
    "epsdiluted": 2.46,
    "weightedAverageShsOut": 160400000,
    "weightedAverageShsOutDil": 162400000,
    "link": "https://www.sec.gov/Archives/edgar/data/820027/000082002717000007/0000820027-17-000007-index.htm",
    "finalLink": "https://www.sec.gov/Archives/edgar/data/820027/000082002717000007/ameriprisefinancial12312016.htm"
  },
  {
    "date": "2016-09-30",
    "symbol": "AMP",
    "reportedCurrency": "USD",
    "cik": "0000820027",
    "fillingDate": "2016-11-02",
    "acceptedDate": "2016-11-02 17:02:59",
    "calendarYear": "2016",
    "period": "Q3",
    "revenue": 2998000000,
    "costOfRevenue": 0,
    "grossProfit": 2998000000,
    "grossProfitRatio": 1,
    "researchAndDevelopmentExpenses": 0,
    "generalAndAdministrativeExpenses": 731000000,
    "sellingAndMarketingExpenses": 798000000,
    "sellingGeneralAndAdministrativeExpenses": 1529000000,
    "otherExpenses": 1231000000,
    "operatingExpenses": 2760000000,
    "costAndExpenses": 2760000000,
    "interestIncome": 0,
    "interestExpense": 52000000,
    "depreciationAndAmortization": 60000000,
    "ebitda": 350000000,
    "ebitdaratio": 0.1167444963,
    "operatingIncome": 238000000,
    "operatingIncomeRatio": 0.0793862575,
    "totalOtherIncomeExpensesNet": 0,
    "incomeBeforeTax": 238000000,
    "incomeBeforeTaxRatio": 0.0793862575,
    "incomeTaxExpense": 23000000,
    "netIncome": 215000000,
    "netIncomeRatio": 0.0717144763,
    "eps": 1.31,
    "epsdiluted": 1.3,
    "weightedAverageShsOut": 164000000,
    "weightedAverageShsOutDil": 165800000,
    "link": "https://www.sec.gov/Archives/edgar/data/820027/000082002716000237/0000820027-16-000237-index.htm",
    "finalLink": "https://www.sec.gov/Archives/edgar/data/820027/000082002716000237/amp09302016.htm"
  },
  {
    "date": "2016-06-30",
    "symbol": "AMP",
    "reportedCurrency": "USD",
    "cik": "0000820027",
    "fillingDate": "2016-08-01",
    "acceptedDate": "2016-08-01 15:25:39",
    "calendarYear": "2016",
    "period": "Q2",
    "revenue": 2871000000,
    "costOfRevenue": 0,
    "grossProfit": 2871000000,
    "grossProfitRatio": 1,
    "researchAndDevelopmentExpenses": 0,
    "generalAndAdministrativeExpenses": 763000000,
    "sellingAndMarketingExpenses": 803000000,
    "sellingGeneralAndAdministrativeExpenses": 1566000000,
    "otherExpenses": 895000000,
    "operatingExpenses": 2461000000,
    "costAndExpenses": 2461000000,
    "interestIncome": 0,
    "interestExpense": 53000000,
    "depreciationAndAmortization": 62000000,
    "ebitda": 525000000,
    "ebitdaratio": 0.1828631139,
    "operatingIncome": 410000000,
    "operatingIncomeRatio": 0.1428073842,
    "totalOtherIncomeExpensesNet": 0,
    "incomeBeforeTax": 410000000,
    "incomeBeforeTaxRatio": 0.1428073842,
    "incomeTaxExpense": 75000000,
    "netIncome": 335000000,
    "netIncomeRatio": 0.1166840822,
    "eps": 1.99,
    "epsdiluted": 1.97,
    "weightedAverageShsOut": 168300000,
    "weightedAverageShsOutDil": 170100000,
    "link": "https://www.sec.gov/Archives/edgar/data/820027/000082002716000225/0000820027-16-000225-index.htm",
    "finalLink": "https://www.sec.gov/Archives/edgar/data/820027/000082002716000225/amp06302016.htm"
  },
  {
    "date": "2016-03-31",
    "symbol": "AMP",
    "reportedCurrency": "USD",
    "cik": "0000820027",
    "fillingDate": "2016-05-05",
    "acceptedDate": "2016-05-05 15:39:51",
    "calendarYear": "2016",
    "period": "Q1",
    "revenue": 2765000000,
    "costOfRevenue": 0,
    "grossProfit": 2765000000,
    "grossProfitRatio": 1,
    "researchAndDevelopmentExpenses": 0,
    "generalAndAdministrativeExpenses": 727000000,
    "sellingAndMarketingExpenses": 770000000,
    "sellingGeneralAndAdministrativeExpenses": 1497000000,
    "otherExpenses": 793000000,
    "operatingExpenses": 2290000000,
    "costAndExpenses": 2290000000,
    "interestIncome": 0,
    "interestExpense": 55000000,
    "depreciationAndAmortization": 65000000,
    "ebitda": 595000000,
    "ebitdaratio": 0.2151898734,
    "operatingIncome": 475000000,
    "operatingIncomeRatio": 0.1717902351,
    "totalOtherIncomeExpensesNet": 0,
    "incomeBeforeTax": 475000000,
    "incomeBeforeTaxRatio": 0.1717902351,
    "incomeTaxExpense": 111000000,
    "netIncome": 364000000,
    "netIncomeRatio": 0.1316455696,
    "eps": 2.11,
    "epsdiluted": 2.09,
    "weightedAverageShsOut": 172600000,
    "weightedAverageShsOutDil": 174400000,
    "link": "https://www.sec.gov/Archives/edgar/data/820027/000082002716000211/0000820027-16-000211-index.htm",
    "finalLink": "https://www.sec.gov/Archives/edgar/data/820027/000082002716000211/amp03312016.htm"
  },
  {
    "date": "2015-12-31",
    "symbol": "AMP",
    "reportedCurrency": "USD",
    "cik": "0000820027",
    "fillingDate": "2016-02-25",
    "acceptedDate": "2016-02-25 15:01:36",
    "calendarYear": "2015",
    "period": "Q4",
    "revenue": 3103000000,
    "costOfRevenue": 0,
    "grossProfit": 3103000000,
    "grossProfitRatio": 1,
    "researchAndDevelopmentExpenses": 0,
    "generalAndAdministrativeExpenses": 794000000,
    "sellingAndMarketingExpenses": 816000000,
    "sellingGeneralAndAdministrativeExpenses": 1610000000,
    "otherExpenses": 1047000000,
    "operatingExpenses": 2657000000,
    "costAndExpenses": 2657000000,
    "interestIncome": 0,
    "interestExpense": 116000000,
    "depreciationAndAmortization": 63000000,
    "ebitda": 625000000,
    "ebitdaratio": 0.2014179826,
    "operatingIncome": 446000000,
    "operatingIncomeRatio": 0.1437318724,
    "totalOtherIncomeExpensesNet": 0,
    "incomeBeforeTax": 446000000,
    "incomeBeforeTaxRatio": 0.1437318724,
    "incomeTaxExpense": 66000000,
    "netIncome": 357000000,
    "netIncomeRatio": 0.1150499517,
    "eps": 2.02,
    "epsdiluted": 2,
    "weightedAverageShsOut": 176600000,
    "weightedAverageShsOutDil": 178900000,
    "link": "https://www.sec.gov/Archives/edgar/data/820027/000082002716000168/0000820027-16-000168-index.htm",
    "finalLink": "https://www.sec.gov/Archives/edgar/data/820027/000082002716000168/ameriprisefinancial12312015.htm"
  },
  {
    "date": "2015-09-30",
    "symbol": "AMP",
    "reportedCurrency": "USD",
    "cik": "0000820027",
    "fillingDate": "2015-11-02",
    "acceptedDate": "2015-11-02 16:12:23",
    "calendarYear": "2015",
    "period": "Q3",
    "revenue": 2886000000,
    "costOfRevenue": 0,
    "grossProfit": 2886000000,
    "grossProfitRatio": 1,
    "researchAndDevelopmentExpenses": 0,
    "generalAndAdministrativeExpenses": 744000000,
    "sellingAndMarketingExpenses": 806000000,
    "sellingGeneralAndAdministrativeExpenses": 1550000000,
    "otherExpenses": 873000000,
    "operatingExpenses": 2423000000,
    "costAndExpenses": 2423000000,
    "interestIncome": 0,
    "interestExpense": 98000000,
    "depreciationAndAmortization": 62000000,
    "ebitda": 623000000,
    "ebitdaratio": 0.2158697159,
    "operatingIncome": 463000000,
    "operatingIncomeRatio": 0.1604296604,
    "totalOtherIncomeExpensesNet": 0,
    "incomeBeforeTax": 463000000,
    "incomeBeforeTaxRatio": 0.1604296604,
    "incomeTaxExpense": 111000000,
    "netIncome": 397000000,
    "netIncomeRatio": 0.1375606376,
    "eps": 2.2,
    "epsdiluted": 2.17,
    "weightedAverageShsOut": 180400000,
    "weightedAverageShsOutDil": 182700000,
    "link": "https://www.sec.gov/Archives/edgar/data/820027/000082002715000130/0000820027-15-000130-index.htm",
    "finalLink": "https://www.sec.gov/Archives/edgar/data/820027/000082002715000130/amp09302015.htm"
  },
  {
    "date": "2015-06-30",
    "symbol": "AMP",
    "reportedCurrency": "USD",
    "cik": "0000820027",
    "fillingDate": "2015-08-03",
    "acceptedDate": "2015-08-03 15:50:11",
    "calendarYear": "2015",
    "period": "Q2",
    "revenue": 3128000000,
    "costOfRevenue": 0,
    "grossProfit": 3128000000,
    "grossProfitRatio": 1,
    "researchAndDevelopmentExpenses": 0,
    "generalAndAdministrativeExpenses": 792000000,
    "sellingAndMarketingExpenses": 835000000,
    "sellingGeneralAndAdministrativeExpenses": 1627000000,
    "otherExpenses": 886000000,
    "operatingExpenses": 2513000000,
    "costAndExpenses": 2513000000,
    "interestIncome": 0,
    "interestExpense": 89000000,
    "depreciationAndAmortization": 57000000,
    "ebitda": 761000000,
    "ebitdaratio": 0.243286445,
    "operatingIncome": 615000000,
    "operatingIncomeRatio": 0.1966112532,
    "totalOtherIncomeExpensesNet": 0,
    "incomeBeforeTax": 615000000,
    "incomeBeforeTaxRatio": 0.1966112532,
    "incomeTaxExpense": 139000000,
    "netIncome": 415000000,
    "netIncomeRatio": 0.1326726343,
    "eps": 2.26,
    "epsdiluted": 2.23,
    "weightedAverageShsOut": 183800000,
    "weightedAverageShsOutDil": 186400000,
    "link": "https://www.sec.gov/Archives/edgar/data/820027/000082002715000098/0000820027-15-000098-index.htm",
    "finalLink": "https://www.sec.gov/Archives/edgar/data/820027/000082002715000098/amp06302015.htm"
  },
  {
    "date": "2015-03-31",
    "symbol": "AMP",
    "reportedCurrency": "USD",
    "cik": "0000820027",
    "fillingDate": "2015-05-04",
    "acceptedDate": "2015-05-04 16:20:42",
    "calendarYear": "2015",
    "period": "Q1",
    "revenue": 3053000000,
    "costOfRevenue": 0,
    "grossProfit": 3053000000,
    "grossProfitRatio": 1,
    "researchAndDevelopmentExpenses": 0,
    "generalAndAdministrativeExpenses": 752000000,
    "sellingAndMarketingExpenses": 819000000,
    "sellingGeneralAndAdministrativeExpenses": 1571000000,
    "otherExpenses": 864000000,
    "operatingExpenses": 2435000000,
    "costAndExpenses": 2435000000,
    "interestIncome": 0,
    "interestExpense": 84000000,
    "depreciationAndAmortization": 66000000,
    "ebitda": 768000000,
    "ebitdaratio": 0.2515558467,
    "operatingIncome": 618000000,
    "operatingIncomeRatio": 0.2024238454,
    "totalOtherIncomeExpensesNet": 0,
    "incomeBeforeTax": 618000000,
    "incomeBeforeTaxRatio": 0.2024238454,
    "incomeTaxExpense": 139000000,
    "netIncome": 393000000,
    "netIncomeRatio": 0.1287258434,
    "eps": 2.11,
    "epsdiluted": 2.08,
    "weightedAverageShsOut": 186300000,
    "weightedAverageShsOutDil": 189100000,
    "link": "https://www.sec.gov/Archives/edgar/data/820027/000082002715000064/0000820027-15-000064-index.htm",
    "finalLink": "https://www.sec.gov/Archives/edgar/data/820027/000082002715000064/amp03312015.htm"
  },
  {
    "date": "2014-12-31",
    "symbol": "AMP",
    "reportedCurrency": "USD",
    "cik": "0000820027",
    "fillingDate": "2015-02-24",
    "acceptedDate": "2015-02-24 17:31:20",
    "calendarYear": "2014",
    "period": "Q4",
    "revenue": 3089000000,
    "costOfRevenue": 0,
    "grossProfit": 3089000000,
    "grossProfitRatio": 1,
    "researchAndDevelopmentExpenses": 0,
    "generalAndAdministrativeExpenses": 775000000,
    "sellingAndMarketingExpenses": 827000000,
    "sellingGeneralAndAdministrativeExpenses": 1602000000,
    "otherExpenses": 929000000,
    "operatingExpenses": 2531000000,
    "costAndExpenses": 2531000000,
    "interestIncome": 0,
    "interestExpense": 91000000,
    "depreciationAndAmortization": 61000000,
    "ebitda": 710000000,
    "ebitdaratio": 0.2298478472,
    "operatingIncome": 558000000,
    "operatingIncomeRatio": 0.1806409841,
    "totalOtherIncomeExpensesNet": 0,
    "incomeBeforeTax": 558000000,
    "incomeBeforeTaxRatio": 0.1806409841,
    "incomeTaxExpense": 104000000,
    "netIncome": 425000000,
    "netIncomeRatio": 0.137584979,
    "eps": 2.26,
    "epsdiluted": 2.22,
    "weightedAverageShsOut": 187900000,
    "weightedAverageShsOutDil": 191200000,
    "link": "https://www.sec.gov/Archives/edgar/data/820027/000082002715000024/0000820027-15-000024-index.htm",
    "finalLink": "https://www.sec.gov/Archives/edgar/data/820027/000082002715000024/amp.htm"
  },
  {
    "date": "2014-09-30",
    "symbol": "AMP",
    "reportedCurrency": "USD",
    "cik": "0000820027",
    "fillingDate": "2014-11-03",
    "acceptedDate": "2014-11-03 15:43:28",
    "calendarYear": "2014",
    "period": "Q3",
    "revenue": 3111000000,
    "costOfRevenue": 0,
    "grossProfit": 3111000000,
    "grossProfitRatio": 1,
    "researchAndDevelopmentExpenses": 0,
    "generalAndAdministrativeExpenses": 757000000,
    "sellingAndMarketingExpenses": 813000000,
    "sellingGeneralAndAdministrativeExpenses": 1570000000,
    "otherExpenses": 821000000,
    "operatingExpenses": 2391000000,
    "costAndExpenses": 2391000000,
    "interestIncome": 0,
    "interestExpense": 79000000,
    "depreciationAndAmortization": 64000000,
    "ebitda": 863000000,
    "ebitdaratio": 0.2774027644,
    "operatingIncome": 720000000,
    "operatingIncomeRatio": 0.231436837,
    "totalOtherIncomeExpensesNet": 0,
    "incomeBeforeTax": 720000000,
    "incomeBeforeTaxRatio": 0.231436837,
    "incomeTaxExpense": 155000000,
    "netIncome": 420000000,
    "netIncomeRatio": 0.1350048216,
    "eps": 2.21,
    "epsdiluted": 2.17,
    "weightedAverageShsOut": 190300000,
    "weightedAverageShsOutDil": 193700000,
    "link": "https://www.sec.gov/Archives/edgar/data/820027/000082002714000140/0000820027-14-000140-index.htm",
    "finalLink": "https://www.sec.gov/Archives/edgar/data/820027/000082002714000140/amp09302014.htm"
  },
  {
    "date": "2014-06-30",
    "symbol": "AMP",
    "reportedCurrency": "USD",
    "cik": "0000820027",
    "fillingDate": "2014-08-04",
    "acceptedDate": "2014-08-04 17:24:00",
    "calendarYear": "2014",
    "period": "Q2",
    "revenue": 3072000000,
    "costOfRevenue": 0,
    "grossProfit": 3072000000,
    "grossProfitRatio": 1,
    "researchAndDevelopmentExpenses": 0,
    "generalAndAdministrativeExpenses": 805000000,
    "sellingAndMarketingExpenses": 810000000,
    "sellingGeneralAndAdministrativeExpenses": 1615000000,
    "otherExpenses": 838000000,
    "operatingExpenses": 2453000000,
    "costAndExpenses": 2453000000,
    "interestIncome": 0,
    "interestExpense": 79000000,
    "depreciationAndAmortization": 66000000,
    "ebitda": 764000000,
    "ebitdaratio": 0.2486979167,
    "operatingIncome": 619000000,
    "operatingIncomeRatio": 0.2014973958,
    "totalOtherIncomeExpensesNet": 0,
    "incomeBeforeTax": 619000000,
    "incomeBeforeTaxRatio": 0.2014973958,
    "incomeTaxExpense": 152000000,
    "netIncome": 374000000,
    "netIncomeRatio": 0.1217447917,
    "eps": 1.94,
    "epsdiluted": 1.91,
    "weightedAverageShsOut": 192700000,
    "weightedAverageShsOutDil": 196200000,
    "link": "https://www.sec.gov/Archives/edgar/data/820027/000082002714000111/0000820027-14-000111-index.htm",
    "finalLink": "https://www.sec.gov/Archives/edgar/data/820027/000082002714000111/amp06302014.htm"
  },
  {
    "date": "2014-03-31",
    "symbol": "AMP",
    "reportedCurrency": "USD",
    "cik": "0000820027",
    "fillingDate": "2014-05-05",
    "acceptedDate": "2014-05-05 14:59:03",
    "calendarYear": "2014",
    "period": "Q1",
    "revenue": 2996000000,
    "costOfRevenue": 0,
    "grossProfit": 2996000000,
    "grossProfitRatio": 1,
    "researchAndDevelopmentExpenses": 0,
    "generalAndAdministrativeExpenses": 758000000,
    "sellingAndMarketingExpenses": 786000000,
    "sellingGeneralAndAdministrativeExpenses": 1544000000,
    "otherExpenses": 802000000,
    "operatingExpenses": 2346000000,
    "costAndExpenses": 2346000000,
    "interestIncome": 0,
    "interestExpense": 79000000,
    "depreciationAndAmortization": 63000000,
    "ebitda": 792000000,
    "ebitdaratio": 0.26435247,
    "operatingIncome": 650000000,
    "operatingIncomeRatio": 0.2169559413,
    "totalOtherIncomeExpensesNet": 0,
    "incomeBeforeTax": 650000000,
    "incomeBeforeTaxRatio": 0.2169559413,
    "incomeTaxExpense": 134000000,
    "netIncome": 400000000,
    "netIncomeRatio": 0.1335113485,
    "eps": 2.05,
    "epsdiluted": 2.01,
    "weightedAverageShsOut": 195500000,
    "weightedAverageShsOutDil": 199100000,
    "link": "https://www.sec.gov/Archives/edgar/data/820027/000082002714000070/0000820027-14-000070-index.htm",
    "finalLink": "https://www.sec.gov/Archives/edgar/data/820027/000082002714000070/amp03312014.htm"
  },
  {
    "date": "2013-12-31",
    "symbol": "AMP",
    "reportedCurrency": "USD",
    "cik": "0000820027",
    "fillingDate": "2014-02-27",
    "acceptedDate": "2014-02-27 12:19:15",
    "calendarYear": "2013",
    "period": "Q4",
    "revenue": 2946000000,
    "costOfRevenue": 0,
    "grossProfit": 2946000000,
    "grossProfitRatio": 1,
    "researchAndDevelopmentExpenses": 0,
    "generalAndAdministrativeExpenses": 764000000,
    "sellingAndMarketingExpenses": 793000000,
    "sellingGeneralAndAdministrativeExpenses": 1557000000,
    "otherExpenses": 910000000,
    "operatingExpenses": 2467000000,
    "costAndExpenses": 2467000000,
    "interestIncome": 0,
    "interestExpense": 87000000,
    "depreciationAndAmortization": 64000000,
    "ebitda": 630000000,
    "ebitdaratio": 0.2138492872,
    "operatingIncome": 479000000,
    "operatingIncomeRatio": 0.1625933469,
    "totalOtherIncomeExpensesNet": 0,
    "incomeBeforeTax": 479000000,
    "incomeBeforeTaxRatio": 0.1625933469,
    "incomeTaxExpense": 97000000,
    "netIncome": 296000000,
    "netIncomeRatio": 0.1004752206,
    "eps": 1.49,
    "epsdiluted": 1.46,
    "weightedAverageShsOut": 198300000,
    "weightedAverageShsOutDil": 202300000,
    "link": "https://www.sec.gov/Archives/edgar/data/820027/000082002714000020/0000820027-14-000020-index.htm",
    "finalLink": "https://www.sec.gov/Archives/edgar/data/820027/000082002714000020/ameriprisefinancial12312013.htm"
  },
  {
    "date": "2013-09-30",
    "symbol": "AMP",
    "reportedCurrency": "USD",
    "cik": "0000820027",
    "fillingDate": "2013-11-05",
    "acceptedDate": "2013-11-04 19:06:52",
    "calendarYear": "2013",
    "period": "Q3",
    "revenue": 2813000000,
    "costOfRevenue": 0,
    "grossProfit": 2813000000,
    "grossProfitRatio": 1,
    "researchAndDevelopmentExpenses": 0,
    "generalAndAdministrativeExpenses": 730000000,
    "sellingAndMarketingExpenses": 731000000,
    "sellingGeneralAndAdministrativeExpenses": 1461000000,
    "otherExpenses": 750000000,
    "operatingExpenses": 2211000000,
    "costAndExpenses": 2211000000,
    "interestIncome": 0,
    "interestExpense": 68000000,
    "depreciationAndAmortization": 59000000,
    "ebitda": 729000000,
    "ebitdaratio": 0.2591539282,
    "operatingIncome": 602000000,
    "operatingIncomeRatio": 0.2140063989,
    "totalOtherIncomeExpensesNet": 0,
    "incomeBeforeTax": 602000000,
    "incomeBeforeTaxRatio": 0.2140063989,
    "incomeTaxExpense": 154000000,
    "netIncome": 382000000,
    "netIncomeRatio": 0.1357980803,
    "eps": 1.9,
    "epsdiluted": 1.86,
    "weightedAverageShsOut": 201300000,
    "weightedAverageShsOutDil": 205100000,
    "link": "https://www.sec.gov/Archives/edgar/data/820027/000082002713000143/0000820027-13-000143-index.htm",
    "finalLink": "https://www.sec.gov/Archives/edgar/data/820027/000082002713000143/ameriprisefinancial09302013.htm"
  },
  {
    "date": "2013-06-30",
    "symbol": "AMP",
    "reportedCurrency": "USD",
    "cik": "0000820027",
    "fillingDate": "2013-07-31",
    "acceptedDate": "2013-07-31 16:15:34",
    "calendarYear": "2013",
    "period": "Q2",
    "revenue": 2749000000,
    "costOfRevenue": 0,
    "grossProfit": 2749000000,
    "grossProfitRatio": 1,
    "researchAndDevelopmentExpenses": 0,
    "generalAndAdministrativeExpenses": 775000000,
    "sellingAndMarketingExpenses": 732000000,
    "sellingGeneralAndAdministrativeExpenses": 1507000000,
    "otherExpenses": 840000000,
    "operatingExpenses": 2347000000,
    "costAndExpenses": 2347000000,
    "interestIncome": 0,
    "interestExpense": 60000000,
    "depreciationAndAmortization": 58000000,
    "ebitda": 520000000,
    "ebitdaratio": 0.1891596944,
    "operatingIncome": 402000000,
    "operatingIncomeRatio": 0.1462349945,
    "totalOtherIncomeExpensesNet": 0,
    "incomeBeforeTax": 402000000,
    "incomeBeforeTaxRatio": 0.1462349945,
    "incomeTaxExpense": 120000000,
    "netIncome": 321000000,
    "netIncomeRatio": 0.1167697344,
    "eps": 1.57,
    "epsdiluted": 1.54,
    "weightedAverageShsOut": 204900000,
    "weightedAverageShsOutDil": 208600000,
    "link": "https://www.sec.gov/Archives/edgar/data/820027/000110465913058368/0001104659-13-058368-index.htm",
    "finalLink": "https://www.sec.gov/Archives/edgar/data/820027/000110465913058368/a13-13222_110q.htm"
  },
  {
    "date": "2013-03-31",
    "symbol": "AMP",
    "reportedCurrency": "USD",
    "cik": "0000820027",
    "fillingDate": "2013-05-01",
    "acceptedDate": "2013-05-01 14:48:26",
    "calendarYear": "2013",
    "period": "Q1",
    "revenue": 2691000000,
    "costOfRevenue": 0,
    "grossProfit": 2691000000,
    "grossProfitRatio": 1,
    "researchAndDevelopmentExpenses": 0,
    "generalAndAdministrativeExpenses": 758000000,
    "sellingAndMarketingExpenses": 698000000,
    "sellingGeneralAndAdministrativeExpenses": 1456000000,
    "otherExpenses": 748000000,
    "operatingExpenses": 2204000000,
    "costAndExpenses": 2204000000,
    "interestIncome": 0,
    "interestExpense": 66000000,
    "depreciationAndAmortization": 58000000,
    "ebitda": 611000000,
    "ebitdaratio": 0.2270531401,
    "operatingIncome": 487000000,
    "operatingIncomeRatio": 0.1809736158,
    "totalOtherIncomeExpensesNet": 0,
    "incomeBeforeTax": 487000000,
    "incomeBeforeTaxRatio": 0.1809736158,
    "incomeTaxExpense": 121000000,
    "netIncome": 335000000,
    "netIncomeRatio": 0.1244890375,
    "eps": 1.61,
    "epsdiluted": 1.58,
    "weightedAverageShsOut": 208400000,
    "weightedAverageShsOutDil": 212300000,
    "link": "https://www.sec.gov/Archives/edgar/data/820027/000110465913035922/0001104659-13-035922-index.htm",
    "finalLink": "https://www.sec.gov/Archives/edgar/data/820027/000110465913035922/a13-7479_110q.htm"
  },
  {
    "date": "2012-12-31",
    "symbol": "AMP",
    "reportedCurrency": "USD",
    "cik": "0000820027",
    "fillingDate": "2013-02-27",
    "acceptedDate": "2013-02-26 17:35:15",
    "calendarYear": "2012",
    "period": "Q4",
    "revenue": 2642000000,
    "costOfRevenue": 0,
    "grossProfit": 2642000000,
    "grossProfitRatio": 1,
    "researchAndDevelopmentExpenses": 0,
    "generalAndAdministrativeExpenses": 0,
    "sellingAndMarketingExpenses": 0,
    "sellingGeneralAndAdministrativeExpenses": 1462000000,
    "otherExpenses": 762000000,
    "operatingExpenses": 2224000000,
    "costAndExpenses": 2224000000,
    "interestIncome": 0,
    "interestExpense": 35000000,
    "depreciationAndAmortization": 57000000,
    "ebitda": 510000000,
    "ebitdaratio": 0.1930355791,
    "operatingIncome": 418000000,
    "operatingIncomeRatio": 0.1582134746,
    "totalOtherIncomeExpensesNet": 0,
    "incomeBeforeTax": 418000000,
    "incomeBeforeTaxRatio": 0.1582134746,
    "incomeTaxExpense": 87000000,
    "netIncome": 389000000,
    "netIncomeRatio": 0.1472369417,
    "eps": 1.85,
    "epsdiluted": 1.81,
    "weightedAverageShsOut": 210800000,
    "weightedAverageShsOutDil": 215100000,
    "link": "https://www.sec.gov/Archives/edgar/data/820027/000104746913001718/0001047469-13-001718-index.htm",
    "finalLink": "https://www.sec.gov/Archives/edgar/data/820027/000104746913001718/a2212970z10-k.htm"
  },
  {
    "date": "2012-09-30",
    "symbol": "AMP",
    "reportedCurrency": "USD",
    "cik": "0000820027",
    "fillingDate": "2012-11-05",
    "acceptedDate": "2012-11-05 15:37:20",
    "calendarYear": "2012",
    "period": "Q3",
    "revenue": 2468000000,
    "costOfRevenue": 0,
    "grossProfit": 2468000000,
    "grossProfitRatio": 1,
    "researchAndDevelopmentExpenses": 0,
    "generalAndAdministrativeExpenses": 718000000,
    "sellingAndMarketingExpenses": 667000000,
    "sellingGeneralAndAdministrativeExpenses": 1385000000,
    "otherExpenses": 884000000,
    "operatingExpenses": 2269000000,
    "costAndExpenses": 2269000000,
    "interestIncome": 0,
    "interestExpense": 68000000,
    "depreciationAndAmortization": 58000000,
    "ebitda": 325000000,
    "ebitdaratio": 0.1316855754,
    "operatingIncome": 199000000,
    "operatingIncomeRatio": 0.0806320908,
    "totalOtherIncomeExpensesNet": 0,
    "incomeBeforeTax": 199000000,
    "incomeBeforeTaxRatio": 0.0806320908,
    "incomeTaxExpense": 47000000,
    "netIncome": 173000000,
    "netIncomeRatio": 0.0700972447,
    "eps": 0.8,
    "epsdiluted": 0.79,
    "weightedAverageShsOut": 215000000,
    "weightedAverageShsOutDil": 219100000,
    "link": "https://www.sec.gov/Archives/edgar/data/820027/000110465912074164/0001104659-12-074164-index.htm",
    "finalLink": "https://www.sec.gov/Archives/edgar/data/820027/000110465912074164/a12-19137_110q.htm"
  },
  {
    "date": "2012-06-30",
    "symbol": "AMP",
    "reportedCurrency": "USD",
    "cik": "0000820027",
    "fillingDate": "2012-08-08",
    "acceptedDate": "2012-08-08 17:06:58",
    "calendarYear": "2012",
    "period": "Q2",
    "revenue": 2514000000,
    "costOfRevenue": 0,
    "grossProfit": 2514000000,
    "grossProfitRatio": 1,
    "researchAndDevelopmentExpenses": 0,
    "generalAndAdministrativeExpenses": 763000000,
    "sellingAndMarketingExpenses": 663000000,
    "sellingGeneralAndAdministrativeExpenses": 1426000000,
    "otherExpenses": 789000000,
    "operatingExpenses": 2215000000,
    "costAndExpenses": 2215000000,
    "interestIncome": 0,
    "interestExpense": 72000000,
    "depreciationAndAmortization": 54000000,
    "ebitda": 425000000,
    "ebitdaratio": 0.1690533015,
    "operatingIncome": 299000000,
    "operatingIncomeRatio": 0.1189339698,
    "totalOtherIncomeExpensesNet": 0,
    "incomeBeforeTax": 299000000,
    "incomeBeforeTaxRatio": 0.1189339698,
    "incomeTaxExpense": 128000000,
    "netIncome": 223000000,
    "netIncomeRatio": 0.0887032617,
    "eps": 1.01,
    "epsdiluted": 0.99,
    "weightedAverageShsOut": 221700000,
    "weightedAverageShsOutDil": 225600000,
    "link": "https://www.sec.gov/Archives/edgar/data/820027/000110465912055986/0001104659-12-055986-index.htm",
    "finalLink": "https://www.sec.gov/Archives/edgar/data/820027/000110465912055986/a12-13272_110q.htm"
  },
  {
    "date": "2012-03-31",
    "symbol": "AMP",
    "reportedCurrency": "USD",
    "cik": "0000820027",
    "fillingDate": "2012-05-10",
    "acceptedDate": "2012-05-10 15:15:41",
    "calendarYear": "2012",
    "period": "Q1",
    "revenue": 2561000000,
    "costOfRevenue": 0,
    "grossProfit": 2561000000,
    "grossProfitRatio": 1,
    "researchAndDevelopmentExpenses": 0,
    "generalAndAdministrativeExpenses": 762000000,
    "sellingAndMarketingExpenses": 666000000,
    "sellingGeneralAndAdministrativeExpenses": 1428000000,
    "otherExpenses": 811000000,
    "operatingExpenses": 2239000000,
    "costAndExpenses": 2239000000,
    "interestIncome": 0,
    "interestExpense": 69000000,
    "depreciationAndAmortization": 56000000,
    "ebitda": 447000000,
    "ebitdaratio": 0.1745411948,
    "operatingIncome": 322000000,
    "operatingIncomeRatio": 0.1257321359,
    "totalOtherIncomeExpensesNet": 0,
    "incomeBeforeTax": 322000000,
    "incomeBeforeTaxRatio": 0.1257321359,
    "incomeTaxExpense": 73000000,
    "netIncome": 244000000,
    "netIncomeRatio": 0.0952752831,
    "eps": 1.08,
    "epsdiluted": 1.06,
    "weightedAverageShsOut": 227300000,
    "weightedAverageShsOutDil": 231700000,
    "link": "https://www.sec.gov/Archives/edgar/data/820027/000110465912035874/0001104659-12-035874-index.htm",
    "finalLink": "https://www.sec.gov/Archives/edgar/data/820027/000110465912035874/a12-6893_110q.htm"
  },
  {
    "date": "2011-12-31",
    "symbol": "AMP",
    "reportedCurrency": "USD",
    "cik": "0000820027",
    "fillingDate": "2012-02-24",
    "acceptedDate": "2012-02-24 16:30:54",
    "calendarYear": "2011",
    "period": "Q4",
    "revenue": 2629000000,
    "costOfRevenue": 0,
    "grossProfit": 2629000000,
    "grossProfitRatio": 1,
    "researchAndDevelopmentExpenses": 0,
    "generalAndAdministrativeExpenses": 0,
    "sellingAndMarketingExpenses": 0,
    "sellingGeneralAndAdministrativeExpenses": 1355000000,
    "otherExpenses": 922000000,
    "operatingExpenses": 2277000000,
    "costAndExpenses": 2277000000,
    "interestIncome": 0,
    "interestExpense": 143000000,
    "depreciationAndAmortization": 49000000,
    "ebitda": 544000000,
    "ebitdaratio": 0.2069227843,
    "operatingIncome": 352000000,
    "operatingIncomeRatio": 0.1338912134,
    "totalOtherIncomeExpensesNet": 0,
    "incomeBeforeTax": 352000000,
    "incomeBeforeTaxRatio": 0.1338912134,
    "incomeTaxExpense": 67000000,
    "netIncome": 253000000,
    "netIncomeRatio": 0.0962343096,
    "eps": 0,
    "epsdiluted": 0,
    "weightedAverageShsOut": 227300000,
    "weightedAverageShsOutDil": 231700000,
    "link": "https://www.sec.gov/Archives/edgar/data/820027/000104746912001474/0001047469-12-001474-index.htm",
    "finalLink": "https://www.sec.gov/Archives/edgar/data/820027/000104746912001474/a2207255z10-k.htm"
  },
  {
    "date": "2011-09-30",
    "symbol": "AMP",
    "reportedCurrency": "USD",
    "cik": "0000820027",
    "fillingDate": "2011-11-07",
    "acceptedDate": "2011-11-07 14:20:41",
    "calendarYear": "2011",
    "period": "Q3",
    "revenue": 2467000000,
    "costOfRevenue": 0,
    "grossProfit": 2467000000,
    "grossProfitRatio": 1,
    "researchAndDevelopmentExpenses": 0,
    "generalAndAdministrativeExpenses": 0,
    "sellingAndMarketingExpenses": 0,
    "sellingGeneralAndAdministrativeExpenses": 1384000000,
    "otherExpenses": 757000000,
    "operatingExpenses": 2141000000,
    "costAndExpenses": 2141000000,
    "interestIncome": 0,
    "interestExpense": 83000000,
    "depreciationAndAmortization": -6000000,
    "ebitda": 403000000,
    "ebitdaratio": 0.1633563032,
    "operatingIncome": 326000000,
    "operatingIncomeRatio": 0.1321443048,
    "totalOtherIncomeExpensesNet": 0,
    "incomeBeforeTax": 326000000,
    "incomeBeforeTaxRatio": 0.1321443048,
    "incomeTaxExpense": 109000000,
    "netIncome": 324000000,
    "netIncomeRatio": 0.1313336036,
    "eps": 1.14,
    "epsdiluted": 1.12,
    "weightedAverageShsOut": 238000000,
    "weightedAverageShsOutDil": 242000000,
    "link": "https://www.sec.gov/Archives/edgar/data/820027/000110465911061546/0001104659-11-061546-index.htm",
    "finalLink": "https://www.sec.gov/Archives/edgar/data/820027/000110465911061546/a11-25630_110q.htm"
  },
  {
    "date": "2011-06-30",
    "symbol": "AMP",
    "reportedCurrency": "USD",
    "cik": "0000820027",
    "fillingDate": "2011-08-09",
    "acceptedDate": "2011-08-09 17:07:49",
    "calendarYear": "2011",
    "period": "Q2",
    "revenue": 2634000000,
    "costOfRevenue": 0,
    "grossProfit": 2634000000,
    "grossProfitRatio": 1,
    "researchAndDevelopmentExpenses": 0,
    "generalAndAdministrativeExpenses": 0,
    "sellingAndMarketingExpenses": 0,
    "sellingGeneralAndAdministrativeExpenses": 1433000000,
    "otherExpenses": 792000000,
    "operatingExpenses": 2225000000,
    "costAndExpenses": 2225000000,
    "interestIncome": 0,
    "interestExpense": 86000000,
    "depreciationAndAmortization": 37000000,
    "ebitda": 532000000,
    "ebitdaratio": 0.2019741838,
    "operatingIncome": 409000000,
    "operatingIncomeRatio": 0.155277145,
    "totalOtherIncomeExpensesNet": 0,
    "incomeBeforeTax": 409000000,
    "incomeBeforeTaxRatio": 0.155277145,
    "incomeTaxExpense": 118000000,
    "netIncome": 315000000,
    "netIncomeRatio": 0.1195899772,
    "eps": 1.28,
    "epsdiluted": 1.25,
    "weightedAverageShsOut": 245500000,
    "weightedAverageShsOutDil": 251000000,
    "link": "https://www.sec.gov/Archives/edgar/data/820027/000110465911045435/0001104659-11-045435-index.htm",
    "finalLink": "https://www.sec.gov/Archives/edgar/data/820027/000110465911045435/a11-13804_110q.htm"
  },
  {
    "date": "2011-03-31",
    "symbol": "AMP",
    "reportedCurrency": "USD",
    "cik": "0000820027",
    "fillingDate": "2011-05-02",
    "acceptedDate": "2011-05-02 17:06:27",
    "calendarYear": "2011",
    "period": "Q1",
    "revenue": 2545000000,
    "costOfRevenue": 0,
    "grossProfit": 2545000000,
    "grossProfitRatio": 1,
    "researchAndDevelopmentExpenses": 0,
    "generalAndAdministrativeExpenses": 0,
    "sellingAndMarketingExpenses": 0,
    "sellingGeneralAndAdministrativeExpenses": 1405000000,
    "otherExpenses": 754000000,
    "operatingExpenses": 2159000000,
    "costAndExpenses": 2159000000,
    "interestIncome": 0,
    "interestExpense": 88000000,
    "depreciationAndAmortization": 30000000,
    "ebitda": 504000000,
    "ebitdaratio": 0.1980353635,
    "operatingIncome": 386000000,
    "operatingIncomeRatio": 0.1516699411,
    "totalOtherIncomeExpensesNet": 0,
    "incomeBeforeTax": 386000000,
    "incomeBeforeTaxRatio": 0.1516699411,
    "incomeTaxExpense": 92000000,
    "netIncome": 241000000,
    "netIncomeRatio": 0.0946954813,
    "eps": 0.96,
    "epsdiluted": 0.94,
    "weightedAverageShsOut": 251600000,
    "weightedAverageShsOutDil": 257700000,
    "link": "https://www.sec.gov/Archives/edgar/data/820027/000110465911024943/0001104659-11-024943-index.htm",
    "finalLink": "https://www.sec.gov/Archives/edgar/data/820027/000110465911024943/a11-8233_110q.htm"
  },
  {
    "date": "2010-12-31",
    "symbol": "AMP",
    "reportedCurrency": "USD",
    "cik": "0000820027",
    "fillingDate": "2011-02-28",
    "acceptedDate": "2011-02-28 16:15:58",
    "calendarYear": "2010",
    "period": "Q4",
    "revenue": 2692000000,
    "costOfRevenue": 0,
    "grossProfit": 2692000000,
    "grossProfitRatio": 1,
    "researchAndDevelopmentExpenses": 0,
    "generalAndAdministrativeExpenses": 0,
    "sellingAndMarketingExpenses": 0,
    "sellingGeneralAndAdministrativeExpenses": 1503000000,
    "otherExpenses": 864000000,
    "operatingExpenses": 2367000000,
    "costAndExpenses": 2367000000,
    "interestIncome": 0,
    "interestExpense": 0,
    "depreciationAndAmortization": 31000000,
    "ebitda": -308000000,
    "ebitdaratio": -0.1144130758,
    "operatingIncome": 325000000,
    "operatingIncomeRatio": 0.1207280832,
    "totalOtherIncomeExpensesNet": 0,
    "incomeBeforeTax": 325000000,
    "incomeBeforeTaxRatio": 0.1207280832,
    "incomeTaxExpense": 71000000,
    "netIncome": 280000000,
    "netIncomeRatio": 0.1040118871,
    "eps": 0,
    "epsdiluted": 0,
    "weightedAverageShsOut": 251600000,
    "weightedAverageShsOutDil": 257700000,
    "link": "https://www.sec.gov/Archives/edgar/data/820027/000104746911001543/0001047469-11-001543-index.htm",
    "finalLink": "https://www.sec.gov/Archives/edgar/data/820027/000104746911001543/a2202014z10-k.htm"
  },
  {
    "date": "2010-09-30",
    "symbol": "AMP",
    "reportedCurrency": "USD",
    "cik": "0000820027",
    "fillingDate": "2010-11-05",
    "acceptedDate": "2010-11-05 10:46:07",
    "calendarYear": "2010",
    "period": "Q3",
    "revenue": 2334000000,
    "costOfRevenue": 0,
    "grossProfit": 2334000000,
    "grossProfitRatio": 1,
    "researchAndDevelopmentExpenses": 0,
    "generalAndAdministrativeExpenses": 0,
    "sellingAndMarketingExpenses": 0,
    "sellingGeneralAndAdministrativeExpenses": 1197000000,
    "otherExpenses": 691000000,
    "operatingExpenses": 1888000000,
    "costAndExpenses": 1888000000,
    "interestIncome": 0,
    "interestExpense": 74000000,
    "depreciationAndAmortization": 31000000,
    "ebitda": 551000000,
    "ebitdaratio": 0.236075407,
    "operatingIncome": 446000000,
    "operatingIncomeRatio": 0.1910882605,
    "totalOtherIncomeExpensesNet": 0,
    "incomeBeforeTax": 446000000,
    "incomeBeforeTaxRatio": 0.1910882605,
    "incomeTaxExpense": 132000000,
    "netIncome": 344000000,
    "netIncomeRatio": 0.147386461,
    "eps": 1.35,
    "epsdiluted": 1.32,
    "weightedAverageShsOut": 255300000,
    "weightedAverageShsOutDil": 259900000,
    "link": "https://www.sec.gov/Archives/edgar/data/820027/000110465910056357/0001104659-10-056357-index.htm",
    "finalLink": "https://www.sec.gov/Archives/edgar/data/820027/000110465910056357/a10-17235_110q.htm"
  },
  {
    "date": "2010-06-30",
    "symbol": "AMP",
    "reportedCurrency": "USD",
    "cik": "0000820027",
    "fillingDate": "2010-08-04",
    "acceptedDate": "2010-08-04 16:19:30",
    "calendarYear": "2010",
    "period": "Q2",
    "revenue": 2462000000,
    "costOfRevenue": 0,
    "grossProfit": 2462000000,
    "grossProfitRatio": 1,
    "researchAndDevelopmentExpenses": 0,
    "generalAndAdministrativeExpenses": 0,
    "sellingAndMarketingExpenses": 0,
    "sellingGeneralAndAdministrativeExpenses": 1227000000,
    "otherExpenses": 773000000,
    "operatingExpenses": 2000000000,
    "costAndExpenses": 2000000000,
    "interestIncome": 0,
    "interestExpense": 74000000,
    "depreciationAndAmortization": 26000000,
    "ebitda": 562000000,
    "ebitdaratio": 0.2282696994,
    "operatingIncome": 462000000,
    "operatingIncomeRatio": 0.1876523152,
    "totalOtherIncomeExpensesNet": 0,
    "incomeBeforeTax": 462000000,
    "incomeBeforeTaxRatio": 0.1876523152,
    "incomeTaxExpense": 66000000,
    "netIncome": 259000000,
    "netIncomeRatio": 0.1051990252,
    "eps": 0.99,
    "epsdiluted": 0.98,
    "weightedAverageShsOut": 261100000,
    "weightedAverageShsOutDil": 265300000,
    "link": "https://www.sec.gov/Archives/edgar/data/820027/000110465910041892/0001104659-10-041892-index.htm",
    "finalLink": "https://www.sec.gov/Archives/edgar/data/820027/000110465910041892/a10-11884_110q.htm"
  },
  {
    "date": "2010-03-31",
    "symbol": "AMP",
    "reportedCurrency": "USD",
    "cik": "0000820027",
    "fillingDate": "2010-05-04",
    "acceptedDate": "2010-05-04 17:21:42",
    "calendarYear": "2010",
    "period": "Q1",
    "revenue": 2271000000,
    "costOfRevenue": 0,
    "grossProfit": 2271000000,
    "grossProfitRatio": 1,
    "researchAndDevelopmentExpenses": 0,
    "generalAndAdministrativeExpenses": 0,
    "sellingAndMarketingExpenses": 0,
    "sellingGeneralAndAdministrativeExpenses": 1146000000,
    "otherExpenses": 764000000,
    "operatingExpenses": 1910000000,
    "costAndExpenses": 1910000000,
    "interestIncome": 0,
    "interestExpense": 64000000,
    "depreciationAndAmortization": 22000000,
    "ebitda": 447000000,
    "ebitdaratio": 0.1968295905,
    "operatingIncome": 361000000,
    "operatingIncomeRatio": 0.1589608102,
    "totalOtherIncomeExpensesNet": 0,
    "incomeBeforeTax": 361000000,
    "incomeBeforeTaxRatio": 0.1589608102,
    "incomeTaxExpense": 65000000,
    "netIncome": 214000000,
    "netIncomeRatio": 0.094231616,
    "eps": 0.82,
    "epsdiluted": 0.81,
    "weightedAverageShsOut": 260800000,
    "weightedAverageShsOutDil": 265000000,
    "link": "https://www.sec.gov/Archives/edgar/data/820027/000110465910025288/0001104659-10-025288-index.htm",
    "finalLink": "https://www.sec.gov/Archives/edgar/data/820027/000110465910025288/a10-5715_110q.htm"
  },
  {
    "date": "2009-12-31",
    "symbol": "AMP",
    "reportedCurrency": "USD",
    "cik": "0000820027",
    "fillingDate": "2010-02-24",
    "acceptedDate": "2010-02-23 18:47:59",
    "calendarYear": "2009",
    "period": "Q4",
    "revenue": 2259000000,
    "costOfRevenue": 0,
    "grossProfit": 2259000000,
    "grossProfitRatio": 1,
    "researchAndDevelopmentExpenses": 0,
    "generalAndAdministrativeExpenses": 0,
    "sellingAndMarketingExpenses": 0,
    "sellingGeneralAndAdministrativeExpenses": 1202000000,
    "otherExpenses": 726000000,
    "operatingExpenses": 1928000000,
    "costAndExpenses": 1928000000,
    "interestIncome": 0,
    "interestExpense": 257000000,
    "depreciationAndAmortization": 19000000,
    "ebitda": 607000000,
    "ebitdaratio": 0.2687029659,
    "operatingIncome": 331000000,
    "operatingIncomeRatio": 0.1465250111,
    "totalOtherIncomeExpensesNet": 0,
    "incomeBeforeTax": 331000000,
    "incomeBeforeTaxRatio": 0.1465250111,
    "incomeTaxExpense": 57000000,
    "netIncome": 237000000,
    "netIncomeRatio": 0.1049136786,
    "eps": 0,
    "epsdiluted": 0,
    "weightedAverageShsOut": 260800000,
    "weightedAverageShsOutDil": 265000000,
    "link": "https://www.sec.gov/Archives/edgar/data/820027/000104746910001174/0001047469-10-001174-index.htm",
    "finalLink": "https://www.sec.gov/Archives/edgar/data/820027/000104746910001174/a2196525z10-k.htm"
  },
  {
    "date": "2009-09-30",
    "symbol": "AMP",
    "reportedCurrency": "USD",
    "cik": "0000820027",
    "fillingDate": "2009-11-03",
    "acceptedDate": "2009-11-02 17:52:01",
    "calendarYear": "2009",
    "period": "Q3",
    "revenue": 1979000000,
    "costOfRevenue": 0,
    "grossProfit": 1979000000,
    "grossProfitRatio": 1,
    "researchAndDevelopmentExpenses": 0,
    "generalAndAdministrativeExpenses": 0,
    "sellingAndMarketingExpenses": 0,
    "sellingGeneralAndAdministrativeExpenses": 1087000000,
    "otherExpenses": 552000000,
    "operatingExpenses": 1639000000,
    "costAndExpenses": 1639000000,
    "interestIncome": 0,
    "interestExpense": 310000000,
    "depreciationAndAmortization": 20000000,
    "ebitda": 670000000,
    "ebitdaratio": 0.3385548257,
    "operatingIncome": 340000000,
    "operatingIncomeRatio": 0.1718039414,
    "totalOtherIncomeExpensesNet": 0,
    "incomeBeforeTax": 340000000,
    "incomeBeforeTaxRatio": 0.1718039414,
    "incomeTaxExpense": 80000000,
    "netIncome": 260000000,
    "netIncomeRatio": 0.1313794846,
    "eps": 1,
    "epsdiluted": 1,
    "weightedAverageShsOut": 258700000,
    "weightedAverageShsOutDil": 260700000,
    "link": "https://www.sec.gov/Archives/edgar/data/820027/000110465909061913/0001104659-09-061913-index.htm",
    "finalLink": "https://www.sec.gov/Archives/edgar/data/820027/000110465909061913/a09-26099_110q.htm"
  },
  {
    "date": "2009-06-30",
    "symbol": "AMP",
    "reportedCurrency": "USD",
    "cik": "0000820027",
    "fillingDate": "2009-08-05",
    "acceptedDate": "2009-08-04 17:40:52",
    "calendarYear": "2009",
    "period": "Q2",
    "revenue": 1912000000,
    "costOfRevenue": 0,
    "grossProfit": 1912000000,
    "grossProfitRatio": 1,
    "researchAndDevelopmentExpenses": 0,
    "generalAndAdministrativeExpenses": 0,
    "sellingAndMarketingExpenses": 0,
    "sellingGeneralAndAdministrativeExpenses": 1032000000,
    "otherExpenses": 765000000,
    "operatingExpenses": 1797000000,
    "costAndExpenses": 1797000000,
    "interestIncome": 0,
    "interestExpense": 303000000,
    "depreciationAndAmortization": 25000000,
    "ebitda": 443000000,
    "ebitdaratio": 0.2316945607,
    "operatingIncome": 115000000,
    "operatingIncomeRatio": 0.0601464435,
    "totalOtherIncomeExpensesNet": 0,
    "incomeBeforeTax": 115000000,
    "incomeBeforeTaxRatio": 0.0601464435,
    "incomeTaxExpense": 28000000,
    "netIncome": 95000000,
    "netIncomeRatio": 0.0496861925,
    "eps": 0.37,
    "epsdiluted": 0.37,
    "weightedAverageShsOut": 222300000,
    "weightedAverageShsOutDil": 223500000,
    "link": "https://www.sec.gov/Archives/edgar/data/820027/000110465909046999/0001104659-09-046999-index.htm",
    "finalLink": "https://www.sec.gov/Archives/edgar/data/820027/000110465909046999/a09-16836_110q.htm"
  },
  {
    "date": "2009-03-31",
    "symbol": "AMP",
    "reportedCurrency": "USD",
    "cik": "0000820027",
    "fillingDate": "2009-05-06",
    "acceptedDate": "2009-05-06 16:20:15",
    "calendarYear": "2009",
    "period": "Q1",
    "revenue": 1758000000,
    "costOfRevenue": 0,
    "grossProfit": 1758000000,
    "grossProfitRatio": 1,
    "researchAndDevelopmentExpenses": 0,
    "generalAndAdministrativeExpenses": 0,
    "sellingAndMarketingExpenses": 0,
    "sellingGeneralAndAdministrativeExpenses": 965000000,
    "otherExpenses": 659000000,
    "operatingExpenses": 1624000000,
    "costAndExpenses": 1624000000,
    "interestIncome": 0,
    "interestExpense": 273000000,
    "depreciationAndAmortization": 56000000,
    "ebitda": 463000000,
    "ebitdaratio": 0.263367463,
    "operatingIncome": 134000000,
    "operatingIncomeRatio": 0.0762229807,
    "totalOtherIncomeExpensesNet": 0,
    "incomeBeforeTax": 134000000,
    "incomeBeforeTaxRatio": 0.0762229807,
    "incomeTaxExpense": 18000000,
    "netIncome": 130000000,
    "netIncomeRatio": 0.0739476678,
    "eps": 0.58,
    "epsdiluted": 0.58,
    "weightedAverageShsOut": 222300000,
    "weightedAverageShsOutDil": 223500000,
    "link": "https://www.sec.gov/Archives/edgar/data/820027/000110465909030010/0001104659-09-030010-index.htm",
    "finalLink": "https://www.sec.gov/Archives/edgar/data/820027/000110465909030010/a09-9934_110q.htm"
  },
  {
    "date": "2008-12-31",
    "symbol": "AMP",
    "reportedCurrency": "USD",
    "cik": "0000820027",
    "fillingDate": "2009-03-02",
    "acceptedDate": "2009-03-02 16:27:16",
    "calendarYear": "2008",
    "period": "Q4",
    "revenue": 1610000000,
    "costOfRevenue": 0,
    "grossProfit": 1610000000,
    "grossProfitRatio": 1,
    "researchAndDevelopmentExpenses": 0,
    "generalAndAdministrativeExpenses": 0,
    "sellingAndMarketingExpenses": 0,
    "sellingGeneralAndAdministrativeExpenses": 240000000,
    "otherExpenses": 2011000000,
    "operatingExpenses": 2251000000,
    "costAndExpenses": 2251000000,
    "interestIncome": 0,
    "interestExpense": 75000000,
    "depreciationAndAmortization": -539000000,
    "ebitda": -1105000000,
    "ebitdaratio": -0.6863354037,
    "operatingIncome": -641000000,
    "operatingIncomeRatio": -0.398136646,
    "totalOtherIncomeExpensesNet": 0,
    "incomeBeforeTax": -641000000,
    "incomeBeforeTaxRatio": -0.398136646,
    "incomeTaxExpense": -272000000,
    "netIncome": -369000000,
    "netIncomeRatio": -0.2291925466,
    "eps": 0,
    "epsdiluted": 0,
    "weightedAverageShsOut": 222300000,
    "weightedAverageShsOutDil": 223500000,
    "link": "https://www.sec.gov/Archives/edgar/data/820027/000104746909002121/0001047469-09-002121-index.htm",
    "finalLink": "https://www.sec.gov/Archives/edgar/data/820027/000104746909002121/a2190881z10-k.htm"
  },
  {
    "date": "2008-09-30",
    "symbol": "AMP",
    "reportedCurrency": "USD",
    "cik": "0000820027",
    "fillingDate": "2008-11-05",
    "acceptedDate": "2008-11-04 19:27:04",
    "calendarYear": "2008",
    "period": "Q3",
    "revenue": 1629000000,
    "costOfRevenue": 0,
    "grossProfit": 1629000000,
    "grossProfitRatio": 1,
    "researchAndDevelopmentExpenses": 0,
    "generalAndAdministrativeExpenses": 0,
    "sellingAndMarketingExpenses": 0,
    "sellingGeneralAndAdministrativeExpenses": 1142000000,
    "otherExpenses": 663000000,
    "operatingExpenses": 1805000000,
    "costAndExpenses": 1805000000,
    "interestIncome": 0,
    "interestExpense": 227000000,
    "depreciationAndAmortization": 72000000,
    "ebitda": 123000000,
    "ebitdaratio": 0.0755064457,
    "operatingIncome": -176000000,
    "operatingIncomeRatio": -0.1080417434,
    "totalOtherIncomeExpensesNet": 0,
    "incomeBeforeTax": -176000000,
    "incomeBeforeTaxRatio": -0.1080417434,
    "incomeTaxExpense": -92000000,
    "netIncome": -70000000,
    "netIncomeRatio": -0.0429711479,
    "eps": -0.32,
    "epsdiluted": -0.32,
    "weightedAverageShsOut": 219100000,
    "weightedAverageShsOutDil": 221700000,
    "link": "https://www.sec.gov/Archives/edgar/data/820027/000110465908067959/0001104659-08-067959-index.htm",
    "finalLink": "https://www.sec.gov/Archives/edgar/data/820027/000110465908067959/a08-25534_110q.htm"
  },
  {
    "date": "2008-06-30",
    "symbol": "AMP",
    "reportedCurrency": "USD",
    "cik": "0000820027",
    "fillingDate": "2008-08-04",
    "acceptedDate": "2008-08-04 17:17:49",
    "calendarYear": "2008",
    "period": "Q2",
    "revenue": 1968000000,
    "costOfRevenue": 0,
    "grossProfit": 1968000000,
    "grossProfitRatio": 1,
    "researchAndDevelopmentExpenses": 0,
    "generalAndAdministrativeExpenses": 567000000,
    "sellingAndMarketingExpenses": 511000000,
    "sellingGeneralAndAdministrativeExpenses": 1078000000,
    "otherExpenses": 658000000,
    "operatingExpenses": 1736000000,
    "costAndExpenses": 1736000000,
    "interestIncome": 0,
    "interestExpense": 220000000,
    "depreciationAndAmortization": 97000000,
    "ebitda": 549000000,
    "ebitdaratio": 0.2789634146,
    "operatingIncome": 232000000,
    "operatingIncomeRatio": 0.1178861789,
    "totalOtherIncomeExpensesNet": 0,
    "incomeBeforeTax": 232000000,
    "incomeBeforeTaxRatio": 0.1178861789,
    "incomeTaxExpense": 27000000,
    "netIncome": 210000000,
    "netIncomeRatio": 0.1067073171,
    "eps": 0.94,
    "epsdiluted": 0.93,
    "weightedAverageShsOut": 223200000,
    "weightedAverageShsOutDil": 226000000,
    "link": "https://www.sec.gov/Archives/edgar/data/820027/000110465908049648/0001104659-08-049648-index.htm",
    "finalLink": "https://www.sec.gov/Archives/edgar/data/820027/000110465908049648/a08-18848_110q.htm"
  },
  {
    "date": "2008-03-31",
    "symbol": "AMP",
    "reportedCurrency": "USD",
    "cik": "0000820027",
    "fillingDate": "2008-05-06",
    "acceptedDate": "2008-05-06 12:16:58",
    "calendarYear": "2008",
    "period": "Q1",
    "revenue": 1991000000,
    "costOfRevenue": 0,
    "grossProfit": 1991000000,
    "grossProfitRatio": 1,
    "researchAndDevelopmentExpenses": 0,
    "generalAndAdministrativeExpenses": 585000000,
    "sellingAndMarketingExpenses": 537000000,
    "sellingGeneralAndAdministrativeExpenses": 1122000000,
    "otherExpenses": 679000000,
    "operatingExpenses": 1801000000,
    "costAndExpenses": 1801000000,
    "interestIncome": 0,
    "interestExpense": 221000000,
    "depreciationAndAmortization": 45000000,
    "ebitda": 456000000,
    "ebitdaratio": 0.2290306379,
    "operatingIncome": 190000000,
    "operatingIncomeRatio": 0.0954294324,
    "totalOtherIncomeExpensesNet": 0,
    "incomeBeforeTax": 190000000,
    "incomeBeforeTaxRatio": 0.0954294324,
    "incomeTaxExpense": 4000000,
    "netIncome": 191000000,
    "netIncomeRatio": 0.0959316926,
    "eps": 0.84,
    "epsdiluted": 0.82,
    "weightedAverageShsOut": 228400000,
    "weightedAverageShsOutDil": 231500000,
    "link": "https://www.sec.gov/Archives/edgar/data/820027/000110465908030168/0001104659-08-030168-index.htm",
    "finalLink": "https://www.sec.gov/Archives/edgar/data/820027/000110465908030168/a08-11487_110q.htm"
  },
  {
    "date": "2007-12-31",
    "symbol": "AMP",
    "reportedCurrency": "USD",
    "cik": "0000820027",
    "fillingDate": "2008-02-29",
    "acceptedDate": "2008-02-29 14:19:44",
    "calendarYear": "2007",
    "period": "Q4",
    "revenue": 2207000000,
    "costOfRevenue": 0,
    "grossProfit": 2207000000,
    "grossProfitRatio": 1,
    "researchAndDevelopmentExpenses": 0,
    "generalAndAdministrativeExpenses": -44000000,
    "sellingAndMarketingExpenses": -76000000,
    "sellingGeneralAndAdministrativeExpenses": -120000000,
    "otherExpenses": 1989000000,
    "operatingExpenses": 1869000000,
    "costAndExpenses": 1869000000,
    "interestIncome": 0,
    "interestExpense": 19000000,
    "depreciationAndAmortization": 231000000,
    "ebitda": 588000000,
    "ebitdaratio": 0.2664250113,
    "operatingIncome": 338000000,
    "operatingIncomeRatio": 0.1531490711,
    "totalOtherIncomeExpensesNet": 0,
    "incomeBeforeTax": 338000000,
    "incomeBeforeTaxRatio": 0.1531490711,
    "incomeTaxExpense": 83000000,
    "netIncome": 255000000,
    "netIncomeRatio": 0.115541459,
    "eps": 0,
    "epsdiluted": 0,
    "weightedAverageShsOut": 228400000,
    "weightedAverageShsOutDil": 231500000,
    "link": "https://www.sec.gov/Archives/edgar/data/820027/000104746908002027/0001047469-08-002027-index.htm",
    "finalLink": "https://www.sec.gov/Archives/edgar/data/820027/000104746908002027/a2182855z10-k.htm"
  },
  {
    "date": "2007-09-30",
    "symbol": "AMP",
    "reportedCurrency": "USD",
    "cik": "0000820027",
    "fillingDate": "2007-11-07",
    "acceptedDate": "2007-11-07 09:13:30",
    "calendarYear": "2007",
    "period": "Q3",
    "revenue": 2084000000,
    "costOfRevenue": 0,
    "grossProfit": 2084000000,
    "grossProfitRatio": 1,
    "researchAndDevelopmentExpenses": 0,
    "generalAndAdministrativeExpenses": 855000000,
    "sellingAndMarketingExpenses": 24000000,
    "sellingGeneralAndAdministrativeExpenses": 1467000000,
    "otherExpenses": 400000000,
    "operatingExpenses": 1867000000,
    "costAndExpenses": 1867000000,
    "interestIncome": 0,
    "interestExpense": 84000000,
    "depreciationAndAmortization": 174000000,
    "ebitda": 475000000,
    "ebitdaratio": 0.2279270633,
    "operatingIncome": 217000000,
    "operatingIncomeRatio": 0.1041266795,
    "totalOtherIncomeExpensesNet": 0,
    "incomeBeforeTax": 217000000,
    "incomeBeforeTaxRatio": 0.1041266795,
    "incomeTaxExpense": 19000000,
    "netIncome": 198000000,
    "netIncomeRatio": 0.0950095969,
    "eps": 0.84,
    "epsdiluted": 0.83,
    "weightedAverageShsOut": 235400000,
    "weightedAverageShsOutDil": 239200000,
    "link": "https://www.sec.gov/Archives/edgar/data/820027/000110465907080458/0001104659-07-080458-index.htm",
    "finalLink": "https://www.sec.gov/Archives/edgar/data/820027/000110465907080458/a07-25767_110q.htm"
  },
  {
    "date": "2007-06-30",
    "symbol": "AMP",
    "reportedCurrency": "USD",
    "cik": "0000820027",
    "fillingDate": "2007-08-06",
    "acceptedDate": "2007-08-06 16:49:31",
    "calendarYear": "2007",
    "period": "Q2",
    "revenue": 3636000000,
    "costOfRevenue": 0,
    "grossProfit": 3636000000,
    "grossProfitRatio": 1,
    "researchAndDevelopmentExpenses": 0,
    "generalAndAdministrativeExpenses": 905000000,
    "sellingAndMarketingExpenses": 25000000,
    "sellingGeneralAndAdministrativeExpenses": 655000000,
    "otherExpenses": 2736000000,
    "operatingExpenses": 3391000000,
    "costAndExpenses": 3391000000,
    "interestIncome": 0,
    "interestExpense": 29000000,
    "depreciationAndAmortization": 333000000,
    "ebitda": 607000000,
    "ebitdaratio": 0.1669416942,
    "operatingIncome": 245000000,
    "operatingIncomeRatio": 0.0673817382,
    "totalOtherIncomeExpensesNet": 0,
    "incomeBeforeTax": 245000000,
    "incomeBeforeTaxRatio": 0.0673817382,
    "incomeTaxExpense": 49000000,
    "netIncome": 196000000,
    "netIncomeRatio": 0.0539053905,
    "eps": 0.83,
    "epsdiluted": 0.81,
    "weightedAverageShsOut": 237400000,
    "weightedAverageShsOutDil": 241000000,
    "link": "https://www.sec.gov/Archives/edgar/data/820027/000110465907059197/0001104659-07-059197-index.htm",
    "finalLink": "https://www.sec.gov/Archives/edgar/data/820027/000110465907059197/a07-19095_110q.htm"
  },
  {
    "date": "2007-03-31",
    "symbol": "AMP",
    "reportedCurrency": "USD",
    "cik": "0000820027",
    "fillingDate": "2007-05-09",
    "acceptedDate": "2007-05-09 14:17:41",
    "calendarYear": "2007",
    "period": "Q1",
    "revenue": 2027000000,
    "costOfRevenue": 0,
    "grossProfit": 2027000000,
    "grossProfitRatio": 1,
    "researchAndDevelopmentExpenses": 0,
    "generalAndAdministrativeExpenses": 842000000,
    "sellingAndMarketingExpenses": 27000000,
    "sellingGeneralAndAdministrativeExpenses": 617000000,
    "otherExpenses": 1194000000,
    "operatingExpenses": 1811000000,
    "costAndExpenses": 1811000000,
    "interestIncome": 0,
    "interestExpense": 32000000,
    "depreciationAndAmortization": 41000000,
    "ebitda": 289000000,
    "ebitdaratio": 0.1425752343,
    "operatingIncome": 216000000,
    "operatingIncomeRatio": 0.1065614208,
    "totalOtherIncomeExpensesNet": 0,
    "incomeBeforeTax": 216000000,
    "incomeBeforeTaxRatio": 0.1065614208,
    "incomeTaxExpense": 51000000,
    "netIncome": 165000000,
    "netIncomeRatio": 0.0814010853,
    "eps": 0.69,
    "epsdiluted": 0.68,
    "weightedAverageShsOut": 240700000,
    "weightedAverageShsOutDil": 244100000,
    "link": "https://www.sec.gov/Archives/edgar/data/820027/000110465907037461/0001104659-07-037461-index.htm",
    "finalLink": "https://www.sec.gov/Archives/edgar/data/820027/000110465907037461/a07-11102_110q.htm"
  },
  {
    "date": "2006-12-31",
    "symbol": "AMP",
    "reportedCurrency": "USD",
    "cik": "0000820027",
    "fillingDate": "2007-02-27",
    "acceptedDate": "2007-02-27 13:11:51",
    "calendarYear": "2006",
    "period": "Q4",
    "revenue": 2161000000,
    "costOfRevenue": 0,
    "grossProfit": 2161000000,
    "grossProfitRatio": 1,
    "researchAndDevelopmentExpenses": 0,
    "generalAndAdministrativeExpenses": 852000000,
    "sellingAndMarketingExpenses": 0,
    "sellingGeneralAndAdministrativeExpenses": 852000000,
    "otherExpenses": 1106000000,
    "operatingExpenses": 1958000000,
    "costAndExpenses": 1958000000,
    "interestIncome": 0,
    "interestExpense": 33000000,
    "depreciationAndAmortization": 146000000,
    "ebitda": 382000000,
    "ebitdaratio": 0.1767700139,
    "operatingIncome": 203000000,
    "operatingIncomeRatio": 0.0939379917,
    "totalOtherIncomeExpensesNet": 0,
    "incomeBeforeTax": 203000000,
    "incomeBeforeTaxRatio": 0.0939379917,
    "incomeTaxExpense": 32000000,
    "netIncome": 171000000,
    "netIncomeRatio": 0.0791300324,
    "eps": 0,
    "epsdiluted": 0,
    "weightedAverageShsOut": 240700000,
    "weightedAverageShsOutDil": 244100000,
    "link": "https://www.sec.gov/Archives/edgar/data/820027/000110465907014265/0001104659-07-014265-index.htm",
    "finalLink": "https://www.sec.gov/Archives/edgar/data/820027/000110465907014265/a07-1851_310k.htm"
  },
  {
    "date": "2006-09-30",
    "symbol": "AMP",
    "reportedCurrency": "USD",
    "cik": "0000820027",
    "fillingDate": "2006-11-06",
    "acceptedDate": "2006-11-06 17:15:15",
    "calendarYear": "2006",
    "period": "Q3",
    "revenue": 1977000000,
    "costOfRevenue": 0,
    "grossProfit": 1977000000,
    "grossProfitRatio": 1,
    "researchAndDevelopmentExpenses": 0,
    "generalAndAdministrativeExpenses": 756000000,
    "sellingAndMarketingExpenses": 0,
    "sellingGeneralAndAdministrativeExpenses": 756000000,
    "otherExpenses": 1004000000,
    "operatingExpenses": 1760000000,
    "costAndExpenses": 1760000000,
    "interestIncome": 0,
    "interestExpense": 32000000,
    "depreciationAndAmortization": 443000000,
    "ebitda": 692000000,
    "ebitdaratio": 0.3500252908,
    "operatingIncome": 217000000,
    "operatingIncomeRatio": 0.1097622661,
    "totalOtherIncomeExpensesNet": 0,
    "incomeBeforeTax": 217000000,
    "incomeBeforeTaxRatio": 0.1097622661,
    "incomeTaxExpense": 43000000,
    "netIncome": 174000000,
    "netIncomeRatio": 0.0880121396,
    "eps": 0.71,
    "epsdiluted": 0.71,
    "weightedAverageShsOut": 244500000,
    "weightedAverageShsOutDil": 246400000,
    "link": "https://www.sec.gov/Archives/edgar/data/820027/000110465906071740/0001104659-06-071740-index.htm",
    "finalLink": "https://www.sec.gov/Archives/edgar/data/820027/000110465906071740/a06-21991_110q.htm"
  },
  {
    "date": "2006-06-30",
    "symbol": "AMP",
    "reportedCurrency": "USD",
    "cik": "0000820027",
    "fillingDate": "2006-08-08",
    "acceptedDate": "2006-08-08 16:10:13",
    "calendarYear": "2006",
    "period": "Q2",
    "revenue": 2053000000,
    "costOfRevenue": 0,
    "grossProfit": 2053000000,
    "grossProfitRatio": 1,
    "researchAndDevelopmentExpenses": 0,
    "generalAndAdministrativeExpenses": 766000000,
    "sellingAndMarketingExpenses": 0,
    "sellingGeneralAndAdministrativeExpenses": 766000000,
    "otherExpenses": 1101000000,
    "operatingExpenses": 1867000000,
    "costAndExpenses": 1867000000,
    "interestIncome": 0,
    "interestExpense": 28000000,
    "depreciationAndAmortization": 57000000,
    "ebitda": 271000000,
    "ebitdaratio": 0.1320019484,
    "operatingIncome": 186000000,
    "operatingIncomeRatio": 0.0905991232,
    "totalOtherIncomeExpensesNet": 0,
    "incomeBeforeTax": 186000000,
    "incomeBeforeTaxRatio": 0.0905991232,
    "incomeTaxExpense": 45000000,
    "netIncome": 141000000,
    "netIncomeRatio": 0.0686799805,
    "eps": 0.57,
    "epsdiluted": 0.57,
    "weightedAverageShsOut": 246300000,
    "weightedAverageShsOutDil": 248000000,
    "link": "https://www.sec.gov/Archives/edgar/data/820027/000110465906052503/0001104659-06-052503-index.htm",
    "finalLink": "https://www.sec.gov/Archives/edgar/data/820027/000110465906052503/a06-15690_110q.htm"
  },
  {
    "date": "2006-03-31",
    "symbol": "AMP",
    "reportedCurrency": "USD",
    "cik": "0000820027",
    "fillingDate": "2006-05-08",
    "acceptedDate": "2006-05-08 17:23:08",
    "calendarYear": "2006",
    "period": "Q1",
    "revenue": 1949000000,
    "costOfRevenue": 0,
    "grossProfit": 1949000000,
    "grossProfitRatio": 1,
    "researchAndDevelopmentExpenses": 0,
    "generalAndAdministrativeExpenses": 739000000,
    "sellingAndMarketingExpenses": 0,
    "sellingGeneralAndAdministrativeExpenses": 739000000,
    "otherExpenses": 1019000000,
    "operatingExpenses": 1758000000,
    "costAndExpenses": 1758000000,
    "interestIncome": 0,
    "interestExpense": 23000000,
    "depreciationAndAmortization": 40000000,
    "ebitda": 254000000,
    "ebitdaratio": 0.1303232427,
    "operatingIncome": 191000000,
    "operatingIncomeRatio": 0.0979989738,
    "totalOtherIncomeExpensesNet": 0,
    "incomeBeforeTax": 191000000,
    "incomeBeforeTaxRatio": 0.0979989738,
    "incomeTaxExpense": 46000000,
    "netIncome": 145000000,
    "netIncomeRatio": 0.0743971267,
    "eps": 0.57,
    "epsdiluted": 0.57,
    "weightedAverageShsOut": 252300000,
    "weightedAverageShsOutDil": 253500000,
    "link": "https://www.sec.gov/Archives/edgar/data/820027/000110465906032171/0001104659-06-032171-index.htm",
    "finalLink": "https://www.sec.gov/Archives/edgar/data/820027/000110465906032171/a06-9892_110q.htm"
  },
  {
    "date": "2005-12-31",
    "symbol": "AMP",
    "reportedCurrency": "USD",
    "cik": "0000820027",
    "fillingDate": "2006-03-08",
    "acceptedDate": "2006-03-08 17:21:31",
    "calendarYear": "2005",
    "period": "Q4",
    "revenue": 1869000000,
    "costOfRevenue": 0,
    "grossProfit": 1869000000,
    "grossProfitRatio": 1,
    "researchAndDevelopmentExpenses": 0,
    "generalAndAdministrativeExpenses": 655000000,
    "sellingAndMarketingExpenses": 0,
    "sellingGeneralAndAdministrativeExpenses": 655000000,
    "otherExpenses": 1087000000,
    "operatingExpenses": 1742000000,
    "costAndExpenses": 1742000000,
    "interestIncome": 0,
    "interestExpense": 21000000,
    "depreciationAndAmortization": 66000000,
    "ebitda": 214000000,
    "ebitdaratio": 0.1144997325,
    "operatingIncome": 127000000,
    "operatingIncomeRatio": 0.0679507758,
    "totalOtherIncomeExpensesNet": 0,
    "incomeBeforeTax": 127000000,
    "incomeBeforeTaxRatio": 0.0679507758,
    "incomeTaxExpense": 16000000,
    "netIncome": 111000000,
    "netIncomeRatio": 0.0593900482,
    "eps": 0,
    "epsdiluted": 0,
    "weightedAverageShsOut": 252300000,
    "weightedAverageShsOutDil": 253500000,
    "link": "https://www.sec.gov/Archives/edgar/data/820027/000110465906015078/0001104659-06-015078-index.htm",
    "finalLink": "https://www.sec.gov/Archives/edgar/data/820027/000110465906015078/a06-5951_110k.htm"
  },
  {
    "date": "2005-09-30",
    "symbol": "AMP",
    "reportedCurrency": "USD",
    "cik": "0000820027",
    "fillingDate": "2005-11-14",
    "acceptedDate": "2005-11-14 17:39:04",
    "calendarYear": "2005",
    "period": "Q3",
    "revenue": 1873000000,
    "costOfRevenue": 0,
    "grossProfit": 1873000000,
    "grossProfitRatio": 1,
    "researchAndDevelopmentExpenses": 0,
    "generalAndAdministrativeExpenses": 703000000,
    "sellingAndMarketingExpenses": 0,
    "sellingGeneralAndAdministrativeExpenses": 703000000,
    "otherExpenses": 989000000,
    "operatingExpenses": 1692000000,
    "costAndExpenses": 1692000000,
    "interestIncome": 0,
    "interestExpense": 16000000,
    "depreciationAndAmortization": 48000000,
    "ebitda": 245000000,
    "ebitdaratio": 0.1308061933,
    "operatingIncome": 181000000,
    "operatingIncomeRatio": 0.0966364122,
    "totalOtherIncomeExpensesNet": 0,
    "incomeBeforeTax": 181000000,
    "incomeBeforeTaxRatio": 0.0966364122,
    "incomeTaxExpense": 58000000,
    "netIncome": 125000000,
    "netIncomeRatio": 0.0667378537,
    "eps": 0.5,
    "epsdiluted": 0.5,
    "weightedAverageShsOut": 246200000,
    "weightedAverageShsOutDil": 246200000,
    "link": "https://www.sec.gov/Archives/edgar/data/820027/000110465905055581/0001104659-05-055581-index.htm",
    "finalLink": "https://www.sec.gov/Archives/edgar/data/820027/000110465905055581/a05-19948_210q.htm"
  },
  {
    "date": "2005-06-30",
    "symbol": "AMP",
    "reportedCurrency": "USD",
    "cik": "0000820027",
    "fillingDate": "2005-06-30",
    "acceptedDate": "2005-06-29 20:00:00",
    "calendarYear": "2005",
    "period": "Q2",
    "revenue": 1895000000,
    "costOfRevenue": 0,
    "grossProfit": 1895000000,
    "grossProfitRatio": 1,
    "researchAndDevelopmentExpenses": 0,
    "generalAndAdministrativeExpenses": 651000000,
    "sellingAndMarketingExpenses": 0,
    "sellingGeneralAndAdministrativeExpenses": 651000000,
    "otherExpenses": 1053000000,
    "operatingExpenses": 1704000000,
    "costAndExpenses": 1704000000,
    "interestIncome": 0,
    "interestExpense": 19000000,
    "depreciationAndAmortization": 0,
    "ebitda": 0,
    "ebitdaratio": 0,
    "operatingIncome": 191000000,
    "operatingIncomeRatio": 0.1007915567,
    "totalOtherIncomeExpensesNet": 0,
    "incomeBeforeTax": 191000000,
    "incomeBeforeTaxRatio": 0.1007915567,
    "incomeTaxExpense": 42000000,
    "netIncome": 155000000,
    "netIncomeRatio": 0.0817941953,
    "eps": 0.63,
    "epsdiluted": 0.63,
    "weightedAverageShsOut": 246200000,
    "weightedAverageShsOutDil": 246200000,
    "link": "",
    "finalLink": ""
  },
  {
    "date": "2005-03-31",
    "symbol": "AMP",
    "reportedCurrency": "USD",
    "cik": "0000820027",
    "fillingDate": "2005-03-31",
    "acceptedDate": "2005-03-30 19:00:00",
    "calendarYear": "2005",
    "period": "Q1",
    "revenue": 1847000000,
    "costOfRevenue": 0,
    "grossProfit": 1847000000,
    "grossProfitRatio": 1,
    "researchAndDevelopmentExpenses": 0,
    "generalAndAdministrativeExpenses": 641000000,
    "sellingAndMarketingExpenses": 0,
    "sellingGeneralAndAdministrativeExpenses": 641000000,
    "otherExpenses": 960000000,
    "operatingExpenses": 1601000000,
    "costAndExpenses": 1601000000,
    "interestIncome": 0,
    "interestExpense": 17000000,
    "depreciationAndAmortization": 0,
    "ebitda": 0,
    "ebitdaratio": 0,
    "operatingIncome": 246000000,
    "operatingIncomeRatio": 0.1331889551,
    "totalOtherIncomeExpensesNet": 0,
    "incomeBeforeTax": 246000000,
    "incomeBeforeTaxRatio": 0.1331889551,
    "incomeTaxExpense": 71000000,
    "netIncome": 183000000,
    "netIncomeRatio": 0.0990795885,
    "eps": 0.74,
    "epsdiluted": 0.74,
    "weightedAverageShsOut": 246200000,
    "weightedAverageShsOutDil": 246200000,
    "link": "",
    "finalLink": ""
  },
  {
    "date": "2004-12-31",
    "symbol": "AMP",
    "reportedCurrency": "USD",
    "cik": "0000820027",
    "fillingDate": "2004-12-31",
    "acceptedDate": "2004-12-30 19:00:00",
    "calendarYear": "2004",
    "period": "Q4",
    "revenue": 2061000000,
    "costOfRevenue": 0,
    "grossProfit": 2061000000,
    "grossProfitRatio": 1,
    "researchAndDevelopmentExpenses": 0,
    "generalAndAdministrativeExpenses": 598000000,
    "sellingAndMarketingExpenses": 0,
    "sellingGeneralAndAdministrativeExpenses": 598000000,
    "otherExpenses": 1142000000,
    "operatingExpenses": 1740000000,
    "costAndExpenses": 1740000000,
    "interestIncome": 0,
    "interestExpense": 0,
    "depreciationAndAmortization": 0,
    "ebitda": 0,
    "ebitdaratio": 0,
    "operatingIncome": 321000000,
    "operatingIncomeRatio": 0.1557496361,
    "totalOtherIncomeExpensesNet": 0,
    "incomeBeforeTax": 321000000,
    "incomeBeforeTaxRatio": 0.1557496361,
    "incomeTaxExpense": 55000000,
    "netIncome": 235000000,
    "netIncomeRatio": 0.1140223193,
    "eps": 0,
    "epsdiluted": 0,
    "weightedAverageShsOut": 248000000,
    "weightedAverageShsOutDil": 248000000,
    "link": "",
    "finalLink": ""
  },
  {
    "date": "2004-09-30",
    "symbol": "AMP",
    "reportedCurrency": "USD",
    "cik": "0000820027",
    "fillingDate": "2004-09-30",
    "acceptedDate": "2004-09-29 20:00:00",
    "calendarYear": "2004",
    "period": "Q3",
    "revenue": 1712000000,
    "costOfRevenue": 0,
    "grossProfit": 1712000000,
    "grossProfitRatio": 1,
    "researchAndDevelopmentExpenses": 0,
    "generalAndAdministrativeExpenses": 560000000,
    "sellingAndMarketingExpenses": 0,
    "sellingGeneralAndAdministrativeExpenses": 560000000,
    "otherExpenses": 891000000,
    "operatingExpenses": 1451000000,
    "costAndExpenses": 1451000000,
    "interestIncome": 0,
    "interestExpense": 0,
    "depreciationAndAmortization": 0,
    "ebitda": 0,
    "ebitdaratio": 0,
    "operatingIncome": 261000000,
    "operatingIncomeRatio": 0.152453271,
    "totalOtherIncomeExpensesNet": 0,
    "incomeBeforeTax": 261000000,
    "incomeBeforeTaxRatio": 0.152453271,
    "incomeTaxExpense": 73000000,
    "netIncome": 199000000,
    "netIncomeRatio": 0.1162383178,
    "eps": 0.81,
    "epsdiluted": 0.81,
    "weightedAverageShsOut": 246000000,
    "weightedAverageShsOutDil": 246000000,
    "link": "",
    "finalLink": ""
  }
]