[
  {
    "date": "2024-12-31",
    "symbol": "AMP",
    "reportedCurrency": "USD",
    "cik": "0000820027",
    "fillingDate": "2025-02-20",
    "acceptedDate": "2025-02-20 15:49:46",
    "calendarYear": "2024",
    "period": "FY",
    "revenue": 17264000000,
    "costOfRevenue": 0,
    "grossProfit": 17264000000,
    "grossProfitRatio": 1,
    "researchAndDevelopmentExpenses": 0,
    "generalAndAdministrativeExpenses": 3903000000,
    "sellingAndMarketingExpenses": 6024000000,
    "sellingGeneralAndAdministrativeExpenses": 9927000000,
    "otherExpenses": 3070000000,
    "operatingExpenses": 12997000000,
    "costAndExpenses": 12997000000,
    "interestIncome": 0,
    "interestExpense": 329000000,
    "depreciationAndAmortization": -159000000,
    "ebitda": 4437000000,
    "ebitdaratio": 0.2570088044,
    "operatingIncome": 4267000000,
    "operatingIncomeRatio": 0.2471617238,
    "totalOtherIncomeExpensesNet": 0,
    "incomeBeforeTax": 4267000000,
    "incomeBeforeTaxRatio": 0.2471617238,
    "incomeTaxExpense": 866000000,
    "netIncome": 3401000000,
    "netIncomeRatio": 0.1969995366,
    "eps": 33.67,
    "epsdiluted": 33.05,
    "weightedAverageShsOut": 101000000,
    "weightedAverageShsOutDil": 102900000,
    "link": "https://www.sec.gov/Archives/edgar/data/820027/000082002725000013/0000820027-25-000013-index.htm",
    "finalLink": "https://www.sec.gov/Archives/edgar/data/820027/000082002725000013/amp-20241231.htm"
  },
  {
    "date": "2023-12-31",
    "symbol": "AMP",
    "reportedCurrency": "USD",
    "cik": "0000820027",
    "fillingDate": "2024-02-22",
    "acceptedDate": "2024-02-22 15:00:04",
    "calendarYear": "2023",
    "period": "FY",
    "revenue": 15535000000,
    "costOfRevenue": 0,
    "grossProfit": 15535000000,
    "grossProfitRatio": 1,
    "researchAndDevelopmentExpenses": 0,
    "generalAndAdministrativeExpenses": 3871000000,
    "sellingAndMarketingExpenses": 5078000000,
    "sellingGeneralAndAdministrativeExpenses": 8949000000,
    "otherExpenses": 3352000000,
    "operatingExpenses": 12301000000,
    "costAndExpenses": 12301000000,
    "interestIncome": 0,
    "interestExpense": 324000000,
    "depreciationAndAmortization": -154000000,
    "ebitda": 3404000000,
    "ebitdaratio": 0.2191181204,
    "operatingIncome": 3234000000,
    "operatingIncomeRatio": 0.2081750885,
    "totalOtherIncomeExpensesNet": 0,
    "incomeBeforeTax": 3234000000,
    "incomeBeforeTaxRatio": 0.2081750885,
    "incomeTaxExpense": 678000000,
    "netIncome": 2556000000,
    "netIncomeRatio": 0.1645317026,
    "eps": 24.18,
    "epsdiluted": 23.71,
    "weightedAverageShsOut": 105700000,
    "weightedAverageShsOutDil": 107800000,
    "link": "https://www.sec.gov/Archives/edgar/data/820027/000082002724000015/0000820027-24-000015-index.htm",
    "finalLink": "https://www.sec.gov/Archives/edgar/data/820027/000082002724000015/amp-20231231.htm"
  },
  {
    "date": "2022-12-31",
    "symbol": "AMP",
    "reportedCurrency": "USD",
    "cik": "0000820027",
    "fillingDate": "2023-02-23",
    "acceptedDate": "2023-02-23 16:07:25",
    "calendarYear": "2022",
    "period": "FY",
    "revenue": 14258000000,
    "costOfRevenue": 0,
    "grossProfit": 14258000000,
    "grossProfitRatio": 1,
    "researchAndDevelopmentExpenses": 0,
    "generalAndAdministrativeExpenses": 3723000000,
    "sellingAndMarketingExpenses": 4935000000,
    "sellingGeneralAndAdministrativeExpenses": 8658000000,
    "otherExpenses": 1669000000,
    "operatingExpenses": 10327000000,
    "costAndExpenses": 10327000000,
    "interestIncome": 0,
    "interestExpense": 198000000,
    "depreciationAndAmortization": -40000000,
    "ebitda": 4089000000,
    "ebitdaratio": 0.2867863655,
    "operatingIncome": 3931000000,
    "operatingIncomeRatio": 0.2757048674,
    "totalOtherIncomeExpensesNet": 0,
    "incomeBeforeTax": 3931000000,
    "incomeBeforeTaxRatio": 0.2757048674,
    "incomeTaxExpense": 782000000,
    "netIncome": 3149000000,
    "netIncomeRatio": 0.2208584654,
    "eps": 28.29,
    "epsdiluted": 27.7,
    "weightedAverageShsOut": 111300000,
    "weightedAverageShsOutDil": 113700000,
    "link": "https://www.sec.gov/Archives/edgar/data/820027/000082002723000014/0000820027-23-000014-index.htm",
    "finalLink": "https://www.sec.gov/Archives/edgar/data/820027/000082002723000014/amp-20221231.htm"
  },
  {
    "date": "2021-12-31",
    "symbol": "AMP",
    "reportedCurrency": "USD",
    "cik": "0000820027",
    "fillingDate": "2022-02-25",
    "acceptedDate": "2022-02-25 13:55:27",
    "calendarYear": "2021",
    "period": "FY",
    "revenue": 13377000000,
    "costOfRevenue": 0,
    "grossProfit": 13377000000,
    "grossProfitRatio": 1,
    "researchAndDevelopmentExpenses": 0,
    "generalAndAdministrativeExpenses": 3435000000,
    "sellingAndMarketingExpenses": 5028000000,
    "sellingGeneralAndAdministrativeExpenses": 8463000000,
    "otherExpenses": 729000000,
    "operatingExpenses": 9192000000,
    "costAndExpenses": 9192000000,
    "interestIncome": 0,
    "interestExpense": 191000000,
    "depreciationAndAmortization": 98000000,
    "ebitda": 4474000000,
    "ebitdaratio": 0.334454661,
    "operatingIncome": 4185000000,
    "operatingIncomeRatio": 0.3128504149,
    "totalOtherIncomeExpensesNet": 0,
    "incomeBeforeTax": 4185000000,
    "incomeBeforeTaxRatio": 0.3128504149,
    "incomeTaxExpense": 768000000,
    "netIncome": 3417000000,
    "netIncomeRatio": 0.2554384391,
    "eps": 29.13,
    "epsdiluted": 28.48,
    "weightedAverageShsOut": 110861010,
    "weightedAverageShsOutDil": 110861010,
    "link": "https://www.sec.gov/Archives/edgar/data/820027/000082002722000016/0000820027-22-000016-index.htm",
    "finalLink": "https://www.sec.gov/Archives/edgar/data/820027/000082002722000016/amp-20211231.htm"
  },
  {
    "date": "2020-12-31",
    "symbol": "AMP",
    "reportedCurrency": "USD",
    "cik": "0000820027",
    "fillingDate": "2021-02-24",
    "acceptedDate": "2021-02-24 15:26:03",
    "calendarYear": "2020",
    "period": "FY",
    "revenue": 11899000000,
    "costOfRevenue": 0,
    "grossProfit": 11899000000,
    "grossProfitRatio": 1,
    "researchAndDevelopmentExpenses": 0,
    "generalAndAdministrativeExpenses": 3120000000,
    "sellingAndMarketingExpenses": 4059000000,
    "sellingGeneralAndAdministrativeExpenses": 7179000000,
    "otherExpenses": 2889000000,
    "operatingExpenses": 10068000000,
    "costAndExpenses": 10068000000,
    "interestIncome": 0,
    "interestExpense": 162000000,
    "depreciationAndAmortization": 207000000,
    "ebitda": 2200000000,
    "ebitdaratio": 0.1848894865,
    "operatingIncome": 1831000000,
    "operatingIncomeRatio": 0.1538784772,
    "totalOtherIncomeExpensesNet": 0,
    "incomeBeforeTax": 1831000000,
    "incomeBeforeTaxRatio": 0.1538784772,
    "incomeTaxExpense": 297000000,
    "netIncome": 1534000000,
    "netIncomeRatio": 0.1289183965,
    "eps": 12.39,
    "epsdiluted": 12.2,
    "weightedAverageShsOut": 123800000,
    "weightedAverageShsOutDil": 125700000,
    "link": "https://www.sec.gov/Archives/edgar/data/820027/000082002721000012/0000820027-21-000012-index.htm",
    "finalLink": "https://www.sec.gov/Archives/edgar/data/820027/000082002721000012/amp-20201231.htm"
  },
  {
    "date": "2019-12-31",
    "symbol": "AMP",
    "reportedCurrency": "USD",
    "cik": "0000820027",
    "fillingDate": "2020-02-26",
    "acceptedDate": "2020-02-26 16:25:43",
    "calendarYear": "2019",
    "period": "FY",
    "revenue": 12754000000,
    "costOfRevenue": 0,
    "grossProfit": 12754000000,
    "grossProfitRatio": 1,
    "researchAndDevelopmentExpenses": 0,
    "generalAndAdministrativeExpenses": 3287000000,
    "sellingAndMarketingExpenses": 3810000000,
    "sellingGeneralAndAdministrativeExpenses": 7097000000,
    "otherExpenses": 3425000000,
    "operatingExpenses": 10522000000,
    "costAndExpenses": 10522000000,
    "interestIncome": 0,
    "interestExpense": 214000000,
    "depreciationAndAmortization": 183000000,
    "ebitda": 2629000000,
    "ebitdaratio": 0.2061314098,
    "operatingIncome": 2232000000,
    "operatingIncomeRatio": 0.1750039203,
    "totalOtherIncomeExpensesNet": 0,
    "incomeBeforeTax": 2232000000,
    "incomeBeforeTaxRatio": 0.1750039203,
    "incomeTaxExpense": 339000000,
    "netIncome": 1893000000,
    "netIncomeRatio": 0.1484240238,
    "eps": 14.12,
    "epsdiluted": 13.92,
    "weightedAverageShsOut": 134100000,
    "weightedAverageShsOutDil": 136000000,
    "link": "https://www.sec.gov/Archives/edgar/data/820027/000082002720000010/0000820027-20-000010-index.htm",
    "finalLink": "https://www.sec.gov/Archives/edgar/data/820027/000082002720000010/amp12312019.htm"
  },
  {
    "date": "2018-12-31",
    "symbol": "AMP",
    "reportedCurrency": "USD",
    "cik": "0000820027",
    "fillingDate": "2019-02-27",
    "acceptedDate": "2019-02-26 17:58:54",
    "calendarYear": "2018",
    "period": "FY",
    "revenue": 12835000000,
    "costOfRevenue": 0,
    "grossProfit": 12835000000,
    "grossProfitRatio": 1,
    "researchAndDevelopmentExpenses": 0,
    "generalAndAdministrativeExpenses": 3171000000,
    "sellingAndMarketingExpenses": 3637000000,
    "sellingGeneralAndAdministrativeExpenses": 6808000000,
    "otherExpenses": 3543000000,
    "operatingExpenses": 10351000000,
    "costAndExpenses": 10351000000,
    "interestIncome": 0,
    "interestExpense": 245000000,
    "depreciationAndAmortization": 198000000,
    "ebitda": 2927000000,
    "ebitdaratio": 0.2280483054,
    "operatingIncome": 2484000000,
    "operatingIncomeRatio": 0.1935333074,
    "totalOtherIncomeExpensesNet": 0,
    "incomeBeforeTax": 2484000000,
    "incomeBeforeTaxRatio": 0.1935333074,
    "incomeTaxExpense": 386000000,
    "netIncome": 2098000000,
    "netIncomeRatio": 0.163459291,
    "eps": 14.41,
    "epsdiluted": 14.2,
    "weightedAverageShsOut": 145600000,
    "weightedAverageShsOutDil": 147700000,
    "link": "https://www.sec.gov/Archives/edgar/data/820027/000082002719000010/0000820027-19-000010-index.htm",
    "finalLink": "https://www.sec.gov/Archives/edgar/data/820027/000082002719000010/amp12312018.htm"
  },
  {
    "date": "2017-12-31",
    "symbol": "AMP",
    "reportedCurrency": "USD",
    "cik": "0000820027",
    "fillingDate": "2018-02-23",
    "acceptedDate": "2018-02-22 20:33:10",
    "calendarYear": "2017",
    "period": "FY",
    "revenue": 12132000000,
    "costOfRevenue": 0,
    "grossProfit": 12132000000,
    "grossProfitRatio": 1,
    "researchAndDevelopmentExpenses": 0,
    "generalAndAdministrativeExpenses": 3158000000,
    "sellingAndMarketingExpenses": 3397000000,
    "sellingGeneralAndAdministrativeExpenses": 6555000000,
    "otherExpenses": 3363000000,
    "operatingExpenses": 9918000000,
    "costAndExpenses": 9918000000,
    "interestIncome": 0,
    "interestExpense": 207000000,
    "depreciationAndAmortization": 234000000,
    "ebitda": 2655000000,
    "ebitdaratio": 0.21884273,
    "operatingIncome": 2214000000,
    "operatingIncomeRatio": 0.1824925816,
    "totalOtherIncomeExpensesNet": 0,
    "incomeBeforeTax": 2214000000,
    "incomeBeforeTaxRatio": 0.1824925816,
    "incomeTaxExpense": 734000000,
    "netIncome": 1480000000,
    "netIncomeRatio": 0.1219914276,
    "eps": 9.6,
    "epsdiluted": 9.44,
    "weightedAverageShsOut": 154100000,
    "weightedAverageShsOutDil": 156700000,
    "link": "https://www.sec.gov/Archives/edgar/data/820027/000082002718000008/0000820027-18-000008-index.htm",
    "finalLink": "https://www.sec.gov/Archives/edgar/data/820027/000082002718000008/amp12312017.htm"
  },
  {
    "date": "2016-12-31",
    "symbol": "AMP",
    "reportedCurrency": "USD",
    "cik": "0000820027",
    "fillingDate": "2017-02-23",
    "acceptedDate": "2017-02-23 16:57:59",
    "calendarYear": "2016",
    "period": "FY",
    "revenue": 11800000000,
    "costOfRevenue": 0,
    "grossProfit": 11800000000,
    "grossProfitRatio": 1,
    "researchAndDevelopmentExpenses": 0,
    "generalAndAdministrativeExpenses": 3084000000,
    "sellingAndMarketingExpenses": 3200000000,
    "sellingGeneralAndAdministrativeExpenses": 6284000000,
    "otherExpenses": 3925000000,
    "operatingExpenses": 10209000000,
    "costAndExpenses": 10209000000,
    "interestIncome": 0,
    "interestExpense": 241000000,
    "depreciationAndAmortization": 248000000,
    "ebitda": 2080000000,
    "ebitdaratio": 0.1762711864,
    "operatingIncome": 1591000000,
    "operatingIncomeRatio": 0.1348305085,
    "totalOtherIncomeExpensesNet": 0,
    "incomeBeforeTax": 1591000000,
    "incomeBeforeTaxRatio": 0.1348305085,
    "incomeTaxExpense": 278000000,
    "netIncome": 1313000000,
    "netIncomeRatio": 0.1112711864,
    "eps": 7.9,
    "epsdiluted": 7.81,
    "weightedAverageShsOut": 166300000,
    "weightedAverageShsOutDil": 168200000,
    "link": "https://www.sec.gov/Archives/edgar/data/820027/000082002717000007/0000820027-17-000007-index.htm",
    "finalLink": "https://www.sec.gov/Archives/edgar/data/820027/000082002717000007/ameriprisefinancial12312016.htm"
  },
  {
    "date": "2015-12-31",
    "symbol": "AMP",
    "reportedCurrency": "USD",
    "cik": "0000820027",
    "fillingDate": "2016-02-25",
    "acceptedDate": "2016-02-25 15:01:36",
    "calendarYear": "2015",
    "period": "FY",
    "revenue": 12170000000,
    "costOfRevenue": 0,
    "grossProfit": 12170000000,
    "grossProfitRatio": 1,
    "researchAndDevelopmentExpenses": 0,
    "generalAndAdministrativeExpenses": 3082000000,
    "sellingAndMarketingExpenses": 3276000000,
    "sellingGeneralAndAdministrativeExpenses": 6358000000,
    "otherExpenses": 3670000000,
    "operatingExpenses": 10028000000,
    "costAndExpenses": 10028000000,
    "interestIncome": 0,
    "interestExpense": 387000000,
    "depreciationAndAmortization": 248000000,
    "ebitda": 2777000000,
    "ebitdaratio": 0.2281840592,
    "operatingIncome": 2142000000,
    "operatingIncomeRatio": 0.1760065735,
    "totalOtherIncomeExpensesNet": 0,
    "incomeBeforeTax": 2142000000,
    "incomeBeforeTaxRatio": 0.1760065735,
    "incomeTaxExpense": 455000000,
    "netIncome": 1562000000,
    "netIncomeRatio": 0.1283483977,
    "eps": 8.6,
    "epsdiluted": 8.48,
    "weightedAverageShsOut": 181700000,
    "weightedAverageShsOutDil": 184200000,
    "link": "https://www.sec.gov/Archives/edgar/data/820027/000082002716000168/0000820027-16-000168-index.htm",
    "finalLink": "https://www.sec.gov/Archives/edgar/data/820027/000082002716000168/ameriprisefinancial12312015.htm"
  },
  {
    "date": "2014-12-31",
    "symbol": "AMP",
    "reportedCurrency": "USD",
    "cik": "0000820027",
    "fillingDate": "2015-02-24",
    "acceptedDate": "2015-02-24 17:31:20",
    "calendarYear": "2014",
    "period": "FY",
    "revenue": 12268000000,
    "costOfRevenue": 0,
    "grossProfit": 12268000000,
    "grossProfitRatio": 1,
    "researchAndDevelopmentExpenses": 0,
    "generalAndAdministrativeExpenses": 3095000000,
    "sellingAndMarketingExpenses": 3236000000,
    "sellingGeneralAndAdministrativeExpenses": 6331000000,
    "otherExpenses": 3390000000,
    "operatingExpenses": 9721000000,
    "costAndExpenses": 9721000000,
    "interestIncome": 0,
    "interestExpense": 328000000,
    "depreciationAndAmortization": 254000000,
    "ebitda": 3129000000,
    "ebitdaratio": 0.2550537985,
    "operatingIncome": 2547000000,
    "operatingIncomeRatio": 0.2076133029,
    "totalOtherIncomeExpensesNet": 0,
    "incomeBeforeTax": 2547000000,
    "incomeBeforeTaxRatio": 0.2076133029,
    "incomeTaxExpense": 545000000,
    "netIncome": 1619000000,
    "netIncomeRatio": 0.1319693512,
    "eps": 8.45,
    "epsdiluted": 8.3,
    "weightedAverageShsOut": 191600000,
    "weightedAverageShsOutDil": 195000000,
    "link": "https://www.sec.gov/Archives/edgar/data/820027/000082002715000024/0000820027-15-000024-index.htm",
    "finalLink": "https://www.sec.gov/Archives/edgar/data/820027/000082002715000024/amp.htm"
  },
  {
    "date": "2013-12-31",
    "symbol": "AMP",
    "reportedCurrency": "USD",
    "cik": "0000820027",
    "fillingDate": "2014-02-27",
    "acceptedDate": "2014-02-27 12:19:15",
    "calendarYear": "2013",
    "period": "FY",
    "revenue": 11199000000,
    "costOfRevenue": 0,
    "grossProfit": 11199000000,
    "grossProfitRatio": 1,
    "researchAndDevelopmentExpenses": 0,
    "generalAndAdministrativeExpenses": 3056000000,
    "sellingAndMarketingExpenses": 2925000000,
    "sellingGeneralAndAdministrativeExpenses": 5981000000,
    "otherExpenses": 3248000000,
    "operatingExpenses": 9229000000,
    "costAndExpenses": 9229000000,
    "interestIncome": 0,
    "interestExpense": 281000000,
    "depreciationAndAmortization": 239000000,
    "ebitda": 2490000000,
    "ebitdaratio": 0.2223412805,
    "operatingIncome": 1970000000,
    "operatingIncomeRatio": 0.1759085633,
    "totalOtherIncomeExpensesNet": 0,
    "incomeBeforeTax": 1970000000,
    "incomeBeforeTaxRatio": 0.1759085633,
    "incomeTaxExpense": 492000000,
    "netIncome": 1334000000,
    "netIncomeRatio": 0.1191177784,
    "eps": 6.56,
    "epsdiluted": 6.44,
    "weightedAverageShsOut": 203200000,
    "weightedAverageShsOutDil": 207100000,
    "link": "https://www.sec.gov/Archives/edgar/data/820027/000082002714000020/0000820027-14-000020-index.htm",
    "finalLink": "https://www.sec.gov/Archives/edgar/data/820027/000082002714000020/ameriprisefinancial12312013.htm"
  },
  {
    "date": "2012-12-31",
    "symbol": "AMP",
    "reportedCurrency": "USD",
    "cik": "0000820027",
    "fillingDate": "2013-02-27",
    "acceptedDate": "2013-02-26 17:35:15",
    "calendarYear": "2012",
    "period": "FY",
    "revenue": 10217000000,
    "costOfRevenue": 0,
    "grossProfit": 10217000000,
    "grossProfitRatio": 1,
    "researchAndDevelopmentExpenses": 0,
    "generalAndAdministrativeExpenses": 2989000000,
    "sellingAndMarketingExpenses": 2698000000,
    "sellingGeneralAndAdministrativeExpenses": 5687000000,
    "otherExpenses": 3292000000,
    "operatingExpenses": 8979000000,
    "costAndExpenses": 8979000000,
    "interestIncome": 0,
    "interestExpense": 276000000,
    "depreciationAndAmortization": 225000000,
    "ebitda": 1739000000,
    "ebitdaratio": 0.1702065185,
    "operatingIncome": 1238000000,
    "operatingIncomeRatio": 0.121170598,
    "totalOtherIncomeExpensesNet": 0,
    "incomeBeforeTax": 1238000000,
    "incomeBeforeTaxRatio": 0.121170598,
    "incomeTaxExpense": 335000000,
    "netIncome": 1029000000,
    "netIncomeRatio": 0.1007144954,
    "eps": 4.7,
    "epsdiluted": 4.62,
    "weightedAverageShsOut": 218700000,
    "weightedAverageShsOutDil": 222800000,
    "link": "https://www.sec.gov/Archives/edgar/data/820027/000104746913001718/0001047469-13-001718-index.htm",
    "finalLink": "https://www.sec.gov/Archives/edgar/data/820027/000104746913001718/a2212970z10-k.htm"
  },
  {
    "date": "2011-12-31",
    "symbol": "AMP",
    "reportedCurrency": "USD",
    "cik": "0000820027",
    "fillingDate": "2012-02-24",
    "acceptedDate": "2012-02-24 16:30:54",
    "calendarYear": "2011",
    "period": "FY",
    "revenue": 10192000000,
    "costOfRevenue": 0,
    "grossProfit": 10192000000,
    "grossProfitRatio": 1,
    "researchAndDevelopmentExpenses": 0,
    "generalAndAdministrativeExpenses": 3010000000,
    "sellingAndMarketingExpenses": 2559000000,
    "sellingGeneralAndAdministrativeExpenses": 5569000000,
    "otherExpenses": 3176000000,
    "operatingExpenses": 8745000000,
    "costAndExpenses": 8745000000,
    "interestIncome": 0,
    "interestExpense": 317000000,
    "depreciationAndAmortization": 110000000,
    "ebitda": 1874000000,
    "ebitdaratio": 0.1838697017,
    "operatingIncome": 1447000000,
    "operatingIncomeRatio": 0.1419740973,
    "totalOtherIncomeExpensesNet": 0,
    "incomeBeforeTax": 1447000000,
    "incomeBeforeTaxRatio": 0.1419740973,
    "incomeTaxExpense": 377000000,
    "netIncome": 1116000000,
    "netIncomeRatio": 0.1094976452,
    "eps": 4.71,
    "epsdiluted": 4.61,
    "weightedAverageShsOut": 241400000,
    "weightedAverageShsOutDil": 246300000,
    "link": "https://www.sec.gov/Archives/edgar/data/820027/000104746912001474/0001047469-12-001474-index.htm",
    "finalLink": "https://www.sec.gov/Archives/edgar/data/820027/000104746912001474/a2207255z10-k.htm"
  },
  {
    "date": "2010-12-31",
    "symbol": "AMP",
    "reportedCurrency": "USD",
    "cik": "0000820027",
    "fillingDate": "2011-02-28",
    "acceptedDate": "2011-02-28 16:15:58",
    "calendarYear": "2010",
    "period": "FY",
    "revenue": 9582000000,
    "costOfRevenue": 0,
    "grossProfit": 9582000000,
    "grossProfitRatio": 1,
    "researchAndDevelopmentExpenses": 0,
    "generalAndAdministrativeExpenses": 0,
    "sellingAndMarketingExpenses": 0,
    "sellingGeneralAndAdministrativeExpenses": 4802000000,
    "otherExpenses": 3146000000,
    "operatingExpenses": 7948000000,
    "costAndExpenses": 7948000000,
    "interestIncome": 0,
    "interestExpense": 360000000,
    "depreciationAndAmortization": 110000000,
    "ebitda": 2104000000,
    "ebitdaratio": 0.2195783761,
    "operatingIncome": 1634000000,
    "operatingIncomeRatio": 0.1705280735,
    "totalOtherIncomeExpensesNet": 0,
    "incomeBeforeTax": 1634000000,
    "incomeBeforeTaxRatio": 0.1705280735,
    "incomeTaxExpense": 350000000,
    "netIncome": 1097000000,
    "netIncomeRatio": 0.1144854936,
    "eps": 4.36,
    "epsdiluted": 4.28,
    "weightedAverageShsOut": 257339450,
    "weightedAverageShsOutDil": 262149533,
    "link": "https://www.sec.gov/Archives/edgar/data/820027/000104746911001543/0001047469-11-001543-index.htm",
    "finalLink": "https://www.sec.gov/Archives/edgar/data/820027/000104746911001543/a2202014z10-k.htm"
  },
  {
    "date": "2009-12-31",
    "symbol": "AMP",
    "reportedCurrency": "USD",
    "cik": "0000820027",
    "fillingDate": "2010-02-24",
    "acceptedDate": "2010-02-23 18:47:59",
    "calendarYear": "2009",
    "period": "FY",
    "revenue": 7946000000,
    "costOfRevenue": 0,
    "grossProfit": 7946000000,
    "grossProfitRatio": 1,
    "researchAndDevelopmentExpenses": 0,
    "generalAndAdministrativeExpenses": 0,
    "sellingAndMarketingExpenses": 0,
    "sellingGeneralAndAdministrativeExpenses": 4296000000,
    "otherExpenses": 2730000000,
    "operatingExpenses": 7026000000,
    "costAndExpenses": 7026000000,
    "interestIncome": 0,
    "interestExpense": 127000000,
    "depreciationAndAmortization": 120000000,
    "ebitda": 1167000000,
    "ebitdaratio": 0.1468663478,
    "operatingIncome": 920000000,
    "operatingIncomeRatio": 0.1157815253,
    "totalOtherIncomeExpensesNet": 0,
    "incomeBeforeTax": 920000000,
    "incomeBeforeTaxRatio": 0.1157815253,
    "incomeTaxExpense": 183000000,
    "netIncome": 722000000,
    "netIncomeRatio": 0.0908633275,
    "eps": 2.98,
    "epsdiluted": 2.95,
    "weightedAverageShsOut": 242200000,
    "weightedAverageShsOutDil": 244400000,
    "link": "https://www.sec.gov/Archives/edgar/data/820027/000104746910001174/0001047469-10-001174-index.htm",
    "finalLink": "https://www.sec.gov/Archives/edgar/data/820027/000104746910001174/a2196525z10-k.htm"
  },
  {
    "date": "2008-12-31",
    "symbol": "AMP",
    "reportedCurrency": "USD",
    "cik": "0000820027",
    "fillingDate": "2009-03-02",
    "acceptedDate": "2009-03-02 16:27:16",
    "calendarYear": "2008",
    "period": "FY",
    "revenue": 7097000000,
    "costOfRevenue": 0,
    "grossProfit": 7097000000,
    "grossProfitRatio": 1,
    "researchAndDevelopmentExpenses": 0,
    "generalAndAdministrativeExpenses": 0,
    "sellingAndMarketingExpenses": 0,
    "sellingGeneralAndAdministrativeExpenses": 4384000000,
    "otherExpenses": 3136000000,
    "operatingExpenses": 7520000000,
    "costAndExpenses": 7520000000,
    "interestIncome": 0,
    "interestExpense": 109000000,
    "depreciationAndAmortization": 267000000,
    "ebitda": -47000000,
    "ebitdaratio": -0.0066225166,
    "operatingIncome": -423000000,
    "operatingIncomeRatio": -0.059602649,
    "totalOtherIncomeExpensesNet": 0,
    "incomeBeforeTax": -423000000,
    "incomeBeforeTaxRatio": -0.059602649,
    "incomeTaxExpense": -333000000,
    "netIncome": -36000000,
    "netIncomeRatio": -0.0050725659,
    "eps": -0.18,
    "epsdiluted": -0.18,
    "weightedAverageShsOut": 223600000,
    "weightedAverageShsOutDil": 226400000,
    "link": "https://www.sec.gov/Archives/edgar/data/820027/000104746909002121/0001047469-09-002121-index.htm",
    "finalLink": "https://www.sec.gov/Archives/edgar/data/820027/000104746909002121/a2190881z10-k.htm"
  },
  {
    "date": "2007-12-31",
    "symbol": "AMP",
    "reportedCurrency": "USD",
    "cik": "0000820027",
    "fillingDate": "2008-02-29",
    "acceptedDate": "2008-02-29 14:19:44",
    "calendarYear": "2007",
    "period": "FY",
    "revenue": 8805000000,
    "costOfRevenue": 0,
    "grossProfit": 8805000000,
    "grossProfitRatio": 1,
    "researchAndDevelopmentExpenses": 0,
    "generalAndAdministrativeExpenses": 2558000000,
    "sellingAndMarketingExpenses": 2057000000,
    "sellingGeneralAndAdministrativeExpenses": 4615000000,
    "otherExpenses": 3174000000,
    "operatingExpenses": 7789000000,
    "costAndExpenses": 7789000000,
    "interestIncome": 0,
    "interestExpense": 361000000,
    "depreciationAndAmortization": 176000000,
    "ebitda": 1553000000,
    "ebitdaratio": 0.1763770585,
    "operatingIncome": 1016000000,
    "operatingIncomeRatio": 0.1153889835,
    "totalOtherIncomeExpensesNet": 0,
    "incomeBeforeTax": 1016000000,
    "incomeBeforeTaxRatio": 0.1153889835,
    "incomeTaxExpense": 202000000,
    "netIncome": 814000000,
    "netIncomeRatio": 0.092447473,
    "eps": 3.45,
    "epsdiluted": 3.39,
    "weightedAverageShsOut": 236200000,
    "weightedAverageShsOutDil": 239900000,
    "link": "https://www.sec.gov/Archives/edgar/data/820027/000104746908002027/0001047469-08-002027-index.htm",
    "finalLink": "https://www.sec.gov/Archives/edgar/data/820027/000104746908002027/a2182855z10-k.htm"
  },
  {
    "date": "2006-12-31",
    "symbol": "AMP",
    "reportedCurrency": "USD",
    "cik": "0000820027",
    "fillingDate": "2007-02-27",
    "acceptedDate": "2007-02-27 13:11:51",
    "calendarYear": "2006",
    "period": "FY",
    "revenue": 8020000000,
    "costOfRevenue": 0,
    "grossProfit": 8020000000,
    "grossProfitRatio": 1,
    "researchAndDevelopmentExpenses": 0,
    "generalAndAdministrativeExpenses": 3113000000,
    "sellingAndMarketingExpenses": -633000000,
    "sellingGeneralAndAdministrativeExpenses": 2480000000,
    "otherExpenses": 4743000000,
    "operatingExpenses": 7223000000,
    "costAndExpenses": 7223000000,
    "interestIncome": 0,
    "interestExpense": 116000000,
    "depreciationAndAmortization": 148000000,
    "ebitda": 1061000000,
    "ebitdaratio": 0.1322942643,
    "operatingIncome": 797000000,
    "operatingIncomeRatio": 0.0993765586,
    "totalOtherIncomeExpensesNet": 0,
    "incomeBeforeTax": 797000000,
    "incomeBeforeTaxRatio": 0.0993765586,
    "incomeTaxExpense": 166000000,
    "netIncome": 631000000,
    "netIncomeRatio": 0.0786783042,
    "eps": 2.56,
    "epsdiluted": 2.54,
    "weightedAverageShsOut": 246500000,
    "weightedAverageShsOutDil": 248500000,
    "link": "https://www.sec.gov/Archives/edgar/data/820027/000110465907014265/0001104659-07-014265-index.htm",
    "finalLink": "https://www.sec.gov/Archives/edgar/data/820027/000110465907014265/a07-1851_310k.htm"
  },
  {
    "date": "2005-12-31",
    "symbol": "AMP",
    "reportedCurrency": "USD",
    "cik": "0000820027",
    "fillingDate": "2006-03-08",
    "acceptedDate": "2006-03-08 17:21:31",
    "calendarYear": "2005",
    "period": "FY",
    "revenue": 7396000000,
    "costOfRevenue": 0,
    "grossProfit": 7396000000,
    "grossProfitRatio": 1,
    "researchAndDevelopmentExpenses": 0,
    "generalAndAdministrativeExpenses": 2293000000,
    "sellingAndMarketingExpenses": 0,
    "sellingGeneralAndAdministrativeExpenses": 2293000000,
    "otherExpenses": 4358000000,
    "operatingExpenses": 6651000000,
    "costAndExpenses": 6651000000,
    "interestIncome": 0,
    "interestExpense": 73000000,
    "depreciationAndAmortization": 169000000,
    "ebitda": 987000000,
    "ebitdaratio": 0.1334505138,
    "operatingIncome": 745000000,
    "operatingIncomeRatio": 0.1007301244,
    "totalOtherIncomeExpensesNet": 0,
    "incomeBeforeTax": 745000000,
    "incomeBeforeTaxRatio": 0.1007301244,
    "incomeTaxExpense": 187000000,
    "netIncome": 574000000,
    "netIncomeRatio": 0.0776095187,
    "eps": 2.32,
    "epsdiluted": 2.32,
    "weightedAverageShsOut": 247100000,
    "weightedAverageShsOutDil": 247200000,
    "link": "https://www.sec.gov/Archives/edgar/data/820027/000110465906015078/0001104659-06-015078-index.htm",
    "finalLink": "https://www.sec.gov/Archives/edgar/data/820027/000110465906015078/a06-5951_110k.htm"
  },
  {
    "date": "2004-12-31",
    "symbol": "AMP",
    "reportedCurrency": "USD",
    "cik": "0000820027",
    "fillingDate": "2004-12-31",
    "acceptedDate": "2004-12-30 19:00:00",
    "calendarYear": "2004",
    "period": "FY",
    "revenue": 6896000000,
    "costOfRevenue": 0,
    "grossProfit": 6896000000,
    "grossProfitRatio": 1,
    "researchAndDevelopmentExpenses": 0,
    "generalAndAdministrativeExpenses": 2288000000,
    "sellingAndMarketingExpenses": 0,
    "sellingGeneralAndAdministrativeExpenses": 2288000000,
    "otherExpenses": 3784000000,
    "operatingExpenses": 6072000000,
    "costAndExpenses": 6072000000,
    "interestIncome": 0,
    "interestExpense": 52000000,
    "depreciationAndAmortization": 0,
    "ebitda": 0,
    "ebitdaratio": 0,
    "operatingIncome": 824000000,
    "operatingIncomeRatio": 0.1194895592,
    "totalOtherIncomeExpensesNet": 349000000,
    "incomeBeforeTax": 1173000000,
    "incomeBeforeTaxRatio": 0.1700986079,
    "incomeTaxExpense": 308000000,
    "netIncome": 794000000,
    "netIncomeRatio": 0.1151392111,
    "eps": 3.22,
    "epsdiluted": 3.22,
    "weightedAverageShsOut": 246583851,
    "weightedAverageShsOutDil": 246583851,
    "link": "",
    "finalLink": ""
  },
  {
    "date": "2003-12-31",
    "symbol": "AMP",
    "reportedCurrency": "USD",
    "cik": "0000820027",
    "fillingDate": "2003-12-31",
    "acceptedDate": "2003-12-30 19:00:00",
    "calendarYear": "2003",
    "period": "FY",
    "revenue": 6042000000,
    "costOfRevenue": 0,
    "grossProfit": 6042000000,
    "grossProfitRatio": 1,
    "researchAndDevelopmentExpenses": 0,
    "generalAndAdministrativeExpenses": 0,
    "sellingAndMarketingExpenses": 0,
    "sellingGeneralAndAdministrativeExpenses": 0,
    "otherExpenses": 6042000000,
    "operatingExpenses": 6042000000,
    "costAndExpenses": 6042000000,
    "interestIncome": 0,
    "interestExpense": 0,
    "depreciationAndAmortization": 0,
    "ebitda": 0,
    "ebitdaratio": 0,
    "operatingIncome": 0,
    "operatingIncomeRatio": 0,
    "totalOtherIncomeExpensesNet": 0,
    "incomeBeforeTax": 0,
    "incomeBeforeTaxRatio": 0,
    "incomeTaxExpense": 0,
    "netIncome": 725000000,
    "netIncomeRatio": 0.1199933797,
    "eps": 2.95,
    "epsdiluted": 2.95,
    "weightedAverageShsOut": 245762712,
    "weightedAverageShsOutDil": 245762712,
    "link": "",
    "finalLink": ""
  },
  {
    "date": "2002-12-31",
    "symbol": "AMP",
    "reportedCurrency": "USD",
    "cik": "0000820027",
    "fillingDate": "2002-12-31",
    "acceptedDate": "2002-12-30 19:00:00",
    "calendarYear": "2002",
    "period": "FY",
    "revenue": 5575000000,
    "costOfRevenue": 0,
    "grossProfit": 5575000000,
    "grossProfitRatio": 1,
    "researchAndDevelopmentExpenses": 0,
    "generalAndAdministrativeExpenses": 0,
    "sellingAndMarketingExpenses": 0,
    "sellingGeneralAndAdministrativeExpenses": 0,
    "otherExpenses": 5575000000,
    "operatingExpenses": 5575000000,
    "costAndExpenses": 5575000000,
    "interestIncome": 0,
    "interestExpense": 0,
    "depreciationAndAmortization": 0,
    "ebitda": 0,
    "ebitdaratio": 0,
    "operatingIncome": 0,
    "operatingIncomeRatio": 0,
    "totalOtherIncomeExpensesNet": 0,
    "incomeBeforeTax": 0,
    "incomeBeforeTaxRatio": 0,
    "incomeTaxExpense": 0,
    "netIncome": 674000000,
    "netIncomeRatio": 0.120896861,
    "eps": 2.74,
    "epsdiluted": 2.74,
    "weightedAverageShsOut": 246200000,
    "weightedAverageShsOutDil": 246200000,
    "link": "",
    "finalLink": ""
  },
  {
    "date": "2001-12-31",
    "symbol": "AMP",
    "reportedCurrency": "USD",
    "cik": "0000820027",
    "fillingDate": "2001-12-31",
    "acceptedDate": "2001-12-30 19:00:00",
    "calendarYear": "2001",
    "period": "FY",
    "revenue": 4744000000,
    "costOfRevenue": 0,
    "grossProfit": 4744000000,
    "grossProfitRatio": 1,
    "researchAndDevelopmentExpenses": 0,
    "generalAndAdministrativeExpenses": 0,
    "sellingAndMarketingExpenses": 0,
    "sellingGeneralAndAdministrativeExpenses": 0,
    "otherExpenses": 4744000000,
    "operatingExpenses": 4744000000,
    "costAndExpenses": 4744000000,
    "interestIncome": 0,
    "interestExpense": 0,
    "depreciationAndAmortization": 0,
    "ebitda": 0,
    "ebitdaratio": 0,
    "operatingIncome": 0,
    "operatingIncomeRatio": 0,
    "totalOtherIncomeExpensesNet": 0,
    "incomeBeforeTax": 0,
    "incomeBeforeTaxRatio": 0,
    "incomeTaxExpense": 0,
    "netIncome": 87000000,
    "netIncomeRatio": 0.0183389545,
    "eps": 0.35,
    "epsdiluted": 0.35,
    "weightedAverageShsOut": 246200000,
    "weightedAverageShsOutDil": 246200000,
    "link": "",
    "finalLink": ""
  },
  {
    "date": "2000-12-31",
    "symbol": "AMP",
    "reportedCurrency": "USD",
    "cik": "0000820027",
    "fillingDate": "2000-12-31",
    "acceptedDate": "2000-12-30 19:00:00",
    "calendarYear": "2000",
    "period": "FY",
    "revenue": 6261000000,
    "costOfRevenue": 0,
    "grossProfit": 6261000000,
    "grossProfitRatio": 1,
    "researchAndDevelopmentExpenses": 0,
    "generalAndAdministrativeExpenses": 0,
    "sellingAndMarketingExpenses": 0,
    "sellingGeneralAndAdministrativeExpenses": 0,
    "otherExpenses": 6261000000,
    "operatingExpenses": 6261000000,
    "costAndExpenses": 6261000000,
    "interestIncome": 0,
    "interestExpense": 0,
    "depreciationAndAmortization": 0,
    "ebitda": 0,
    "ebitdaratio": 0,
    "operatingIncome": 0,
    "operatingIncomeRatio": 0,
    "totalOtherIncomeExpensesNet": 0,
    "incomeBeforeTax": 0,
    "incomeBeforeTaxRatio": 0,
    "incomeTaxExpense": 0,
    "netIncome": 1025000000,
    "netIncomeRatio": 0.1637118671,
    "eps": 4.16,
    "epsdiluted": 4.16,
    "weightedAverageShsOut": 246200000,
    "weightedAverageShsOutDil": 246200000,
    "link": "",
    "finalLink": ""
  }
]