[
  {
    "date": "2025-06-30",
    "symbol": "AMT",
    "reportedCurrency": "USD",
    "cik": "0001053507",
    "fillingDate": "2025-07-29",
    "acceptedDate": "2025-07-29 16:10:06",
    "calendarYear": "2025",
    "period": "Q2",
    "revenue": 2626900000,
    "costOfRevenue": 688700000,
    "grossProfit": 1938200000,
    "grossProfitRatio": 0.7378278579,
    "researchAndDevelopmentExpenses": 0,
    "generalAndAdministrativeExpenses": 0,
    "sellingAndMarketingExpenses": 0,
    "sellingGeneralAndAdministrativeExpenses": 233700000,
    "otherExpenses": 506800000,
    "operatingExpenses": 740500000,
    "costAndExpenses": 1429200000,
    "interestIncome": 30600000,
    "interestExpense": 342600000,
    "depreciationAndAmortization": 510300000,
    "ebitda": 1708000000,
    "ebitdaratio": 0.6501960486,
    "operatingIncome": 1197700000,
    "operatingIncomeRatio": 0.4559366554,
    "totalOtherIncomeExpensesNet": -685900000,
    "incomeBeforeTax": 511800000,
    "incomeBeforeTaxRatio": 0.1948304085,
    "incomeTaxExpense": 131300000,
    "netIncome": 366800000,
    "netIncomeRatio": 0.1396322662,
    "eps": 0.78,
    "epsdiluted": 0.78,
    "weightedAverageShsOut": 467909000,
    "weightedAverageShsOutDil": 468717000,
    "link": "https://www.sec.gov/Archives/edgar/data/1053507/000105350725000120/0001053507-25-000120-index.htm",
    "finalLink": "https://www.sec.gov/Archives/edgar/data/1053507/000105350725000120/amt-20250630.htm"
  },
  {
    "date": "2025-03-31",
    "symbol": "AMT",
    "reportedCurrency": "USD",
    "cik": "0001053507",
    "fillingDate": "2025-04-29",
    "acceptedDate": "2025-04-29 16:07:27",
    "calendarYear": "2025",
    "period": "Q1",
    "revenue": 2562800000,
    "costOfRevenue": 634500000,
    "grossProfit": 1928300000,
    "grossProfitRatio": 0.752419229,
    "researchAndDevelopmentExpenses": 0,
    "generalAndAdministrativeExpenses": 0,
    "sellingAndMarketingExpenses": 0,
    "sellingGeneralAndAdministrativeExpenses": 237500000,
    "otherExpenses": 436700000,
    "operatingExpenses": 674200000,
    "costAndExpenses": 1308700000,
    "interestIncome": 26900000,
    "interestExpense": 325300000,
    "depreciationAndAmortization": 492500000,
    "ebitda": 1435300000,
    "ebitdaratio": 0.5600515062,
    "operatingIncome": 1254100000,
    "operatingIncomeRatio": 0.4893475886,
    "totalOtherIncomeExpensesNet": -636600000,
    "incomeBeforeTax": 617500000,
    "incomeBeforeTaxRatio": 0.2409474013,
    "incomeTaxExpense": 118900000,
    "netIncome": 488700000,
    "netIncomeRatio": 0.1906898705,
    "eps": 1.05,
    "epsdiluted": 1.04,
    "weightedAverageShsOut": 467640000,
    "weightedAverageShsOutDil": 468519000,
    "link": "https://www.sec.gov/Archives/edgar/data/1053507/000105350725000102/0001053507-25-000102-index.htm",
    "finalLink": "https://www.sec.gov/Archives/edgar/data/1053507/000105350725000102/amt-20250331.htm"
  },
  {
    "date": "2024-12-31",
    "symbol": "AMT",
    "reportedCurrency": "USD",
    "cik": "0001053507",
    "fillingDate": "2025-02-25",
    "acceptedDate": "2025-02-25 16:15:22",
    "calendarYear": "2024",
    "period": "Q4",
    "revenue": 2547600000,
    "costOfRevenue": 654400000,
    "grossProfit": 1893200000,
    "grossProfitRatio": 0.7431307898,
    "researchAndDevelopmentExpenses": 0,
    "generalAndAdministrativeExpenses": 0,
    "sellingAndMarketingExpenses": 0,
    "sellingGeneralAndAdministrativeExpenses": 243100000,
    "otherExpenses": 570000000,
    "operatingExpenses": 813100000,
    "costAndExpenses": 1467500000,
    "interestIncome": 32100000,
    "interestExpense": 321200000,
    "depreciationAndAmortization": 500900000,
    "ebitda": 2127800000,
    "ebitdaratio": 0.8352174596,
    "operatingIncome": 1080100000,
    "operatingIncomeRatio": 0.4239676558,
    "totalOtherIncomeExpensesNet": 225600000,
    "incomeBeforeTax": 1305700000,
    "incomeBeforeTaxRatio": 0.5125215889,
    "incomeTaxExpense": 75200000,
    "netIncome": 1229600000,
    "netIncomeRatio": 0.4826503376,
    "eps": 2.63,
    "epsdiluted": 2.62,
    "weightedAverageShsOut": 467337000,
    "weightedAverageShsOutDil": 468418000,
    "link": "https://www.sec.gov/Archives/edgar/data/1053507/000105350725000025/0001053507-25-000025-index.htm",
    "finalLink": "https://www.sec.gov/Archives/edgar/data/1053507/000105350725000025/amt-20241231.htm"
  },
  {
    "date": "2024-09-30",
    "symbol": "AMT",
    "reportedCurrency": "USD",
    "cik": "0001053507",
    "fillingDate": "2024-10-29",
    "acceptedDate": "2024-10-29 16:05:52",
    "calendarYear": "2024",
    "period": "Q3",
    "revenue": 2522300000,
    "costOfRevenue": 651800000,
    "grossProfit": 1870500000,
    "grossProfitRatio": 0.7415850613,
    "researchAndDevelopmentExpenses": 0,
    "generalAndAdministrativeExpenses": 0,
    "sellingAndMarketingExpenses": 0,
    "sellingGeneralAndAdministrativeExpenses": 227700000,
    "otherExpenses": 503600000,
    "operatingExpenses": 731300000,
    "costAndExpenses": 1383100000,
    "interestIncome": 37700000,
    "interestExpense": 356800000,
    "depreciationAndAmortization": 512800000,
    "ebitda": 1420100000,
    "ebitdaratio": 0.5630178805,
    "operatingIncome": 1139200000,
    "operatingIncomeRatio": 0.4516512707,
    "totalOtherIncomeExpensesNet": -588700000,
    "incomeBeforeTax": 550500000,
    "incomeBeforeTaxRatio": 0.2182531816,
    "incomeTaxExpense": 122400000,
    "netIncome": -792300000,
    "netIncomeRatio": -0.3141180668,
    "eps": -1.7,
    "epsdiluted": -1.69,
    "weightedAverageShsOut": 467196000,
    "weightedAverageShsOutDil": 468261000,
    "link": "https://www.sec.gov/Archives/edgar/data/1053507/000105350724000130/0001053507-24-000130-index.htm",
    "finalLink": "https://www.sec.gov/Archives/edgar/data/1053507/000105350724000130/amt-20240930.htm"
  },
  {
    "date": "2024-06-30",
    "symbol": "AMT",
    "reportedCurrency": "USD",
    "cik": "0001053507",
    "fillingDate": "2024-07-30",
    "acceptedDate": "2024-07-30 16:03:27",
    "calendarYear": "2024",
    "period": "Q2",
    "revenue": 2900300000,
    "costOfRevenue": 821900000,
    "grossProfit": 2078400000,
    "grossProfitRatio": 0.7166155225,
    "researchAndDevelopmentExpenses": 0,
    "generalAndAdministrativeExpenses": 0,
    "sellingAndMarketingExpenses": 0,
    "sellingGeneralAndAdministrativeExpenses": 234300000,
    "otherExpenses": 559800000,
    "operatingExpenses": 794100000,
    "costAndExpenses": 1616000000,
    "interestIncome": 43700000,
    "interestExpense": 365400000,
    "depreciationAndAmortization": 561700000,
    "ebitda": 1955500000,
    "ebitdaratio": 0.6742405958,
    "operatingIncome": 1284300000,
    "operatingIncomeRatio": 0.4428162604,
    "totalOtherIncomeExpensesNet": -255900000,
    "incomeBeforeTax": 1028400000,
    "incomeBeforeTaxRatio": 0.3545840086,
    "incomeTaxExpense": 120000000,
    "netIncome": 900300000,
    "netIncomeRatio": 0.3104161638,
    "eps": 1.93,
    "epsdiluted": 1.92,
    "weightedAverageShsOut": 467038000,
    "weightedAverageShsOutDil": 467781000,
    "link": "https://www.sec.gov/Archives/edgar/data/1053507/000105350724000105/0001053507-24-000105-index.htm",
    "finalLink": "https://www.sec.gov/Archives/edgar/data/1053507/000105350724000105/amt-20240630.htm"
  },
  {
    "date": "2024-03-31",
    "symbol": "AMT",
    "reportedCurrency": "USD",
    "cik": "0001053507",
    "fillingDate": "2024-04-30",
    "acceptedDate": "2024-04-30 16:06:15",
    "calendarYear": "2024",
    "period": "Q1",
    "revenue": 2834100000,
    "costOfRevenue": 788300000,
    "grossProfit": 2045800000,
    "grossProfitRatio": 0.7218517342,
    "researchAndDevelopmentExpenses": 0,
    "generalAndAdministrativeExpenses": 0,
    "sellingAndMarketingExpenses": 0,
    "sellingGeneralAndAdministrativeExpenses": 257000000,
    "otherExpenses": 552200000,
    "operatingExpenses": 809200000,
    "costAndExpenses": 1597500000,
    "interestIncome": 48000000,
    "interestExpense": 366700000,
    "depreciationAndAmortization": 549400000,
    "ebitda": 1947000000,
    "ebitdaratio": 0.686990579,
    "operatingIncome": 1236600000,
    "operatingIncomeRatio": 0.4363289933,
    "totalOtherIncomeExpensesNet": -205700000,
    "incomeBeforeTax": 1030900000,
    "incomeBeforeTaxRatio": 0.3637486327,
    "incomeTaxExpense": 109200000,
    "netIncome": 917400000,
    "netIncomeRatio": 0.3237006457,
    "eps": 1.97,
    "epsdiluted": 1.96,
    "weightedAverageShsOut": 466519000,
    "weightedAverageShsOutDil": 467660000,
    "link": "https://www.sec.gov/Archives/edgar/data/1053507/000105350724000084/0001053507-24-000084-index.htm",
    "finalLink": "https://www.sec.gov/Archives/edgar/data/1053507/000105350724000084/amt-20240331.htm"
  },
  {
    "date": "2023-12-31",
    "symbol": "AMT",
    "reportedCurrency": "USD",
    "cik": "0001053507",
    "fillingDate": "2024-02-27",
    "acceptedDate": "2024-02-27 16:21:21",
    "calendarYear": "2023",
    "period": "Q4",
    "revenue": 2786700000,
    "costOfRevenue": 811400000,
    "grossProfit": 1975300000,
    "grossProfitRatio": 0.7088312341,
    "researchAndDevelopmentExpenses": 0,
    "generalAndAdministrativeExpenses": 0,
    "sellingAndMarketingExpenses": 0,
    "sellingGeneralAndAdministrativeExpenses": 252300000,
    "otherExpenses": 1006100000,
    "operatingExpenses": 1258400000,
    "costAndExpenses": 2069800000,
    "interestIncome": 36300000,
    "interestExpense": 350700000,
    "depreciationAndAmortization": 764900000,
    "ebitda": 1150800000,
    "ebitdaratio": 0.4129615674,
    "operatingIncome": 716900000,
    "operatingIncomeRatio": 0.2572576883,
    "totalOtherIncomeExpensesNet": -681700000,
    "incomeBeforeTax": 35200000,
    "incomeBeforeTaxRatio": 0.0126314279,
    "incomeTaxExpense": 21900000,
    "netIncome": 84900000,
    "netIncomeRatio": 0.0304661427,
    "eps": 0.18,
    "epsdiluted": 0.18,
    "weightedAverageShsOut": 466249000,
    "weightedAverageShsOutDil": 467453000,
    "link": "https://www.sec.gov/Archives/edgar/data/1053507/000105350724000011/0001053507-24-000011-index.htm",
    "finalLink": "https://www.sec.gov/Archives/edgar/data/1053507/000105350724000011/amt-20231231.htm"
  },
  {
    "date": "2023-09-30",
    "symbol": "AMT",
    "reportedCurrency": "USD",
    "cik": "0001053507",
    "fillingDate": "2023-10-26",
    "acceptedDate": "2023-10-26 16:08:36",
    "calendarYear": "2023",
    "period": "Q3",
    "revenue": 2521100000,
    "costOfRevenue": 638000000,
    "grossProfit": 1883100000,
    "grossProfitRatio": 0.7469358613,
    "researchAndDevelopmentExpenses": 0,
    "generalAndAdministrativeExpenses": 0,
    "sellingAndMarketingExpenses": 0,
    "sellingGeneralAndAdministrativeExpenses": 220300000,
    "otherExpenses": 749800000,
    "operatingExpenses": 970100000,
    "costAndExpenses": 1608100000,
    "interestIncome": 33300000,
    "interestExpense": 356500000,
    "depreciationAndAmortization": 762900000,
    "ebitda": 1943700000,
    "ebitdaratio": 0.770972988,
    "operatingIncome": 913000000,
    "operatingIncomeRatio": 0.3621435088,
    "totalOtherIncomeExpensesNet": -88700000,
    "incomeBeforeTax": 824300000,
    "incomeBeforeTaxRatio": 0.3269604538,
    "incomeTaxExpense": 49500000,
    "netIncome": 586900000,
    "netIncomeRatio": 0.2327952084,
    "eps": 1.26,
    "epsdiluted": 1.26,
    "weightedAverageShsOut": 466168000,
    "weightedAverageShsOutDil": 467161000,
    "link": "https://www.sec.gov/Archives/edgar/data/1053507/000105350723000161/0001053507-23-000161-index.htm",
    "finalLink": "https://www.sec.gov/Archives/edgar/data/1053507/000105350723000161/amt-20230930.htm"
  },
  {
    "date": "2023-06-30",
    "symbol": "AMT",
    "reportedCurrency": "USD",
    "cik": "0001053507",
    "fillingDate": "2023-07-27",
    "acceptedDate": "2023-07-27 16:05:55",
    "calendarYear": "2023",
    "period": "Q2",
    "revenue": 2771700000,
    "costOfRevenue": 827300000,
    "grossProfit": 1944400000,
    "grossProfitRatio": 0.7015189234,
    "researchAndDevelopmentExpenses": 0,
    "generalAndAdministrativeExpenses": 0,
    "sellingAndMarketingExpenses": 0,
    "sellingGeneralAndAdministrativeExpenses": 244400000,
    "otherExpenses": 826300000,
    "operatingExpenses": 1070700000,
    "costAndExpenses": 1898000000,
    "interestIncome": 30600000,
    "interestExpense": 348100000,
    "depreciationAndAmortization": 764600000,
    "ebitda": 1587400000,
    "ebitdaratio": 0.572717105,
    "operatingIncome": 873700000,
    "operatingIncomeRatio": 0.3152217051,
    "totalOtherIncomeExpensesNet": -399000000,
    "incomeBeforeTax": 474700000,
    "incomeBeforeTaxRatio": 0.1712667316,
    "incomeTaxExpense": 13200000,
    "netIncome": 475700000,
    "netIncomeRatio": 0.171627521,
    "eps": 1.02,
    "epsdiluted": 1.02,
    "weightedAverageShsOut": 466087000,
    "weightedAverageShsOutDil": 466979000,
    "link": "https://www.sec.gov/Archives/edgar/data/1053507/000105350723000142/0001053507-23-000142-index.htm",
    "finalLink": "https://www.sec.gov/Archives/edgar/data/1053507/000105350723000142/amt-20230630.htm"
  },
  {
    "date": "2023-03-31",
    "symbol": "AMT",
    "reportedCurrency": "USD",
    "cik": "0001053507",
    "fillingDate": "2023-04-26",
    "acceptedDate": "2023-04-26 16:06:15",
    "calendarYear": "2023",
    "period": "Q1",
    "revenue": 2767200000,
    "costOfRevenue": 806100000,
    "grossProfit": 1961100000,
    "grossProfitRatio": 0.7086947095,
    "researchAndDevelopmentExpenses": 0,
    "generalAndAdministrativeExpenses": 0,
    "sellingAndMarketingExpenses": 0,
    "sellingGeneralAndAdministrativeExpenses": 263900000,
    "otherExpenses": 921600000,
    "operatingExpenses": 1185500000,
    "costAndExpenses": 1991600000,
    "interestIncome": 30800000,
    "interestExpense": 340200000,
    "depreciationAndAmortization": 794100000,
    "ebitda": 1502700000,
    "ebitdaratio": 0.5430398959,
    "operatingIncome": 775600000,
    "operatingIncomeRatio": 0.2802833189,
    "totalOtherIncomeExpensesNet": -407200000,
    "incomeBeforeTax": 368400000,
    "incomeBeforeTaxRatio": 0.1331309627,
    "incomeTaxExpense": 53400000,
    "netIncome": 335800000,
    "netIncomeRatio": 0.1213501012,
    "eps": 0.72,
    "epsdiluted": 0.72,
    "weightedAverageShsOut": 465741000,
    "weightedAverageShsOutDil": 466810000,
    "link": "https://www.sec.gov/Archives/edgar/data/1053507/000105350723000114/0001053507-23-000114-index.htm",
    "finalLink": "https://www.sec.gov/Archives/edgar/data/1053507/000105350723000114/amt-20230331.htm"
  },
  {
    "date": "2022-12-31",
    "symbol": "AMT",
    "reportedCurrency": "USD",
    "cik": "0001053507",
    "fillingDate": "2023-02-23",
    "acceptedDate": "2023-02-23 16:13:08",
    "calendarYear": "2022",
    "period": "Q4",
    "revenue": 2705000000,
    "costOfRevenue": 805000000,
    "grossProfit": 1900000000,
    "grossProfitRatio": 0.7024029575,
    "researchAndDevelopmentExpenses": 0,
    "generalAndAdministrativeExpenses": 224300000,
    "sellingAndMarketingExpenses": 0,
    "sellingGeneralAndAdministrativeExpenses": 224300000,
    "otherExpenses": 1483700000,
    "operatingExpenses": 1708000000,
    "costAndExpenses": 2513000000,
    "interestIncome": 28600000,
    "interestExpense": 303500000,
    "depreciationAndAmortization": 814700000,
    "ebitda": 359600000,
    "ebitdaratio": 0.1329390018,
    "operatingIncome": 192000000,
    "operatingIncomeRatio": 0.0709796673,
    "totalOtherIncomeExpensesNet": -950600000,
    "incomeBeforeTax": -758600000,
    "incomeBeforeTaxRatio": -0.2804436229,
    "incomeTaxExpense": -42000000,
    "netIncome": -683800000,
    "netIncomeRatio": -0.2527911275,
    "eps": -1.54,
    "epsdiluted": -1.54,
    "weightedAverageShsOut": 465609000,
    "weightedAverageShsOutDil": 466696000,
    "link": "https://www.sec.gov/Archives/edgar/data/1053507/000105350723000023/0001053507-23-000023-index.htm",
    "finalLink": "https://www.sec.gov/Archives/edgar/data/1053507/000105350723000023/amt-20221231.htm"
  },
  {
    "date": "2022-09-30",
    "symbol": "AMT",
    "reportedCurrency": "USD",
    "cik": "0001053507",
    "fillingDate": "2022-10-27",
    "acceptedDate": "2022-10-27 16:19:01",
    "calendarYear": "2022",
    "period": "Q3",
    "revenue": 2671500000,
    "costOfRevenue": 836500000,
    "grossProfit": 1835000000,
    "grossProfitRatio": 0.6868800299,
    "researchAndDevelopmentExpenses": 0,
    "generalAndAdministrativeExpenses": 231200000,
    "sellingAndMarketingExpenses": 0,
    "sellingGeneralAndAdministrativeExpenses": 231200000,
    "otherExpenses": 950900000,
    "operatingExpenses": 1182100000,
    "costAndExpenses": 2018600000,
    "interestIncome": 18800000,
    "interestExpense": 294000000,
    "depreciationAndAmortization": 898100000,
    "ebitda": 2047900000,
    "ebitdaratio": 0.7665730863,
    "operatingIncome": 652900000,
    "operatingIncomeRatio": 0.2443945349,
    "totalOtherIncomeExpensesNet": 202900000,
    "incomeBeforeTax": 855800000,
    "incomeBeforeTaxRatio": 0.3203443758,
    "incomeTaxExpense": 36100000,
    "netIncome": 839700000,
    "netIncomeRatio": 0.314317799,
    "eps": 1.8,
    "epsdiluted": 1.8,
    "weightedAverageShsOut": 465594000,
    "weightedAverageShsOutDil": 466801003,
    "link": "https://www.sec.gov/Archives/edgar/data/1053507/000105350722000118/0001053507-22-000118-index.htm",
    "finalLink": "https://www.sec.gov/Archives/edgar/data/1053507/000105350722000118/amt-20220930.htm"
  },
  {
    "date": "2022-06-30",
    "symbol": "AMT",
    "reportedCurrency": "USD",
    "cik": "0001053507",
    "fillingDate": "2022-07-28",
    "acceptedDate": "2022-07-28 16:21:40",
    "calendarYear": "2022",
    "period": "Q2",
    "revenue": 2674300000,
    "costOfRevenue": 822900000,
    "grossProfit": 1851400000,
    "grossProfitRatio": 0.6922933104,
    "researchAndDevelopmentExpenses": 0,
    "generalAndAdministrativeExpenses": 222900000,
    "sellingAndMarketingExpenses": 0,
    "sellingGeneralAndAdministrativeExpenses": 222900000,
    "otherExpenses": 846200000,
    "operatingExpenses": 1069100000,
    "costAndExpenses": 1892000000,
    "interestIncome": 14300000,
    "interestExpense": 276600000,
    "depreciationAndAmortization": 826500000,
    "ebitda": 2001400000,
    "ebitdaratio": 0.7483827544,
    "operatingIncome": 782300000,
    "operatingIncomeRatio": 0.2925251468,
    "totalOtherIncomeExpensesNet": 116000000,
    "incomeBeforeTax": 898300000,
    "incomeBeforeTaxRatio": 0.3359009834,
    "incomeTaxExpense": 7400000,
    "netIncome": 898200000,
    "netIncomeRatio": 0.3358635905,
    "eps": 1.96,
    "epsdiluted": 1.95,
    "weightedAverageShsOut": 458776000,
    "weightedAverageShsOutDil": 459819003,
    "link": "https://www.sec.gov/Archives/edgar/data/1053507/000105350722000099/0001053507-22-000099-index.htm",
    "finalLink": "https://www.sec.gov/Archives/edgar/data/1053507/000105350722000099/amt-20220630.htm"
  },
  {
    "date": "2022-03-31",
    "symbol": "AMT",
    "reportedCurrency": "USD",
    "cik": "0001053507",
    "fillingDate": "2022-04-27",
    "acceptedDate": "2022-04-27 16:10:42",
    "calendarYear": "2022",
    "period": "Q1",
    "revenue": 2660300000,
    "costOfRevenue": 799400000,
    "grossProfit": 1860900000,
    "grossProfitRatio": 0.6995075743,
    "researchAndDevelopmentExpenses": 0,
    "generalAndAdministrativeExpenses": 293900000,
    "sellingAndMarketingExpenses": 0,
    "sellingGeneralAndAdministrativeExpenses": 293900000,
    "otherExpenses": 841900000,
    "operatingExpenses": 1135800000,
    "costAndExpenses": 1935200000,
    "interestIncome": 9900000,
    "interestExpense": 262400000,
    "depreciationAndAmortization": 815800000,
    "ebitda": 1803400000,
    "ebitdaratio": 0.6778934707,
    "operatingIncome": 725100000,
    "operatingIncomeRatio": 0.2725632447,
    "totalOtherIncomeExpensesNet": 100000,
    "incomeBeforeTax": 725200000,
    "incomeBeforeTaxRatio": 0.2726008345,
    "incomeTaxExpense": 22500000,
    "netIncome": 711700000,
    "netIncomeRatio": 0.2675262188,
    "eps": 1.56,
    "epsdiluted": 1.56,
    "weightedAverageShsOut": 455946000,
    "weightedAverageShsOutDil": 457211000,
    "link": "https://www.sec.gov/Archives/edgar/data/1053507/000105350722000068/0001053507-22-000068-index.htm",
    "finalLink": "https://www.sec.gov/Archives/edgar/data/1053507/000105350722000068/amt-20220331.htm"
  },
  {
    "date": "2021-12-31",
    "symbol": "AMT",
    "reportedCurrency": "USD",
    "cik": "0001053507",
    "fillingDate": "2022-02-25",
    "acceptedDate": "2022-02-24 17:52:05",
    "calendarYear": "2021",
    "period": "Q4",
    "revenue": 2445200000,
    "costOfRevenue": 735500000,
    "grossProfit": 1709700000,
    "grossProfitRatio": 0.6992066089,
    "researchAndDevelopmentExpenses": 0,
    "generalAndAdministrativeExpenses": 0,
    "sellingAndMarketingExpenses": 0,
    "sellingGeneralAndAdministrativeExpenses": 215900000,
    "otherExpenses": 867200000,
    "operatingExpenses": 1083100000,
    "costAndExpenses": 1818600000,
    "interestIncome": 12000000,
    "interestExpense": 224100000,
    "depreciationAndAmortization": 643900000,
    "ebitda": 1396500000,
    "ebitdaratio": 0.5711189269,
    "operatingIncome": 626600000,
    "operatingIncomeRatio": 0.2562571569,
    "totalOtherIncomeExpensesNet": -98100000,
    "incomeBeforeTax": 528500000,
    "incomeBeforeTaxRatio": 0.2161377392,
    "incomeTaxExpense": 87300000,
    "netIncome": 453400000,
    "netIncomeRatio": 0.1854245052,
    "eps": 1,
    "epsdiluted": 0.99,
    "weightedAverageShsOut": 455502003,
    "weightedAverageShsOutDil": 457131003,
    "link": "https://www.sec.gov/Archives/edgar/data/1053507/000105350722000017/0001053507-22-000017-index.htm",
    "finalLink": "https://www.sec.gov/Archives/edgar/data/1053507/000105350722000017/amt-20211231.htm"
  },
  {
    "date": "2021-09-30",
    "symbol": "AMT",
    "reportedCurrency": "USD",
    "cik": "0001053507",
    "fillingDate": "2021-10-28",
    "acceptedDate": "2021-10-28 16:19:33",
    "calendarYear": "2021",
    "period": "Q3",
    "revenue": 2454300000,
    "costOfRevenue": 724300000,
    "grossProfit": 1730000000,
    "grossProfitRatio": 0.7048853033,
    "researchAndDevelopmentExpenses": 0,
    "generalAndAdministrativeExpenses": 0,
    "sellingAndMarketingExpenses": 0,
    "sellingGeneralAndAdministrativeExpenses": 205900000,
    "otherExpenses": 696600000,
    "operatingExpenses": 902500000,
    "costAndExpenses": 1626800000,
    "interestIncome": 9400000,
    "interestExpense": 226100000,
    "depreciationAndAmortization": 611400000,
    "ebitda": 1615100000,
    "ebitdaratio": 0.6580695107,
    "operatingIncome": 827500000,
    "operatingIncomeRatio": 0.337163346,
    "totalOtherIncomeExpensesNet": -49900000,
    "incomeBeforeTax": 777600000,
    "incomeBeforeTaxRatio": 0.3168316832,
    "incomeTaxExpense": 51400000,
    "netIncome": 723000000,
    "netIncomeRatio": 0.2945850141,
    "eps": 1.59,
    "epsdiluted": 1.58,
    "weightedAverageShsOut": 455224003,
    "weightedAverageShsOutDil": 456977003,
    "link": "https://www.sec.gov/Archives/edgar/data/1053507/000105350721000159/0001053507-21-000159-index.htm",
    "finalLink": "https://www.sec.gov/Archives/edgar/data/1053507/000105350721000159/amt-20210930.htm"
  },
  {
    "date": "2021-06-30",
    "symbol": "AMT",
    "reportedCurrency": "USD",
    "cik": "0001053507",
    "fillingDate": "2021-07-29",
    "acceptedDate": "2021-07-29 16:16:35",
    "calendarYear": "2021",
    "period": "Q2",
    "revenue": 2298900000,
    "costOfRevenue": 647900000,
    "grossProfit": 1651000000,
    "grossProfitRatio": 0.7181695594,
    "researchAndDevelopmentExpenses": 0,
    "generalAndAdministrativeExpenses": 0,
    "sellingAndMarketingExpenses": 0,
    "sellingGeneralAndAdministrativeExpenses": 207200000,
    "otherExpenses": 594600000,
    "operatingExpenses": 801800000,
    "costAndExpenses": 1449700000,
    "interestIncome": 7600000,
    "interestExpense": 213700000,
    "depreciationAndAmortization": 554800000,
    "ebitda": 1589200000,
    "ebitdaratio": 0.6912871373,
    "operatingIncome": 849200000,
    "operatingIncomeRatio": 0.369394058,
    "totalOtherIncomeExpensesNet": -28500000,
    "incomeBeforeTax": 820700000,
    "incomeBeforeTaxRatio": 0.3569968246,
    "incomeTaxExpense": 72800000,
    "netIncome": 746300000,
    "netIncomeRatio": 0.3246335204,
    "eps": 1.66,
    "epsdiluted": 1.65,
    "weightedAverageShsOut": 450617003,
    "weightedAverageShsOutDil": 452354003,
    "link": "https://www.sec.gov/Archives/edgar/data/1053507/000105350721000129/0001053507-21-000129-index.htm",
    "finalLink": "https://www.sec.gov/Archives/edgar/data/1053507/000105350721000129/amt-20210630.htm"
  },
  {
    "date": "2021-03-31",
    "symbol": "AMT",
    "reportedCurrency": "USD",
    "cik": "0001053507",
    "fillingDate": "2021-04-29",
    "acceptedDate": "2021-04-29 16:19:15",
    "calendarYear": "2021",
    "period": "Q1",
    "revenue": 2158500000,
    "costOfRevenue": 574300000,
    "grossProfit": 1584200000,
    "grossProfitRatio": 0.7339356034,
    "researchAndDevelopmentExpenses": 0,
    "generalAndAdministrativeExpenses": 0,
    "sellingAndMarketingExpenses": 0,
    "sellingGeneralAndAdministrativeExpenses": 182600000,
    "otherExpenses": 572900000,
    "operatingExpenses": 755500000,
    "costAndExpenses": 1329800000,
    "interestIncome": 11400000,
    "interestExpense": 207000000,
    "depreciationAndAmortization": 522500000,
    "ebitda": 1432100000,
    "ebitdaratio": 0.6634700023,
    "operatingIncome": 828700000,
    "operatingIncomeRatio": 0.3839240213,
    "totalOtherIncomeExpensesNet": -126100000,
    "incomeBeforeTax": 702600000,
    "incomeBeforeTaxRatio": 0.3255038221,
    "incomeTaxExpense": 50300000,
    "netIncome": 645000000,
    "netIncomeRatio": 0.298818624,
    "eps": 1.45,
    "epsdiluted": 1.45,
    "weightedAverageShsOut": 444486003,
    "weightedAverageShsOutDil": 446294003,
    "link": "https://www.sec.gov/Archives/edgar/data/1053507/000105350721000085/0001053507-21-000085-index.htm",
    "finalLink": "https://www.sec.gov/Archives/edgar/data/1053507/000105350721000085/amt-20210331.htm"
  },
  {
    "date": "2020-12-31",
    "symbol": "AMT",
    "reportedCurrency": "USD",
    "cik": "0001053507",
    "fillingDate": "2021-02-25",
    "acceptedDate": "2021-02-25 16:15:20",
    "calendarYear": "2020",
    "period": "Q4",
    "revenue": 2122500000,
    "costOfRevenue": 569600000,
    "grossProfit": 1552900000,
    "grossProfitRatio": 0.7316372203,
    "researchAndDevelopmentExpenses": 0,
    "generalAndAdministrativeExpenses": 0,
    "sellingAndMarketingExpenses": 0,
    "sellingGeneralAndAdministrativeExpenses": 199300000,
    "otherExpenses": 679300000,
    "operatingExpenses": 878600000,
    "costAndExpenses": 1448200000,
    "interestIncome": 11500000,
    "interestExpense": 196100000,
    "depreciationAndAmortization": 481000000,
    "ebitda": 1097000000,
    "ebitdaratio": 0.5168433451,
    "operatingIncome": 674300000,
    "operatingIncomeRatio": 0.3176914016,
    "totalOtherIncomeExpensesNet": -254600000,
    "incomeBeforeTax": 419700000,
    "incomeBeforeTaxRatio": 0.1977385159,
    "incomeTaxExpense": 58100000,
    "netIncome": 365100000,
    "netIncomeRatio": 0.1720141343,
    "eps": 0.82,
    "epsdiluted": 0.82,
    "weightedAverageShsOut": 444293003,
    "weightedAverageShsOutDil": 446347003,
    "link": "https://www.sec.gov/Archives/edgar/data/1053507/000105350721000026/0001053507-21-000026-index.htm",
    "finalLink": "https://www.sec.gov/Archives/edgar/data/1053507/000105350721000026/amt-20201231.htm"
  },
  {
    "date": "2020-09-30",
    "symbol": "AMT",
    "reportedCurrency": "USD",
    "cik": "0001053507",
    "fillingDate": "2020-10-29",
    "acceptedDate": "2020-10-29 16:12:59",
    "calendarYear": "2020",
    "period": "Q3",
    "revenue": 2012900000,
    "costOfRevenue": 562600000,
    "grossProfit": 1450300000,
    "grossProfitRatio": 0.7205027572,
    "researchAndDevelopmentExpenses": 0,
    "generalAndAdministrativeExpenses": 0,
    "sellingAndMarketingExpenses": 0,
    "sellingGeneralAndAdministrativeExpenses": 176000000,
    "otherExpenses": 489200000,
    "operatingExpenses": 665200000,
    "costAndExpenses": 1227800000,
    "interestIncome": 9700000,
    "interestExpense": 190900000,
    "depreciationAndAmortization": 473900000,
    "ebitda": 1167000000,
    "ebitdaratio": 0.5797605445,
    "operatingIncome": 785100000,
    "operatingIncomeRatio": 0.3900342789,
    "totalOtherIncomeExpensesNet": -282900000,
    "incomeBeforeTax": 502200000,
    "incomeBeforeTaxRatio": 0.2494907844,
    "incomeTaxExpense": 39300000,
    "netIncome": 464400000,
    "netIncomeRatio": 0.2307119082,
    "eps": 1.05,
    "epsdiluted": 1.04,
    "weightedAverageShsOut": 443766003,
    "weightedAverageShsOutDil": 446156003,
    "link": "https://www.sec.gov/Archives/edgar/data/1053507/000105350720000161/0001053507-20-000161-index.htm",
    "finalLink": "https://www.sec.gov/Archives/edgar/data/1053507/000105350720000161/amt-20200930.htm"
  },
  {
    "date": "2020-06-30",
    "symbol": "AMT",
    "reportedCurrency": "USD",
    "cik": "0001053507",
    "fillingDate": "2020-07-30",
    "acceptedDate": "2020-07-30 19:14:33",
    "calendarYear": "2020",
    "period": "Q2",
    "revenue": 1913000000,
    "costOfRevenue": 540000000,
    "grossProfit": 1373000000,
    "grossProfitRatio": 0.7177208573,
    "researchAndDevelopmentExpenses": 0,
    "generalAndAdministrativeExpenses": 0,
    "sellingAndMarketingExpenses": 0,
    "sellingGeneralAndAdministrativeExpenses": 188600000,
    "otherExpenses": 493100000,
    "operatingExpenses": 681700000,
    "costAndExpenses": 1221700000,
    "interestIncome": 8400000,
    "interestExpense": 197700000,
    "depreciationAndAmortization": 454900000,
    "ebitda": 1112100000,
    "ebitdaratio": 0.5813382122,
    "operatingIncome": 691300000,
    "operatingIncomeRatio": 0.3613695766,
    "totalOtherIncomeExpensesNet": -231800000,
    "incomeBeforeTax": 459500000,
    "incomeBeforeTaxRatio": 0.2401986409,
    "incomeTaxExpense": 11100000,
    "netIncome": 446100000,
    "netIncomeRatio": 0.2331939362,
    "eps": 1.01,
    "epsdiluted": 1,
    "weightedAverageShsOut": 443436003,
    "weightedAverageShsOutDil": 445867003,
    "link": "https://www.sec.gov/Archives/edgar/data/1053507/000105350720000129/0001053507-20-000129-index.htm",
    "finalLink": "https://www.sec.gov/Archives/edgar/data/1053507/000105350720000129/amt-20200630.htm"
  },
  {
    "date": "2020-03-31",
    "symbol": "AMT",
    "reportedCurrency": "USD",
    "cik": "0001053507",
    "fillingDate": "2020-04-29",
    "acceptedDate": "2020-04-29 16:25:19",
    "calendarYear": "2020",
    "period": "Q1",
    "revenue": 1993100000,
    "costOfRevenue": 552000000,
    "grossProfit": 1441100000,
    "grossProfitRatio": 0.7230445035,
    "researchAndDevelopmentExpenses": 0,
    "generalAndAdministrativeExpenses": 217800000,
    "sellingAndMarketingExpenses": 0,
    "sellingGeneralAndAdministrativeExpenses": 217800000,
    "otherExpenses": 486500000,
    "operatingExpenses": 704300000,
    "costAndExpenses": 1256300000,
    "interestIncome": 10100000,
    "interestExpense": 208800000,
    "depreciationAndAmortization": 472300000,
    "ebitda": 1120800000,
    "ebitdaratio": 0.5623400733,
    "operatingIncome": 736800000,
    "operatingIncomeRatio": 0.3696753801,
    "totalOtherIncomeExpensesNet": -297100000,
    "incomeBeforeTax": 439700000,
    "incomeBeforeTaxRatio": 0.2206111083,
    "incomeTaxExpense": 21100000,
    "netIncome": 415000000,
    "netIncomeRatio": 0.2082183533,
    "eps": 0.94,
    "epsdiluted": 0.93,
    "weightedAverageShsOut": 443055003,
    "weightedAverageShsOutDil": 445832003,
    "link": "https://www.sec.gov/Archives/edgar/data/1053507/000105350720000093/0001053507-20-000093-index.htm",
    "finalLink": "https://www.sec.gov/Archives/edgar/data/1053507/000105350720000093/amt-20200331.htm"
  },
  {
    "date": "2019-12-31",
    "symbol": "AMT",
    "reportedCurrency": "USD",
    "cik": "0001053507",
    "fillingDate": "2020-02-25",
    "acceptedDate": "2020-02-25 16:10:15",
    "calendarYear": "2019",
    "period": "Q4",
    "revenue": 1923700000,
    "costOfRevenue": 550200000,
    "grossProfit": 1373500000,
    "grossProfitRatio": 0.7139886677,
    "researchAndDevelopmentExpenses": 0,
    "generalAndAdministrativeExpenses": 179600000,
    "sellingAndMarketingExpenses": 0,
    "sellingGeneralAndAdministrativeExpenses": 179600000,
    "otherExpenses": 532600000,
    "operatingExpenses": 712200000,
    "costAndExpenses": 1262400000,
    "interestIncome": 10500000,
    "interestExpense": 200900000,
    "depreciationAndAmortization": 9700000,
    "ebitda": 1119600000,
    "ebitdaratio": 0.5820034309,
    "operatingIncome": 661300000,
    "operatingIncomeRatio": 0.3437646203,
    "totalOtherIncomeExpensesNet": -192400000,
    "incomeBeforeTax": 468900000,
    "incomeBeforeTaxRatio": 0.2437490253,
    "incomeTaxExpense": -100500000,
    "netIncome": 562700000,
    "netIncomeRatio": 0.292509227,
    "eps": 1.27,
    "epsdiluted": 1.26,
    "weightedAverageShsOut": 442940003,
    "weightedAverageShsOutDil": 445923003,
    "link": "https://www.sec.gov/Archives/edgar/data/1053507/000105350720000028/0001053507-20-000028-index.htm",
    "finalLink": "https://www.sec.gov/Archives/edgar/data/1053507/000105350720000028/amt1231201910k.htm"
  },
  {
    "date": "2019-09-30",
    "symbol": "AMT",
    "reportedCurrency": "USD",
    "cik": "0001053507",
    "fillingDate": "2019-10-31",
    "acceptedDate": "2019-10-31 16:12:37",
    "calendarYear": "2019",
    "period": "Q3",
    "revenue": 1953600000,
    "costOfRevenue": 559900000,
    "grossProfit": 1393700000,
    "grossProfitRatio": 0.7134009009,
    "researchAndDevelopmentExpenses": 0,
    "generalAndAdministrativeExpenses": 187900000,
    "sellingAndMarketingExpenses": 0,
    "sellingGeneralAndAdministrativeExpenses": 187900000,
    "otherExpenses": 2800000,
    "operatingExpenses": 665400000,
    "costAndExpenses": 1225300000,
    "interestIncome": 12200000,
    "interestExpense": 201300000,
    "depreciationAndAmortization": 454500000,
    "ebitda": 1197800000,
    "ebitdaratio": 0.6131244881,
    "operatingIncome": 728300000,
    "operatingIncomeRatio": 0.3727989353,
    "totalOtherIncomeExpensesNet": -186300000,
    "incomeBeforeTax": 542000000,
    "incomeBeforeTaxRatio": 0.2774365274,
    "incomeTaxExpense": 36700000,
    "netIncome": 498600000,
    "netIncomeRatio": 0.2552211302,
    "eps": 1.13,
    "epsdiluted": 1.12,
    "weightedAverageShsOut": 442763003,
    "weightedAverageShsOutDil": 445829003,
    "link": "https://www.sec.gov/Archives/edgar/data/1053507/000105350719000134/0001053507-19-000134-index.htm",
    "finalLink": "https://www.sec.gov/Archives/edgar/data/1053507/000105350719000134/amt10qq32019.htm"
  },
  {
    "date": "2019-06-30",
    "symbol": "AMT",
    "reportedCurrency": "USD",
    "cik": "0001053507",
    "fillingDate": "2019-07-31",
    "acceptedDate": "2019-07-31 16:09:27",
    "calendarYear": "2019",
    "period": "Q2",
    "revenue": 1889600000,
    "costOfRevenue": 563300000,
    "grossProfit": 1326300000,
    "grossProfitRatio": 0.7018945809,
    "researchAndDevelopmentExpenses": 0,
    "generalAndAdministrativeExpenses": 164800000,
    "sellingAndMarketingExpenses": 0,
    "sellingGeneralAndAdministrativeExpenses": 164800000,
    "otherExpenses": -5100000,
    "operatingExpenses": 642400000,
    "costAndExpenses": 1205700000,
    "interestIncome": 11700000,
    "interestExpense": 204500000,
    "depreciationAndAmortization": 468200000,
    "ebitda": 1136600000,
    "ebitdaratio": 0.6015029636,
    "operatingIncome": 683900000,
    "operatingIncomeRatio": 0.3619284505,
    "totalOtherIncomeExpensesNet": -220000000,
    "incomeBeforeTax": 463900000,
    "incomeBeforeTaxRatio": 0.2455016935,
    "incomeTaxExpense": 29600000,
    "netIncome": 429100000,
    "netIncomeRatio": 0.2270850974,
    "eps": 0.97,
    "epsdiluted": 0.96,
    "weightedAverageShsOut": 442203003,
    "weightedAverageShsOutDil": 445337003,
    "link": "https://www.sec.gov/Archives/edgar/data/1053507/000105350719000105/0001053507-19-000105-index.htm",
    "finalLink": "https://www.sec.gov/Archives/edgar/data/1053507/000105350719000105/amt10qq22019.htm"
  },
  {
    "date": "2019-03-31",
    "symbol": "AMT",
    "reportedCurrency": "USD",
    "cik": "0001053507",
    "fillingDate": "2019-05-03",
    "acceptedDate": "2019-05-03 16:17:37",
    "calendarYear": "2019",
    "period": "Q1",
    "revenue": 1813400000,
    "costOfRevenue": 543400000,
    "grossProfit": 1270000000,
    "grossProfitRatio": 0.7003418992,
    "researchAndDevelopmentExpenses": 0,
    "generalAndAdministrativeExpenses": 198100000,
    "sellingAndMarketingExpenses": 0,
    "sellingGeneralAndAdministrativeExpenses": 198100000,
    "otherExpenses": 21900000,
    "operatingExpenses": 655100000,
    "costAndExpenses": 1198500000,
    "interestIncome": 12400000,
    "interestExpense": 207500000,
    "depreciationAndAmortization": 457100000,
    "ebitda": 1106200000,
    "ebitdaratio": 0.6100143377,
    "operatingIncome": 614900000,
    "operatingIncomeRatio": 0.3390867983,
    "totalOtherIncomeExpensesNet": -173300000,
    "incomeBeforeTax": 441600000,
    "incomeBeforeTaxRatio": 0.2435204588,
    "incomeTaxExpense": 34000000,
    "netIncome": 397400000,
    "netIncomeRatio": 0.2191463549,
    "eps": 0.9,
    "epsdiluted": 0.89,
    "weightedAverageShsOut": 441351003,
    "weightedAverageShsOutDil": 444621003,
    "link": "https://www.sec.gov/Archives/edgar/data/1053507/000105350719000073/0001053507-19-000073-index.htm",
    "finalLink": "https://www.sec.gov/Archives/edgar/data/1053507/000105350719000073/amt10qq12019.htm"
  },
  {
    "date": "2018-12-31",
    "symbol": "AMT",
    "reportedCurrency": "USD",
    "cik": "0001053507",
    "fillingDate": "2019-02-27",
    "acceptedDate": "2019-02-27 16:46:19",
    "calendarYear": "2018",
    "period": "Q4",
    "revenue": 2131900000,
    "costOfRevenue": 540900000,
    "grossProfit": 1591000000,
    "grossProfitRatio": 0.7462826587,
    "researchAndDevelopmentExpenses": 0,
    "generalAndAdministrativeExpenses": 192500000,
    "sellingAndMarketingExpenses": 0,
    "sellingGeneralAndAdministrativeExpenses": 192500000,
    "otherExpenses": 9700000,
    "operatingExpenses": 1202100000,
    "costAndExpenses": 1743000000,
    "interestIncome": 10800000,
    "interestExpense": 208800000,
    "depreciationAndAmortization": 765900000,
    "ebitda": 1173100000,
    "ebitdaratio": 0.5502603312,
    "operatingIncome": 388900000,
    "operatingIncomeRatio": 0.1824194381,
    "totalOtherIncomeExpensesNet": -191600000,
    "incomeBeforeTax": 197300000,
    "incomeBeforeTaxRatio": 0.0925465547,
    "incomeTaxExpense": -95400000,
    "netIncome": 277600000,
    "netIncomeRatio": 0.1302124865,
    "eps": 0.63,
    "epsdiluted": 0.62,
    "weightedAverageShsOut": 440838003,
    "weightedAverageShsOutDil": 444304003,
    "link": "https://www.sec.gov/Archives/edgar/data/1053507/000105350719000012/0001053507-19-000012-index.htm",
    "finalLink": "https://www.sec.gov/Archives/edgar/data/1053507/000105350719000012/amt1231201810k.htm"
  },
  {
    "date": "2018-09-30",
    "symbol": "AMT",
    "reportedCurrency": "USD",
    "cik": "0001053507",
    "fillingDate": "2018-10-30",
    "acceptedDate": "2018-10-30 16:17:22",
    "calendarYear": "2018",
    "period": "Q3",
    "revenue": 1785500000,
    "costOfRevenue": 556700000,
    "grossProfit": 1228800000,
    "grossProfitRatio": 0.6882105853,
    "researchAndDevelopmentExpenses": 0,
    "generalAndAdministrativeExpenses": 177900000,
    "sellingAndMarketingExpenses": 0,
    "sellingGeneralAndAdministrativeExpenses": 177900000,
    "otherExpenses": 21100000,
    "operatingExpenses": 661600000,
    "costAndExpenses": 1218300000,
    "interestIncome": 10100000,
    "interestExpense": 208600000,
    "depreciationAndAmortization": 448900000,
    "ebitda": 1047300000,
    "ebitdaratio": 0.586558387,
    "operatingIncome": 567200000,
    "operatingIncomeRatio": 0.3176701204,
    "totalOtherIncomeExpensesNet": -177400000,
    "incomeBeforeTax": 389800000,
    "incomeBeforeTaxRatio": 0.2183141977,
    "incomeTaxExpense": 12500000,
    "netIncome": 366900000,
    "netIncomeRatio": 0.2054886586,
    "eps": 0.83,
    "epsdiluted": 0.83,
    "weightedAverageShsOut": 440889003,
    "weightedAverageShsOutDil": 444121003,
    "link": "https://www.sec.gov/Archives/edgar/data/1053507/000105350718000049/0001053507-18-000049-index.htm",
    "finalLink": "https://www.sec.gov/Archives/edgar/data/1053507/000105350718000049/amt10qq32018.htm"
  },
  {
    "date": "2018-06-30",
    "symbol": "AMT",
    "reportedCurrency": "USD",
    "cik": "0001053507",
    "fillingDate": "2018-07-31",
    "acceptedDate": "2018-07-31 17:15:12",
    "calendarYear": "2018",
    "period": "Q2",
    "revenue": 1780900000,
    "costOfRevenue": 560300000,
    "grossProfit": 1220600000,
    "grossProfitRatio": 0.6853837947,
    "researchAndDevelopmentExpenses": 0,
    "generalAndAdministrativeExpenses": 157900000,
    "sellingAndMarketingExpenses": 0,
    "sellingGeneralAndAdministrativeExpenses": 157900000,
    "otherExpenses": -34800000,
    "operatingExpenses": 674600000,
    "costAndExpenses": 1234900000,
    "interestIncome": 18400000,
    "interestExpense": 211300000,
    "depreciationAndAmortization": 449700000,
    "ebitda": 979300000,
    "ebitdaratio": 0.5498905048,
    "operatingIncome": 546000000,
    "operatingIncomeRatio": 0.3065865574,
    "totalOtherIncomeExpensesNet": -227700000,
    "incomeBeforeTax": 318300000,
    "incomeBeforeTaxRatio": 0.1787298557,
    "incomeTaxExpense": 3900000,
    "netIncome": 306700000,
    "netIncomeRatio": 0.1722162951,
    "eps": 0.69,
    "epsdiluted": 0.69,
    "weightedAverageShsOut": 441497003,
    "weightedAverageShsOutDil": 444362003,
    "link": "https://www.sec.gov/Archives/edgar/data/1053507/000105350718000038/0001053507-18-000038-index.htm",
    "finalLink": "https://www.sec.gov/Archives/edgar/data/1053507/000105350718000038/amt10qq22018.htm"
  },
  {
    "date": "2018-03-31",
    "symbol": "AMT",
    "reportedCurrency": "USD",
    "cik": "0001053507",
    "fillingDate": "2018-05-02",
    "acceptedDate": "2018-05-01 21:08:05",
    "calendarYear": "2018",
    "period": "Q1",
    "revenue": 1741800000,
    "costOfRevenue": 519900000,
    "grossProfit": 1221900000,
    "grossProfitRatio": 0.7015156734,
    "researchAndDevelopmentExpenses": 0,
    "generalAndAdministrativeExpenses": 204900000,
    "sellingAndMarketingExpenses": 0,
    "sellingGeneralAndAdministrativeExpenses": 204900000,
    "otherExpenses": 27800000,
    "operatingExpenses": 819000000,
    "costAndExpenses": 1338900000,
    "interestIncome": 15400000,
    "interestExpense": 196900000,
    "depreciationAndAmortization": 446300000,
    "ebitda": 895400000,
    "ebitdaratio": 0.5140659088,
    "operatingIncome": 402900000,
    "operatingIncomeRatio": 0.2313124354,
    "totalOtherIncomeExpensesNet": -153700000,
    "incomeBeforeTax": 249200000,
    "incomeBeforeTaxRatio": 0.143070387,
    "incomeTaxExpense": -31100000,
    "netIncome": 285200000,
    "netIncomeRatio": 0.1637386612,
    "eps": 0.63,
    "epsdiluted": 0.63,
    "weightedAverageShsOut": 435124003,
    "weightedAverageShsOutDil": 438520003,
    "link": "https://www.sec.gov/Archives/edgar/data/1053507/000105350718000026/0001053507-18-000026-index.htm",
    "finalLink": "https://www.sec.gov/Archives/edgar/data/1053507/000105350718000026/amt10qq12018.htm"
  },
  {
    "date": "2017-12-31",
    "symbol": "AMT",
    "reportedCurrency": "USD",
    "cik": "0001053507",
    "fillingDate": "2018-02-28",
    "acceptedDate": "2018-02-27 17:43:57",
    "calendarYear": "2017",
    "period": "Q4",
    "revenue": 1704500000,
    "costOfRevenue": 526400000,
    "grossProfit": 1178100000,
    "grossProfitRatio": 0.6911704312,
    "researchAndDevelopmentExpenses": 0,
    "generalAndAdministrativeExpenses": 171600000,
    "sellingAndMarketingExpenses": 0,
    "sellingGeneralAndAdministrativeExpenses": 171600000,
    "otherExpenses": -8600000,
    "operatingExpenses": 849100000,
    "costAndExpenses": 1375500000,
    "interestIncome": 11700000,
    "interestExpense": 190400000,
    "depreciationAndAmortization": 466051000,
    "ebitda": 797831000,
    "ebitdaratio": 0.4680733353,
    "operatingIncome": 329000000,
    "operatingIncomeRatio": 0.1930184805,
    "totalOtherIncomeExpensesNet": -187600000,
    "incomeBeforeTax": 141400000,
    "incomeBeforeTaxRatio": 0.0829568789,
    "incomeTaxExpense": -53400000,
    "netIncome": 238500000,
    "netIncomeRatio": 0.1399237313,
    "eps": 0.51,
    "epsdiluted": 0.51,
    "weightedAverageShsOut": 428836003,
    "weightedAverageShsOutDil": 432472003,
    "link": "https://www.sec.gov/Archives/edgar/data/1053507/000105350718000006/0001053507-18-000006-index.htm",
    "finalLink": "https://www.sec.gov/Archives/edgar/data/1053507/000105350718000006/amt1231201710k.htm"
  },
  {
    "date": "2017-09-30",
    "symbol": "AMT",
    "reportedCurrency": "USD",
    "cik": "0001053507",
    "fillingDate": "2017-10-31",
    "acceptedDate": "2017-10-31 16:46:37",
    "calendarYear": "2017",
    "period": "Q3",
    "revenue": 1680766000,
    "costOfRevenue": 519094000,
    "grossProfit": 1161672000,
    "grossProfitRatio": 0.6911562942,
    "researchAndDevelopmentExpenses": 0,
    "generalAndAdministrativeExpenses": 148626000,
    "sellingAndMarketingExpenses": 0,
    "sellingGeneralAndAdministrativeExpenses": 148626000,
    "otherExpenses": -1114000,
    "operatingExpenses": 600521000,
    "costAndExpenses": 1119615000,
    "interestIncome": 11318000,
    "interestExpense": 189076000,
    "depreciationAndAmortization": 432300000,
    "ebitda": 986500000,
    "ebitdaratio": 0.5869347666,
    "operatingIncome": 561151000,
    "operatingIncomeRatio": 0.3338662253,
    "totalOtherIncomeExpensesNet": -193055000,
    "incomeBeforeTax": 368096000,
    "incomeBeforeTaxRatio": 0.2190049061,
    "incomeTaxExpense": 33412000,
    "netIncome": 317268000,
    "netIncomeRatio": 0.1887639326,
    "eps": 0.7,
    "epsdiluted": 0.69,
    "weightedAverageShsOut": 429281003,
    "weightedAverageShsOutDil": 432831003,
    "link": "https://www.sec.gov/Archives/edgar/data/1053507/000105350717000056/0001053507-17-000056-index.htm",
    "finalLink": "https://www.sec.gov/Archives/edgar/data/1053507/000105350717000056/amt10qq32017.htm"
  },
  {
    "date": "2017-06-30",
    "symbol": "AMT",
    "reportedCurrency": "USD",
    "cik": "0001053507",
    "fillingDate": "2017-07-27",
    "acceptedDate": "2017-07-27 16:53:10",
    "calendarYear": "2017",
    "period": "Q2",
    "revenue": 1662434000,
    "costOfRevenue": 516337000,
    "grossProfit": 1146097000,
    "grossProfitRatio": 0.6894090232,
    "researchAndDevelopmentExpenses": 0,
    "generalAndAdministrativeExpenses": 153994000,
    "sellingAndMarketingExpenses": 0,
    "sellingGeneralAndAdministrativeExpenses": 153994000,
    "otherExpenses": 11782000,
    "operatingExpenses": 569188000,
    "costAndExpenses": 1085525000,
    "interestIncome": 11372000,
    "interestExpense": 187319000,
    "depreciationAndAmortization": 396400000,
    "ebitda": 993000000,
    "ebitdaratio": 0.5973169461,
    "operatingIncome": 576909000,
    "operatingIncomeRatio": 0.347026709,
    "totalOtherIncomeExpensesNet": -164439000,
    "incomeBeforeTax": 412470000,
    "incomeBeforeTaxRatio": 0.2481121055,
    "incomeTaxExpense": 23980000,
    "netIncome": 367051000,
    "netIncomeRatio": 0.2207913216,
    "eps": 0.81,
    "epsdiluted": 0.8,
    "weightedAverageShsOut": 427298003,
    "weightedAverageShsOutDil": 430487003,
    "link": "https://www.sec.gov/Archives/edgar/data/1053507/000105350717000045/0001053507-17-000045-index.htm",
    "finalLink": "https://www.sec.gov/Archives/edgar/data/1053507/000105350717000045/amt10qq22017.htm"
  },
  {
    "date": "2017-03-31",
    "symbol": "AMT",
    "reportedCurrency": "USD",
    "cik": "0001053507",
    "fillingDate": "2017-04-27",
    "acceptedDate": "2017-04-27 16:37:05",
    "calendarYear": "2017",
    "period": "Q1",
    "revenue": 1616238000,
    "costOfRevenue": 491830000,
    "grossProfit": 1124408000,
    "grossProfitRatio": 0.6956945697,
    "researchAndDevelopmentExpenses": 0,
    "generalAndAdministrativeExpenses": 165674000,
    "sellingAndMarketingExpenses": 0,
    "sellingGeneralAndAdministrativeExpenses": 165674000,
    "otherExpenses": 29302000,
    "operatingExpenses": 593029000,
    "costAndExpenses": 1084859000,
    "interestIncome": 12918000,
    "interestExpense": 183986000,
    "depreciationAndAmortization": 421100000,
    "ebitda": 936300000,
    "ebitdaratio": 0.5793082454,
    "operatingIncome": 531379000,
    "operatingIncomeRatio": 0.3287752175,
    "totalOtherIncomeExpensesNet": -197206000,
    "incomeBeforeTax": 334173000,
    "incomeBeforeTaxRatio": 0.2067597718,
    "incomeTaxExpense": 26763000,
    "netIncome": 316080000,
    "netIncomeRatio": 0.1955652571,
    "eps": 0.68,
    "epsdiluted": 0.67,
    "weightedAverageShsOut": 427279003,
    "weightedAverageShsOutDil": 430199003,
    "link": "https://www.sec.gov/Archives/edgar/data/1053507/000105350717000031/0001053507-17-000031-index.htm",
    "finalLink": "https://www.sec.gov/Archives/edgar/data/1053507/000105350717000031/amt10qq12017.htm"
  },
  {
    "date": "2016-12-31",
    "symbol": "AMT",
    "reportedCurrency": "USD",
    "cik": "0001053507",
    "fillingDate": "2017-02-27",
    "acceptedDate": "2017-02-27 17:05:07",
    "calendarYear": "2016",
    "period": "Q4",
    "revenue": 1539549000,
    "costOfRevenue": 487461000,
    "grossProfit": 1052088000,
    "grossProfitRatio": 0.683374157,
    "researchAndDevelopmentExpenses": 0,
    "generalAndAdministrativeExpenses": 138844000,
    "sellingAndMarketingExpenses": 0,
    "sellingGeneralAndAdministrativeExpenses": 138844000,
    "otherExpenses": -21896000,
    "operatingExpenses": 562792000,
    "costAndExpenses": 1050253000,
    "interestIncome": 12311000,
    "interestExpense": 186366000,
    "depreciationAndAmortization": 388237000,
    "ebitda": 868286000,
    "ebitdaratio": 0.5639872456,
    "operatingIncome": 489296000,
    "operatingIncomeRatio": 0.3178177505,
    "totalOtherIncomeExpensesNet": -195613000,
    "incomeBeforeTax": 293683000,
    "incomeBeforeTaxRatio": 0.1907591119,
    "incomeTaxExpense": 60830000,
    "netIncome": 229207000,
    "netIncomeRatio": 0.1488793147,
    "eps": 0.48,
    "epsdiluted": 0.47,
    "weightedAverageShsOut": 426071003,
    "weightedAverageShsOutDil": 429896003,
    "link": "https://www.sec.gov/Archives/edgar/data/1053507/000105350717000009/0001053507-17-000009-index.htm",
    "finalLink": "https://www.sec.gov/Archives/edgar/data/1053507/000105350717000009/amt1231201610k.htm"
  },
  {
    "date": "2016-09-30",
    "symbol": "AMT",
    "reportedCurrency": "USD",
    "cik": "0001053507",
    "fillingDate": "2016-10-27",
    "acceptedDate": "2016-10-27 16:58:39",
    "calendarYear": "2016",
    "period": "Q3",
    "revenue": 1514845000,
    "costOfRevenue": 490639000,
    "grossProfit": 1024206000,
    "grossProfitRatio": 0.6761127376,
    "researchAndDevelopmentExpenses": 0,
    "generalAndAdministrativeExpenses": 132135000,
    "sellingAndMarketingExpenses": 0,
    "sellingGeneralAndAdministrativeExpenses": 132135000,
    "otherExpenses": -12260000,
    "operatingExpenses": 545132000,
    "costAndExpenses": 1035771000,
    "interestIncome": 9397000,
    "interestExpense": 190439000,
    "depreciationAndAmortization": 397999000,
    "ebitda": 874210000,
    "ebitdaratio": 0.5770953464,
    "operatingIncome": 479074000,
    "operatingIncomeRatio": 0.3162528179,
    "totalOtherIncomeExpensesNet": -193302000,
    "incomeBeforeTax": 285772000,
    "incomeBeforeTaxRatio": 0.1886476834,
    "incomeTaxExpense": 22037000,
    "netIncome": 264509000,
    "netIncomeRatio": 0.1746112639,
    "eps": 0.56,
    "epsdiluted": 0.55,
    "weightedAverageShsOut": 425517003,
    "weightedAverageShsOutDil": 429925003,
    "link": "https://www.sec.gov/Archives/edgar/data/1053507/000105350716000057/0001053507-16-000057-index.htm",
    "finalLink": "https://www.sec.gov/Archives/edgar/data/1053507/000105350716000057/amt10qq32016.htm"
  },
  {
    "date": "2016-06-30",
    "symbol": "AMT",
    "reportedCurrency": "USD",
    "cik": "0001053507",
    "fillingDate": "2016-07-28",
    "acceptedDate": "2016-07-28 17:06:57",
    "calendarYear": "2016",
    "period": "Q2",
    "revenue": 1442227000,
    "costOfRevenue": 459711000,
    "grossProfit": 982516000,
    "grossProfitRatio": 0.681249207,
    "researchAndDevelopmentExpenses": 0,
    "generalAndAdministrativeExpenses": 138881000,
    "sellingAndMarketingExpenses": -647000,
    "sellingGeneralAndAdministrativeExpenses": 138234000,
    "otherExpenses": -25842000,
    "operatingExpenses": 549710000,
    "costAndExpenses": 1009421000,
    "interestIncome": 6468000,
    "interestExpense": 178288000,
    "depreciationAndAmortization": 397765000,
    "ebitda": 815059000,
    "ebitdaratio": 0.565139191,
    "operatingIncome": 432806000,
    "operatingIncomeRatio": 0.300095616,
    "totalOtherIncomeExpensesNet": -196832000,
    "incomeBeforeTax": 235974000,
    "incomeBeforeTaxRatio": 0.1636177939,
    "incomeTaxExpense": 43510000,
    "netIncome": 187550000,
    "netIncomeRatio": 0.1300419421,
    "eps": 0.38,
    "epsdiluted": 0.37,
    "weightedAverageShsOut": 424909003,
    "weightedAverageShsOutDil": 429004003,
    "link": "https://www.sec.gov/Archives/edgar/data/1053507/000105350716000048/0001053507-16-000048-index.htm",
    "finalLink": "https://www.sec.gov/Archives/edgar/data/1053507/000105350716000048/amt10qq22016.htm"
  },
  {
    "date": "2016-03-31",
    "symbol": "AMT",
    "reportedCurrency": "USD",
    "cik": "0001053507",
    "fillingDate": "2016-04-29",
    "acceptedDate": "2016-04-29 16:45:21",
    "calendarYear": "2016",
    "period": "Q1",
    "revenue": 1289047000,
    "costOfRevenue": 350787000,
    "grossProfit": 938260000,
    "grossProfitRatio": 0.7278710551,
    "researchAndDevelopmentExpenses": 0,
    "generalAndAdministrativeExpenses": 135973000,
    "sellingAndMarketingExpenses": 0,
    "sellingGeneralAndAdministrativeExpenses": 135973000,
    "otherExpenses": 12208000,
    "operatingExpenses": 486407000,
    "costAndExpenses": 837194000,
    "interestIncome": 6533000,
    "interestExpense": 160163000,
    "depreciationAndAmortization": 341634000,
    "ebitda": 812228000,
    "ebitdaratio": 0.6300996007,
    "operatingIncome": 451853000,
    "operatingIncomeRatio": 0.3505326028,
    "totalOtherIncomeExpensesNet": -141422000,
    "incomeBeforeTax": 310431000,
    "incomeBeforeTaxRatio": 0.2408220957,
    "incomeTaxExpense": 29124000,
    "netIncome": 275159000,
    "netIncomeRatio": 0.2134592455,
    "eps": 0.59,
    "epsdiluted": 0.58,
    "weightedAverageShsOut": 424059003,
    "weightedAverageShsOutDil": 427888003,
    "link": "https://www.sec.gov/Archives/edgar/data/1053507/000105350716000032/0001053507-16-000032-index.htm",
    "finalLink": "https://www.sec.gov/Archives/edgar/data/1053507/000105350716000032/amt10qq12016.htm"
  },
  {
    "date": "2015-12-31",
    "symbol": "AMT",
    "reportedCurrency": "USD",
    "cik": "0001053507",
    "fillingDate": "2016-02-26",
    "acceptedDate": "2016-02-26 17:35:55",
    "calendarYear": "2015",
    "period": "Q4",
    "revenue": 1280041000,
    "costOfRevenue": 355882000,
    "grossProfit": 924159000,
    "grossProfitRatio": 0.721976093,
    "researchAndDevelopmentExpenses": 0,
    "generalAndAdministrativeExpenses": 143874000,
    "sellingAndMarketingExpenses": 0,
    "sellingGeneralAndAdministrativeExpenses": 143874000,
    "otherExpenses": -11669000,
    "operatingExpenses": 522035000,
    "costAndExpenses": 877917000,
    "interestIncome": 4608000,
    "interestExpense": 146763000,
    "depreciationAndAmortization": 352356000,
    "ebitda": 749604000,
    "ebitdaratio": 0.5856093672,
    "operatingIncome": 402124000,
    "operatingIncomeRatio": 0.3141493124,
    "totalOtherIncomeExpensesNet": -154637000,
    "incomeBeforeTax": 247487000,
    "incomeBeforeTaxRatio": 0.1933430257,
    "incomeTaxExpense": 25892000,
    "netIncome": 232702000,
    "netIncomeRatio": 0.1817926145,
    "eps": 0.49,
    "epsdiluted": 0.48,
    "weightedAverageShsOut": 423736003,
    "weightedAverageShsOutDil": 427802003,
    "link": "https://www.sec.gov/Archives/edgar/data/1053507/000105350716000018/0001053507-16-000018-index.htm",
    "finalLink": "https://www.sec.gov/Archives/edgar/data/1053507/000105350716000018/amt1231201510k.htm"
  },
  {
    "date": "2015-09-30",
    "symbol": "AMT",
    "reportedCurrency": "USD",
    "cik": "0001053507",
    "fillingDate": "2015-10-29",
    "acceptedDate": "2015-10-29 16:28:28",
    "calendarYear": "2015",
    "period": "Q3",
    "revenue": 1237910000,
    "costOfRevenue": 364894000,
    "grossProfit": 873016000,
    "grossProfitRatio": 0.7052338215,
    "researchAndDevelopmentExpenses": 0,
    "generalAndAdministrativeExpenses": 115327000,
    "sellingAndMarketingExpenses": 0,
    "sellingGeneralAndAdministrativeExpenses": 115327000,
    "otherExpenses": -66659000,
    "operatingExpenses": 472091000,
    "costAndExpenses": 836985000,
    "interestIncome": 7536000,
    "interestExpense": 149827000,
    "depreciationAndAmortization": 341096000,
    "ebitda": 682898000,
    "ebitdaratio": 0.5516539975,
    "operatingIncome": 400925000,
    "operatingIncomeRatio": 0.3238724948,
    "totalOtherIncomeExpensesNet": -208950000,
    "incomeBeforeTax": 191975000,
    "incomeBeforeTaxRatio": 0.1550799331,
    "incomeTaxExpense": 94235000,
    "netIncome": 102999000,
    "netIncomeRatio": 0.0832039486,
    "eps": 0.18,
    "epsdiluted": 0.18,
    "weightedAverageShsOut": 423375003,
    "weightedAverageShsOutDil": 427227003,
    "link": "https://www.sec.gov/Archives/edgar/data/1053507/000162828015008027/0001628280-15-008027-index.htm",
    "finalLink": "https://www.sec.gov/Archives/edgar/data/1053507/000162828015008027/amt10qq32015.htm"
  },
  {
    "date": "2015-06-30",
    "symbol": "AMT",
    "reportedCurrency": "USD",
    "cik": "0001053507",
    "fillingDate": "2015-07-29",
    "acceptedDate": "2015-07-29 17:14:06",
    "calendarYear": "2015",
    "period": "Q2",
    "revenue": 1174375000,
    "costOfRevenue": 321970000,
    "grossProfit": 852405000,
    "grossProfitRatio": 0.7258371474,
    "researchAndDevelopmentExpenses": 0,
    "generalAndAdministrativeExpenses": 116826000,
    "sellingAndMarketingExpenses": 0,
    "sellingGeneralAndAdministrativeExpenses": 116826000,
    "otherExpenses": -2129000,
    "operatingExpenses": 462631000,
    "costAndExpenses": 784601000,
    "interestIncome": 7436000,
    "interestExpense": 148877000,
    "depreciationAndAmortization": 328356000,
    "ebitda": 648369000,
    "ebitdaratio": 0.5520970729,
    "operatingIncome": 389774000,
    "operatingIncomeRatio": 0.3318990953,
    "totalOtherIncomeExpensesNet": -218638000,
    "incomeBeforeTax": 171136000,
    "incomeBeforeTaxRatio": 0.145725173,
    "incomeTaxExpense": 13956000,
    "netIncome": 156056000,
    "netIncomeRatio": 0.1328843002,
    "eps": 0.31,
    "epsdiluted": 0.3,
    "weightedAverageShsOut": 423154003,
    "weightedAverageShsOutDil": 426933003,
    "link": "https://www.sec.gov/Archives/edgar/data/1053507/000119312515268479/0001193125-15-268479-index.htm",
    "finalLink": "https://www.sec.gov/Archives/edgar/data/1053507/000119312515268479/d66554d10q.htm"
  },
  {
    "date": "2015-03-31",
    "symbol": "AMT",
    "reportedCurrency": "USD",
    "cik": "0001053507",
    "fillingDate": "2015-04-30",
    "acceptedDate": "2015-04-30 17:18:16",
    "calendarYear": "2015",
    "period": "Q1",
    "revenue": 1079190000,
    "costOfRevenue": 264069000,
    "grossProfit": 815121000,
    "grossProfitRatio": 0.7553081478,
    "researchAndDevelopmentExpenses": 0,
    "generalAndAdministrativeExpenses": 123861000,
    "sellingAndMarketingExpenses": 0,
    "sellingGeneralAndAdministrativeExpenses": 123861000,
    "otherExpenses": -54503000,
    "operatingExpenses": 395155000,
    "costAndExpenses": 659224000,
    "interestIncome": 5930000,
    "interestExpense": 148304000,
    "depreciationAndAmortization": 263520000,
    "ebitda": 631188000,
    "ebitdaratio": 0.5848719873,
    "operatingIncome": 419966000,
    "operatingIncomeRatio": 0.3891492694,
    "totalOtherIncomeExpensesNet": -200602000,
    "incomeBeforeTax": 219364000,
    "incomeBeforeTaxRatio": 0.2032672653,
    "incomeTaxExpense": 23872000,
    "netIncome": 193317000,
    "netIncomeRatio": 0.1791315709,
    "eps": 0.45,
    "epsdiluted": 0.45,
    "weightedAverageShsOut": 405111003,
    "weightedAverageShsOutDil": 409399003,
    "link": "https://www.sec.gov/Archives/edgar/data/1053507/000119312515162716/0001193125-15-162716-index.htm",
    "finalLink": "https://www.sec.gov/Archives/edgar/data/1053507/000119312515162716/d912783d10q.htm"
  },
  {
    "date": "2014-12-31",
    "symbol": "AMT",
    "reportedCurrency": "USD",
    "cik": "0001053507",
    "fillingDate": "2015-02-24",
    "acceptedDate": "2015-02-24 06:35:58",
    "calendarYear": "2014",
    "period": "Q4",
    "revenue": 1046314000,
    "costOfRevenue": 276584000,
    "grossProfit": 769730000,
    "grossProfitRatio": 0.7356587028,
    "researchAndDevelopmentExpenses": 0,
    "generalAndAdministrativeExpenses": 129540000,
    "sellingAndMarketingExpenses": 0,
    "sellingGeneralAndAdministrativeExpenses": 129540000,
    "otherExpenses": -7835000,
    "operatingExpenses": 423751000,
    "costAndExpenses": 700335000,
    "interestIncome": 5853000,
    "interestExpense": 144852000,
    "depreciationAndAmortization": 263546000,
    "ebitda": 605622000,
    "ebitdaratio": 0.5788147726,
    "operatingIncome": 345979000,
    "operatingIncomeRatio": 0.3306645997,
    "totalOtherIncomeExpensesNet": -151754000,
    "incomeBeforeTax": 194225000,
    "incomeBeforeTaxRatio": 0.1856278326,
    "incomeTaxExpense": 12628000,
    "netIncome": 180387000,
    "netIncomeRatio": 0.1724023572,
    "eps": 0.43,
    "epsdiluted": 0.42,
    "weightedAverageShsOut": 396553003,
    "weightedAverageShsOutDil": 400899003,
    "link": "https://www.sec.gov/Archives/edgar/data/1053507/000119312515059026/0001193125-15-059026-index.htm",
    "finalLink": "https://www.sec.gov/Archives/edgar/data/1053507/000119312515059026/d846752d10k.htm"
  },
  {
    "date": "2014-09-30",
    "symbol": "AMT",
    "reportedCurrency": "USD",
    "cik": "0001053507",
    "fillingDate": "2014-10-30",
    "acceptedDate": "2014-10-30 16:40:17",
    "calendarYear": "2014",
    "period": "Q3",
    "revenue": 1038188000,
    "costOfRevenue": 283757000,
    "grossProfit": 754431000,
    "grossProfitRatio": 0.7266805241,
    "researchAndDevelopmentExpenses": 0,
    "generalAndAdministrativeExpenses": 109354000,
    "sellingAndMarketingExpenses": 0,
    "sellingGeneralAndAdministrativeExpenses": 109354000,
    "otherExpenses": -34019000,
    "operatingExpenses": 369624000,
    "costAndExpenses": 653381000,
    "interestIncome": 6882000,
    "interestExpense": 143583000,
    "depreciationAndAmortization": 249066000,
    "ebitda": 609705000,
    "ebitdaratio": 0.5872780267,
    "operatingIncome": 384807000,
    "operatingIncomeRatio": 0.3706525215,
    "totalOtherIncomeExpensesNet": -167751000,
    "incomeBeforeTax": 217056000,
    "incomeBeforeTaxRatio": 0.20907196,
    "incomeTaxExpense": 10426000,
    "netIncome": 207593000,
    "netIncomeRatio": 0.1999570405,
    "eps": 0.5,
    "epsdiluted": 0.5,
    "weightedAverageShsOut": 396243003,
    "weightedAverageShsOutDil": 400397003,
    "link": "https://www.sec.gov/Archives/edgar/data/1053507/000119312514389764/0001193125-14-389764-index.htm",
    "finalLink": "https://www.sec.gov/Archives/edgar/data/1053507/000119312514389764/d811807d10q.htm"
  },
  {
    "date": "2014-06-30",
    "symbol": "AMT",
    "reportedCurrency": "USD",
    "cik": "0001053507",
    "fillingDate": "2014-07-30",
    "acceptedDate": "2014-07-30 18:08:11",
    "calendarYear": "2014",
    "period": "Q2",
    "revenue": 1031457000,
    "costOfRevenue": 271822000,
    "grossProfit": 759635000,
    "grossProfitRatio": 0.7364679284,
    "researchAndDevelopmentExpenses": 0,
    "generalAndAdministrativeExpenses": 98952000,
    "sellingAndMarketingExpenses": 0,
    "sellingGeneralAndAdministrativeExpenses": 98952000,
    "otherExpenses": -16463000,
    "operatingExpenses": 357136000,
    "costAndExpenses": 628958000,
    "interestIncome": 5313000,
    "interestExpense": 146604000,
    "depreciationAndAmortization": 245427000,
    "ebitda": 635492000,
    "ebitdaratio": 0.6161109964,
    "operatingIncome": 402499000,
    "operatingIncomeRatio": 0.3902237321,
    "totalOtherIncomeExpensesNet": -159038000,
    "incomeBeforeTax": 243461000,
    "incomeBeforeTaxRatio": 0.2360360151,
    "incomeTaxExpense": 21802000,
    "netIncome": 234431000,
    "netIncomeRatio": 0.2272814087,
    "eps": 0.58,
    "epsdiluted": 0.58,
    "weightedAverageShsOut": 395872003,
    "weightedAverageShsOutDil": 399588003,
    "link": "https://www.sec.gov/Archives/edgar/data/1053507/000119312514287223/0001193125-14-287223-index.htm",
    "finalLink": "https://www.sec.gov/Archives/edgar/data/1053507/000119312514287223/d760749d10q.htm"
  },
  {
    "date": "2014-03-31",
    "symbol": "AMT",
    "reportedCurrency": "USD",
    "cik": "0001053507",
    "fillingDate": "2014-05-01",
    "acceptedDate": "2014-05-01 16:35:07",
    "calendarYear": "2014",
    "period": "Q1",
    "revenue": 984089000,
    "costOfRevenue": 260265000,
    "grossProfit": 723824000,
    "grossProfitRatio": 0.7355269696,
    "researchAndDevelopmentExpenses": 0,
    "generalAndAdministrativeExpenses": 110533000,
    "sellingAndMarketingExpenses": 0,
    "sellingGeneralAndAdministrativeExpenses": 110533000,
    "otherExpenses": -3743000,
    "operatingExpenses": 370187000,
    "costAndExpenses": 630452000,
    "interestIncome": 2018000,
    "interestExpense": 140712000,
    "depreciationAndAmortization": 245763000,
    "ebitda": 600403000,
    "ebitdaratio": 0.6101104677,
    "operatingIncome": 353637000,
    "operatingIncomeRatio": 0.3593546925,
    "totalOtherIncomeExpensesNet": -142675000,
    "incomeBeforeTax": 210962000,
    "incomeBeforeTaxRatio": 0.214372887,
    "incomeTaxExpense": 17649000,
    "netIncome": 202499000,
    "netIncomeRatio": 0.2057730551,
    "eps": 0.51,
    "epsdiluted": 0.51,
    "weightedAverageShsOut": 395146003,
    "weightedAverageShsOutDil": 399120003,
    "link": "https://www.sec.gov/Archives/edgar/data/1053507/000119312514177280/0001193125-14-177280-index.htm",
    "finalLink": "https://www.sec.gov/Archives/edgar/data/1053507/000119312514177280/d712271d10q.htm"
  },
  {
    "date": "2013-12-31",
    "symbol": "AMT",
    "reportedCurrency": "USD",
    "cik": "0001053507",
    "fillingDate": "2014-02-26",
    "acceptedDate": "2014-02-25 21:57:53",
    "calendarYear": "2013",
    "period": "Q4",
    "revenue": 941969000,
    "costOfRevenue": 251216000,
    "grossProfit": 690753000,
    "grossProfitRatio": 0.7333075717,
    "researchAndDevelopmentExpenses": 0,
    "generalAndAdministrativeExpenses": 117161000,
    "sellingAndMarketingExpenses": 0,
    "sellingGeneralAndAdministrativeExpenses": 117161000,
    "otherExpenses": -58509000,
    "operatingExpenses": 397825000,
    "costAndExpenses": 649041000,
    "interestIncome": 4238000,
    "interestExpense": 127818000,
    "depreciationAndAmortization": 244811000,
    "ebitda": 506452000,
    "ebitdaratio": 0.537652513,
    "operatingIncome": 292928000,
    "operatingIncomeRatio": 0.3109741403,
    "totalOtherIncomeExpensesNet": -182823000,
    "incomeBeforeTax": 110105000,
    "incomeBeforeTaxRatio": 0.1168881354,
    "incomeTaxExpense": 36180000,
    "netIncome": 99982000,
    "netIncomeRatio": 0.1061414972,
    "eps": 0.25,
    "epsdiluted": 0.25,
    "weightedAverageShsOut": 394751003,
    "weightedAverageShsOutDil": 398609003,
    "link": "https://www.sec.gov/Archives/edgar/data/1053507/000119312514068001/0001193125-14-068001-index.htm",
    "finalLink": "https://www.sec.gov/Archives/edgar/data/1053507/000119312514068001/d636311d10k.htm"
  },
  {
    "date": "2013-09-30",
    "symbol": "AMT",
    "reportedCurrency": "USD",
    "cik": "0001053507",
    "fillingDate": "2013-10-30",
    "acceptedDate": "2013-10-30 17:20:11",
    "calendarYear": "2013",
    "period": "Q3",
    "revenue": 807880000,
    "costOfRevenue": 200482000,
    "grossProfit": 607398000,
    "grossProfitRatio": 0.7518418577,
    "researchAndDevelopmentExpenses": 0,
    "generalAndAdministrativeExpenses": 98128000,
    "sellingAndMarketingExpenses": 0,
    "sellingGeneralAndAdministrativeExpenses": 98128000,
    "otherExpenses": -29622000,
    "operatingExpenses": 298519000,
    "costAndExpenses": 499001000,
    "interestIncome": 2342000,
    "interestExpense": 102791000,
    "depreciationAndAmortization": 184922000,
    "ebitda": 470436000,
    "ebitdaratio": 0.5823092538,
    "operatingIncome": 308879000,
    "operatingIncomeRatio": 0.3823327722,
    "totalOtherIncomeExpensesNet": -130071000,
    "incomeBeforeTax": 178808000,
    "incomeBeforeTaxRatio": 0.2213299005,
    "incomeTaxExpense": 15586000,
    "netIncome": 180123000,
    "netIncomeRatio": 0.2229576175,
    "eps": 0.46,
    "epsdiluted": 0.45,
    "weightedAverageShsOut": 394759003,
    "weightedAverageShsOutDil": 398348003,
    "link": "https://www.sec.gov/Archives/edgar/data/1053507/000119312513418850/0001193125-13-418850-index.htm",
    "finalLink": "https://www.sec.gov/Archives/edgar/data/1053507/000119312513418850/d607482d10q.htm"
  },
  {
    "date": "2013-06-30",
    "symbol": "AMT",
    "reportedCurrency": "USD",
    "cik": "0001053507",
    "fillingDate": "2013-07-31",
    "acceptedDate": "2013-07-31 16:47:22",
    "calendarYear": "2013",
    "period": "Q2",
    "revenue": 808830000,
    "costOfRevenue": 205303000,
    "grossProfit": 603527000,
    "grossProfitRatio": 0.746172867,
    "researchAndDevelopmentExpenses": 0,
    "generalAndAdministrativeExpenses": 100209000,
    "sellingAndMarketingExpenses": 0,
    "sellingGeneralAndAdministrativeExpenses": 100209000,
    "otherExpenses": -141660000,
    "operatingExpenses": 290715000,
    "costAndExpenses": 496018000,
    "interestIncome": 1412000,
    "interestExpense": 97229000,
    "depreciationAndAmortization": 184608000,
    "ebitda": 358460000,
    "ebitdaratio": 0.4431833636,
    "operatingIncome": 312812000,
    "operatingIncomeRatio": 0.3867462878,
    "totalOtherIncomeExpensesNet": -240146000,
    "incomeBeforeTax": 72666000,
    "incomeBeforeTaxRatio": 0.0898408813,
    "incomeTaxExpense": -11447000,
    "netIncome": 99821000,
    "netIncomeRatio": 0.1234140672,
    "eps": 0.25,
    "epsdiluted": 0.25,
    "weightedAverageShsOut": 395420003,
    "weightedAverageShsOutDil": 399458003,
    "link": "https://www.sec.gov/Archives/edgar/data/1053507/000119312513312703/0001193125-13-312703-index.htm",
    "finalLink": "https://www.sec.gov/Archives/edgar/data/1053507/000119312513312703/d556996d10q.htm"
  },
  {
    "date": "2013-03-31",
    "symbol": "AMT",
    "reportedCurrency": "USD",
    "cik": "0001053507",
    "fillingDate": "2013-05-01",
    "acceptedDate": "2013-05-01 16:40:41",
    "calendarYear": "2013",
    "period": "Q1",
    "revenue": 802728000,
    "costOfRevenue": 201328000,
    "grossProfit": 601400000,
    "grossProfitRatio": 0.7491952442,
    "researchAndDevelopmentExpenses": 0,
    "generalAndAdministrativeExpenses": 101591000,
    "sellingAndMarketingExpenses": 0,
    "sellingGeneralAndAdministrativeExpenses": 101591000,
    "otherExpenses": 22291000,
    "operatingExpenses": 301714000,
    "costAndExpenses": 503042000,
    "interestIncome": 1714000,
    "interestExpense": 108223000,
    "depreciationAndAmortization": 185804000,
    "ebitda": 474197000,
    "ebitdaratio": 0.5907318544,
    "operatingIncome": 299686000,
    "operatingIncomeRatio": 0.3733344296,
    "totalOtherIncomeExpensesNet": -119516000,
    "incomeBeforeTax": 180170000,
    "incomeBeforeTaxRatio": 0.2244471353,
    "incomeTaxExpense": 19222000,
    "netIncome": 171407000,
    "netIncomeRatio": 0.2135306106,
    "eps": 0.43,
    "epsdiluted": 0.43,
    "weightedAverageShsOut": 395239003,
    "weightedAverageShsOutDil": 399659003,
    "link": "https://www.sec.gov/Archives/edgar/data/1053507/000119312513192592/0001193125-13-192592-index.htm",
    "finalLink": "https://www.sec.gov/Archives/edgar/data/1053507/000119312513192592/d526997d10q.htm"
  },
  {
    "date": "2012-12-31",
    "symbol": "AMT",
    "reportedCurrency": "USD",
    "cik": "0001053507",
    "fillingDate": "2013-02-27",
    "acceptedDate": "2013-02-26 21:32:48",
    "calendarYear": "2012",
    "period": "Q4",
    "revenue": 768374000,
    "costOfRevenue": 193788000,
    "grossProfit": 574586000,
    "grossProfitRatio": 0.7477946937,
    "researchAndDevelopmentExpenses": 0,
    "generalAndAdministrativeExpenses": 89828000,
    "sellingAndMarketingExpenses": 0,
    "sellingGeneralAndAdministrativeExpenses": 89828000,
    "otherExpenses": -18832000,
    "operatingExpenses": 295351000,
    "costAndExpenses": 489139000,
    "interestIncome": 1427000,
    "interestExpense": 100500000,
    "depreciationAndAmortization": 178488000,
    "ebitda": 444974000,
    "ebitdaratio": 0.5791112141,
    "operatingIncome": 279235000,
    "operatingIncomeRatio": 0.3634102664,
    "totalOtherIncomeExpensesNet": -117905000,
    "incomeBeforeTax": 161330000,
    "incomeBeforeTaxRatio": 0.2099628566,
    "incomeTaxExpense": 43187000,
    "netIncome": 135679000,
    "netIncomeRatio": 0.1765793741,
    "eps": 0.34,
    "epsdiluted": 0.34,
    "weightedAverageShsOut": 395195003,
    "weightedAverageShsOutDil": 399625003,
    "link": "https://www.sec.gov/Archives/edgar/data/1053507/000119312513077821/0001193125-13-077821-index.htm",
    "finalLink": "https://www.sec.gov/Archives/edgar/data/1053507/000119312513077821/d448028d10k.htm"
  },
  {
    "date": "2012-09-30",
    "symbol": "AMT",
    "reportedCurrency": "USD",
    "cik": "0001053507",
    "fillingDate": "2012-10-31",
    "acceptedDate": "2012-10-31 16:36:10",
    "calendarYear": "2012",
    "period": "Q3",
    "revenue": 713335000,
    "costOfRevenue": 184904000,
    "grossProfit": 528431000,
    "grossProfitRatio": 0.7407893907,
    "researchAndDevelopmentExpenses": 0,
    "generalAndAdministrativeExpenses": 81459000,
    "sellingAndMarketingExpenses": 0,
    "sellingGeneralAndAdministrativeExpenses": 81459000,
    "otherExpenses": 151420000,
    "operatingExpenses": 232879000,
    "costAndExpenses": 417783000,
    "interestIncome": 6417000,
    "interestExpense": 103386000,
    "depreciationAndAmortization": 144061000,
    "ebitda": 487624000,
    "ebitdaratio": 0.6835834496,
    "operatingIncome": 295552000,
    "operatingIncomeRatio": 0.4143242656,
    "totalOtherIncomeExpensesNet": -50675000,
    "incomeBeforeTax": 244877000,
    "incomeBeforeTaxRatio": 0.343284712,
    "incomeTaxExpense": 13054000,
    "netIncome": 232089000,
    "netIncomeRatio": 0.325357651,
    "eps": 0.59,
    "epsdiluted": 0.58,
    "weightedAverageShsOut": 395244003,
    "weightedAverageShsOutDil": 399487003,
    "link": "https://www.sec.gov/Archives/edgar/data/1053507/000119312512443907/0001193125-12-443907-index.htm",
    "finalLink": "https://www.sec.gov/Archives/edgar/data/1053507/000119312512443907/d409389d10q.htm"
  },
  {
    "date": "2012-06-30",
    "symbol": "AMT",
    "reportedCurrency": "USD",
    "cik": "0001053507",
    "fillingDate": "2012-08-02",
    "acceptedDate": "2012-08-02 16:33:47",
    "calendarYear": "2012",
    "period": "Q2",
    "revenue": 697734000,
    "costOfRevenue": 172384000,
    "grossProfit": 525350000,
    "grossProfitRatio": 0.7529373658,
    "researchAndDevelopmentExpenses": 0,
    "generalAndAdministrativeExpenses": 76848000,
    "sellingAndMarketingExpenses": 0,
    "sellingGeneralAndAdministrativeExpenses": 76848000,
    "otherExpenses": 178016000,
    "operatingExpenses": 254864000,
    "costAndExpenses": 427248000,
    "interestIncome": 5869000,
    "interestExpense": 100233000,
    "depreciationAndAmortization": 172072000,
    "ebitda": 326218000,
    "ebitdaratio": 0.4675392055,
    "operatingIncome": 270486000,
    "operatingIncomeRatio": 0.3876634935,
    "totalOtherIncomeExpensesNet": -212987000,
    "incomeBeforeTax": 57499000,
    "incomeBeforeTaxRatio": 0.0824081957,
    "incomeTaxExpense": 23815000,
    "netIncome": 48209000,
    "netIncomeRatio": 0.0690936661,
    "eps": 0.12,
    "epsdiluted": 0.12,
    "weightedAverageShsOut": 394743003,
    "weightedAverageShsOutDil": 398811003,
    "link": "https://www.sec.gov/Archives/edgar/data/1053507/000119312512332009/0001193125-12-332009-index.htm",
    "finalLink": "https://www.sec.gov/Archives/edgar/data/1053507/000119312512332009/d384259d10q.htm"
  },
  {
    "date": "2012-03-31",
    "symbol": "AMT",
    "reportedCurrency": "USD",
    "cik": "0001053507",
    "fillingDate": "2012-05-03",
    "acceptedDate": "2012-05-03 17:28:11",
    "calendarYear": "2012",
    "period": "Q1",
    "revenue": 696517000,
    "costOfRevenue": 170985000,
    "grossProfit": 525532000,
    "grossProfitRatio": 0.7545142473,
    "researchAndDevelopmentExpenses": 0,
    "generalAndAdministrativeExpenses": 79584000,
    "sellingAndMarketingExpenses": 0,
    "sellingGeneralAndAdministrativeExpenses": 79584000,
    "otherExpenses": 171502000,
    "operatingExpenses": 251086000,
    "costAndExpenses": 422071000,
    "interestIncome": 5796000,
    "interestExpense": 95117000,
    "depreciationAndAmortization": 149655000,
    "ebitda": 478817000,
    "ebitdaratio": 0.6874448147,
    "operatingIncome": 274446000,
    "operatingIncomeRatio": 0.3940262765,
    "totalOtherIncomeExpensesNet": -36858000,
    "incomeBeforeTax": 237588000,
    "incomeBeforeTaxRatio": 0.3411086879,
    "incomeTaxExpense": 27248000,
    "netIncome": 221306000,
    "netIncomeRatio": 0.3177323741,
    "eps": 0.56,
    "epsdiluted": 0.56,
    "weightedAverageShsOut": 393885003,
    "weightedAverageShsOutDil": 398453003,
    "link": "https://www.sec.gov/Archives/edgar/data/1053507/000119312512208966/0001193125-12-208966-index.htm",
    "finalLink": "https://www.sec.gov/Archives/edgar/data/1053507/000119312512208966/d339181d10q.htm"
  },
  {
    "date": "2011-12-31",
    "symbol": "AMT",
    "reportedCurrency": "USD",
    "cik": "0001053507",
    "fillingDate": "2012-02-29",
    "acceptedDate": "2012-02-28 19:04:51",
    "calendarYear": "2011",
    "period": "Q4",
    "revenue": 653199000,
    "costOfRevenue": 188502000,
    "grossProfit": 464697000,
    "grossProfitRatio": 0.7114171945,
    "researchAndDevelopmentExpenses": 8668000,
    "generalAndAdministrativeExpenses": 73895000,
    "sellingAndMarketingExpenses": 0,
    "sellingGeneralAndAdministrativeExpenses": 73895000,
    "otherExpenses": 143064000,
    "operatingExpenses": 216959000,
    "costAndExpenses": 405461000,
    "interestIncome": 4626000,
    "interestExpense": 84661000,
    "depreciationAndAmortization": 143615000,
    "ebitda": 387798000,
    "ebitdaratio": 0.5936904374,
    "operatingIncome": 247738000,
    "operatingIncomeRatio": 0.3792687986,
    "totalOtherIncomeExpensesNet": -88216000,
    "incomeBeforeTax": 159522000,
    "incomeBeforeTaxRatio": 0.2442165404,
    "incomeTaxExpense": -36901000,
    "netIncome": 205110000,
    "netIncomeRatio": 0.3140084415,
    "eps": 0.52,
    "epsdiluted": 0.51,
    "weightedAverageShsOut": 393885000,
    "weightedAverageShsOutDil": 398453000,
    "link": "https://www.sec.gov/Archives/edgar/data/1053507/000119312512086162/0001193125-12-086162-index.htm",
    "finalLink": "https://www.sec.gov/Archives/edgar/data/1053507/000119312512086162/d278077d10k.htm"
  },
  {
    "date": "2011-09-30",
    "symbol": "AMT",
    "reportedCurrency": "USD",
    "cik": "0001053507",
    "fillingDate": "2011-11-02",
    "acceptedDate": "2011-11-01 18:44:40",
    "calendarYear": "2011",
    "period": "Q3",
    "revenue": 630403000,
    "costOfRevenue": 160265000,
    "grossProfit": 470138000,
    "grossProfitRatio": 0.7457737352,
    "researchAndDevelopmentExpenses": 8668000,
    "generalAndAdministrativeExpenses": 76476000,
    "sellingAndMarketingExpenses": 0,
    "sellingGeneralAndAdministrativeExpenses": 76476000,
    "otherExpenses": 156689000,
    "operatingExpenses": 241833000,
    "costAndExpenses": 402098000,
    "interestIncome": 5320000,
    "interestExpense": 77796000,
    "depreciationAndAmortization": 142113000,
    "ebitda": 226048000,
    "ebitdaratio": 0.3585769738,
    "operatingIncome": 228305000,
    "operatingIncomeRatio": 0.3621572232,
    "totalOtherIncomeExpensesNet": -223352000,
    "incomeBeforeTax": 4953000,
    "incomeBeforeTaxRatio": 0.0078568789,
    "incomeTaxExpense": 24681000,
    "netIncome": -15701000,
    "netIncomeRatio": -0.0249062901,
    "eps": -0.0397,
    "epsdiluted": -0.0397,
    "weightedAverageShsOut": 395183003,
    "weightedAverageShsOutDil": 395183003,
    "link": "https://www.sec.gov/Archives/edgar/data/1053507/000119312511291078/0001193125-11-291078-index.htm",
    "finalLink": "https://www.sec.gov/Archives/edgar/data/1053507/000119312511291078/d234886d10q.htm"
  },
  {
    "date": "2011-06-30",
    "symbol": "AMT",
    "reportedCurrency": "USD",
    "cik": "0001053507",
    "fillingDate": "2011-08-04",
    "acceptedDate": "2011-08-04 16:40:40",
    "calendarYear": "2011",
    "period": "Q2",
    "revenue": 597235000,
    "costOfRevenue": 151077000,
    "grossProfit": 446158000,
    "grossProfitRatio": 0.7470392726,
    "researchAndDevelopmentExpenses": 0,
    "generalAndAdministrativeExpenses": 72321000,
    "sellingAndMarketingExpenses": 0,
    "sellingGeneralAndAdministrativeExpenses": 72321000,
    "otherExpenses": 148048000,
    "operatingExpenses": 220369000,
    "costAndExpenses": 371446000,
    "interestIncome": 6301000,
    "interestExpense": 74512000,
    "depreciationAndAmortization": 138558000,
    "ebitda": 392107000,
    "ebitdaratio": 0.656537209,
    "operatingIncome": 225789000,
    "operatingIncomeRatio": 0.3780572137,
    "totalOtherIncomeExpensesNet": -46752000,
    "incomeBeforeTax": 179037000,
    "incomeBeforeTaxRatio": 0.2997764699,
    "incomeTaxExpense": 65877000,
    "netIncome": 115211000,
    "netIncomeRatio": 0.1929073145,
    "eps": 0.29,
    "epsdiluted": 0.29,
    "weightedAverageShsOut": 396599003,
    "weightedAverageShsOutDil": 400250003,
    "link": "https://www.sec.gov/Archives/edgar/data/1053507/000119312511210453/0001193125-11-210453-index.htm",
    "finalLink": "https://www.sec.gov/Archives/edgar/data/1053507/000119312511210453/d10q.htm"
  },
  {
    "date": "2011-03-31",
    "symbol": "AMT",
    "reportedCurrency": "USD",
    "cik": "0001053507",
    "fillingDate": "2011-05-05",
    "acceptedDate": "2011-05-05 16:35:36",
    "calendarYear": "2011",
    "period": "Q1",
    "revenue": 562695000,
    "costOfRevenue": 135328000,
    "grossProfit": 427367000,
    "grossProfitRatio": 0.7595002621,
    "researchAndDevelopmentExpenses": 0,
    "generalAndAdministrativeExpenses": 66132000,
    "sellingAndMarketingExpenses": 0,
    "sellingGeneralAndAdministrativeExpenses": 66132000,
    "otherExpenses": 142935000,
    "operatingExpenses": 209067000,
    "costAndExpenses": 344395000,
    "interestIncome": 5803000,
    "interestExpense": 74427000,
    "depreciationAndAmortization": 131231000,
    "ebitda": 369041000,
    "ebitdaratio": 0.6558455291,
    "operatingIncome": 218300000,
    "operatingIncomeRatio": 0.387954398,
    "totalOtherIncomeExpensesNet": -54917000,
    "incomeBeforeTax": 163383000,
    "incomeBeforeTaxRatio": 0.2903580092,
    "incomeTaxExpense": 71423000,
    "netIncome": 91842000,
    "netIncomeRatio": 0.1632180844,
    "eps": 0.23,
    "epsdiluted": 0.23,
    "weightedAverageShsOut": 397768003,
    "weightedAverageShsOutDil": 401899003,
    "link": "https://www.sec.gov/Archives/edgar/data/1053507/000119312511128578/0001193125-11-128578-index.htm",
    "finalLink": "https://www.sec.gov/Archives/edgar/data/1053507/000119312511128578/d10q.htm"
  },
  {
    "date": "2010-12-31",
    "symbol": "AMT",
    "reportedCurrency": "USD",
    "cik": "0001053507",
    "fillingDate": "2011-02-28",
    "acceptedDate": "2011-02-28 16:59:57",
    "calendarYear": "2010",
    "period": "Q4",
    "revenue": 547642000,
    "costOfRevenue": 132945000,
    "grossProfit": 414697000,
    "grossProfitRatio": 0.7572410443,
    "researchAndDevelopmentExpenses": 0,
    "generalAndAdministrativeExpenses": 65365000,
    "sellingAndMarketingExpenses": 0,
    "sellingGeneralAndAdministrativeExpenses": 65365000,
    "otherExpenses": 145891000,
    "operatingExpenses": 211256000,
    "costAndExpenses": 344201000,
    "interestIncome": 5417000,
    "interestExpense": 68623000,
    "depreciationAndAmortization": 124105000,
    "ebitda": 329514000,
    "ebitdaratio": 0.6016959985,
    "operatingIncome": 203441000,
    "operatingIncomeRatio": 0.3714853864,
    "totalOtherIncomeExpensesNet": -66655000,
    "incomeBeforeTax": 136786000,
    "incomeBeforeTaxRatio": 0.2497726617,
    "incomeTaxExpense": 53099000,
    "netIncome": 83514000,
    "netIncomeRatio": 0.1524974345,
    "eps": 0.21,
    "epsdiluted": 0.21,
    "weightedAverageShsOut": 397768000,
    "weightedAverageShsOutDil": 401899000,
    "link": "https://www.sec.gov/Archives/edgar/data/1053507/000119312511050129/0001193125-11-050129-index.htm",
    "finalLink": "https://www.sec.gov/Archives/edgar/data/1053507/000119312511050129/d10k.htm"
  },
  {
    "date": "2010-09-30",
    "symbol": "AMT",
    "reportedCurrency": "USD",
    "cik": "0001053507",
    "fillingDate": "2010-11-05",
    "acceptedDate": "2010-11-05 16:53:39",
    "calendarYear": "2010",
    "period": "Q3",
    "revenue": 513322000,
    "costOfRevenue": 122973000,
    "grossProfit": 390349000,
    "grossProfitRatio": 0.7604369187,
    "researchAndDevelopmentExpenses": 0,
    "generalAndAdministrativeExpenses": 57295000,
    "sellingAndMarketingExpenses": 0,
    "sellingGeneralAndAdministrativeExpenses": 57295000,
    "otherExpenses": 119682000,
    "operatingExpenses": 176977000,
    "costAndExpenses": 299950000,
    "interestIncome": 5539000,
    "interestExpense": 62904000,
    "depreciationAndAmortization": 115383000,
    "ebitda": 343645000,
    "ebitdaratio": 0.6694530918,
    "operatingIncome": 213372000,
    "operatingIncomeRatio": 0.4156689174,
    "totalOtherIncomeExpensesNet": -49129000,
    "incomeBeforeTax": 164243000,
    "incomeBeforeTaxRatio": 0.3199609602,
    "incomeTaxExpense": 70649000,
    "netIncome": 93439000,
    "netIncomeRatio": 0.1820280448,
    "eps": 0.23,
    "epsdiluted": 0.23,
    "weightedAverageShsOut": 400602003,
    "weightedAverageShsOutDil": 403455003,
    "link": "https://www.sec.gov/Archives/edgar/data/1053507/000119312510250228/0001193125-10-250228-index.htm",
    "finalLink": "https://www.sec.gov/Archives/edgar/data/1053507/000119312510250228/d10q.htm"
  },
  {
    "date": "2010-06-30",
    "symbol": "AMT",
    "reportedCurrency": "USD",
    "cik": "0001053507",
    "fillingDate": "2010-08-06",
    "acceptedDate": "2010-08-05 20:55:41",
    "calendarYear": "2010",
    "period": "Q2",
    "revenue": 469937000,
    "costOfRevenue": 112199000,
    "grossProfit": 357738000,
    "grossProfitRatio": 0.7612467203,
    "researchAndDevelopmentExpenses": 0,
    "generalAndAdministrativeExpenses": 53582000,
    "sellingAndMarketingExpenses": 0,
    "sellingGeneralAndAdministrativeExpenses": 53582000,
    "otherExpenses": 115440000,
    "operatingExpenses": 169022000,
    "costAndExpenses": 281221000,
    "interestIncome": 4279000,
    "interestExpense": 56074000,
    "depreciationAndAmortization": 110403000,
    "ebitda": 296644000,
    "ebitdaratio": 0.6312420601,
    "operatingIncome": 188716000,
    "operatingIncomeRatio": 0.4015772327,
    "totalOtherIncomeExpensesNet": -58549000,
    "incomeBeforeTax": 130167000,
    "incomeBeforeTaxRatio": 0.276988192,
    "incomeTaxExpense": 30352000,
    "netIncome": 99665000,
    "netIncomeRatio": 0.2120816195,
    "eps": 0.25,
    "epsdiluted": 0.25,
    "weightedAverageShsOut": 402733003,
    "weightedAverageShsOutDil": 405024003,
    "link": "https://www.sec.gov/Archives/edgar/data/1053507/000119312510179874/0001193125-10-179874-index.htm",
    "finalLink": "https://www.sec.gov/Archives/edgar/data/1053507/000119312510179874/d10q.htm"
  },
  {
    "date": "2010-03-31",
    "symbol": "AMT",
    "reportedCurrency": "USD",
    "cik": "0001053507",
    "fillingDate": "2010-05-06",
    "acceptedDate": "2010-05-06 16:53:56",
    "calendarYear": "2010",
    "period": "Q1",
    "revenue": 454434000,
    "costOfRevenue": 106469000,
    "grossProfit": 347965000,
    "grossProfitRatio": 0.7657107523,
    "researchAndDevelopmentExpenses": 0,
    "generalAndAdministrativeExpenses": 53527000,
    "sellingAndMarketingExpenses": 0,
    "sellingGeneralAndAdministrativeExpenses": 53527000,
    "otherExpenses": 115589000,
    "operatingExpenses": 169116000,
    "costAndExpenses": 275585000,
    "interestIncome": 4001000,
    "interestExpense": 58417000,
    "depreciationAndAmortization": 110835000,
    "ebitda": 294081000,
    "ebitdaratio": 0.647136878,
    "operatingIncome": 178849000,
    "operatingIncomeRatio": 0.393564302,
    "totalOtherIncomeExpensesNet": -54020000,
    "incomeBeforeTax": 124829000,
    "incomeBeforeTaxRatio": 0.2746911543,
    "incomeTaxExpense": 28389000,
    "netIncome": 96318000,
    "netIncomeRatio": 0.2119515705,
    "eps": 0.24,
    "epsdiluted": 0.24,
    "weightedAverageShsOut": 402346003,
    "weightedAverageShsOutDil": 406080003,
    "link": "https://www.sec.gov/Archives/edgar/data/1053507/000119312510111052/0001193125-10-111052-index.htm",
    "finalLink": "https://www.sec.gov/Archives/edgar/data/1053507/000119312510111052/d10q.htm"
  },
  {
    "date": "2009-12-31",
    "symbol": "AMT",
    "reportedCurrency": "USD",
    "cik": "0001053507",
    "fillingDate": "2010-03-01",
    "acceptedDate": "2010-03-01 17:12:48",
    "calendarYear": "2009",
    "period": "Q4",
    "revenue": 447973000,
    "costOfRevenue": 107502000,
    "grossProfit": 340471000,
    "grossProfitRatio": 0.7600257158,
    "researchAndDevelopmentExpenses": 0,
    "generalAndAdministrativeExpenses": 46337000,
    "sellingAndMarketingExpenses": 0,
    "sellingGeneralAndAdministrativeExpenses": 46337000,
    "otherExpenses": 117685000,
    "operatingExpenses": 164022000,
    "costAndExpenses": 271524000,
    "interestIncome": 3546000,
    "interestExpense": 61458000,
    "depreciationAndAmortization": 106745000,
    "ebitda": 275129000,
    "ebitdaratio": 0.6141642465,
    "operatingIncome": 176449000,
    "operatingIncomeRatio": 0.3938831135,
    "totalOtherIncomeExpensesNet": -69523000,
    "incomeBeforeTax": 106926000,
    "incomeBeforeTaxRatio": 0.2386884924,
    "incomeTaxExpense": 42682000,
    "netIncome": 64350000,
    "netIncomeRatio": 0.1436470502,
    "eps": 0.16,
    "epsdiluted": 0.16,
    "weightedAverageShsOut": 402346000,
    "weightedAverageShsOutDil": 406080000,
    "link": "https://www.sec.gov/Archives/edgar/data/1053507/000119312510044876/0001193125-10-044876-index.htm",
    "finalLink": "https://www.sec.gov/Archives/edgar/data/1053507/000119312510044876/d10k.htm"
  },
  {
    "date": "2009-09-30",
    "symbol": "AMT",
    "reportedCurrency": "USD",
    "cik": "0001053507",
    "fillingDate": "2009-11-05",
    "acceptedDate": "2009-11-05 16:54:05",
    "calendarYear": "2009",
    "period": "Q3",
    "revenue": 444105000,
    "costOfRevenue": 108594000,
    "grossProfit": 335511000,
    "grossProfitRatio": 0.7554767454,
    "researchAndDevelopmentExpenses": 0,
    "generalAndAdministrativeExpenses": 47865000,
    "sellingAndMarketingExpenses": 0,
    "sellingGeneralAndAdministrativeExpenses": 47865000,
    "otherExpenses": 108569000,
    "operatingExpenses": 156434000,
    "costAndExpenses": 265028000,
    "interestIncome": 4321000,
    "interestExpense": 64122000,
    "depreciationAndAmortization": 105543000,
    "ebitda": 288592000,
    "ebitdaratio": 0.6498283064,
    "operatingIncome": 179077000,
    "operatingIncomeRatio": 0.4032312178,
    "totalOtherIncomeExpensesNet": -60150000,
    "incomeBeforeTax": 118927000,
    "incomeBeforeTaxRatio": 0.2677902748,
    "incomeTaxExpense": 51348000,
    "netIncome": 67355000,
    "netIncomeRatio": 0.1516645838,
    "eps": 0.17,
    "epsdiluted": 0.17,
    "weightedAverageShsOut": 397315003,
    "weightedAverageShsOutDil": 405728003,
    "link": "https://www.sec.gov/Archives/edgar/data/1053507/000119312509225699/0001193125-09-225699-index.htm",
    "finalLink": "https://www.sec.gov/Archives/edgar/data/1053507/000119312509225699/d10q.htm"
  },
  {
    "date": "2009-06-30",
    "symbol": "AMT",
    "reportedCurrency": "USD",
    "cik": "0001053507",
    "fillingDate": "2009-08-06",
    "acceptedDate": "2009-08-06 16:06:27",
    "calendarYear": "2009",
    "period": "Q2",
    "revenue": 423358000,
    "costOfRevenue": 102573000,
    "grossProfit": 320785000,
    "grossProfitRatio": 0.7577156922,
    "researchAndDevelopmentExpenses": 0,
    "generalAndAdministrativeExpenses": 49861000,
    "sellingAndMarketingExpenses": 0,
    "sellingGeneralAndAdministrativeExpenses": 49861000,
    "otherExpenses": 104477000,
    "operatingExpenses": 154338000,
    "costAndExpenses": 256911000,
    "interestIncome": 4067000,
    "interestExpense": 62654000,
    "depreciationAndAmortization": 102463000,
    "ebitda": 267966000,
    "ebitdaratio": 0.6329536704,
    "operatingIncome": 166447000,
    "operatingIncomeRatio": 0.3931589813,
    "totalOtherIncomeExpensesNet": -63598000,
    "incomeBeforeTax": 102849000,
    "incomeBeforeTaxRatio": 0.2429362384,
    "incomeTaxExpense": 51428000,
    "netIncome": 56488000,
    "netIncomeRatio": 0.1334284459,
    "eps": 0.14,
    "epsdiluted": 0.14,
    "weightedAverageShsOut": 397418003,
    "weightedAverageShsOutDil": 408832003,
    "link": "https://www.sec.gov/Archives/edgar/data/1053507/000119312509167155/0001193125-09-167155-index.htm",
    "finalLink": "https://www.sec.gov/Archives/edgar/data/1053507/000119312509167155/d10q.htm"
  },
  {
    "date": "2009-03-31",
    "symbol": "AMT",
    "reportedCurrency": "USD",
    "cik": "0001053507",
    "fillingDate": "2009-05-08",
    "acceptedDate": "2009-05-08 16:54:43",
    "calendarYear": "2009",
    "period": "Q1",
    "revenue": 408678000,
    "costOfRevenue": 97705000,
    "grossProfit": 310973000,
    "grossProfitRatio": 0.7609242484,
    "researchAndDevelopmentExpenses": 0,
    "generalAndAdministrativeExpenses": 57631000,
    "sellingAndMarketingExpenses": 0,
    "sellingGeneralAndAdministrativeExpenses": 57631000,
    "otherExpenses": 103057000,
    "operatingExpenses": 160688000,
    "costAndExpenses": 258393000,
    "interestIncome": 3998000,
    "interestExpense": 61568000,
    "depreciationAndAmortization": 99868000,
    "ebitda": 254222000,
    "ebitdaratio": 0.6220594209,
    "operatingIncome": 150285000,
    "operatingIncomeRatio": 0.3677345,
    "totalOtherIncomeExpensesNet": -57499000,
    "incomeBeforeTax": 92786000,
    "incomeBeforeTaxRatio": 0.2270393806,
    "incomeTaxExpense": 37107000,
    "netIncome": 58601000,
    "netIncomeRatio": 0.1433916188,
    "eps": 0.15,
    "epsdiluted": 0.15,
    "weightedAverageShsOut": 397180003,
    "weightedAverageShsOutDil": 408250003,
    "link": "https://www.sec.gov/Archives/edgar/data/1053507/000119312509105524/0001193125-09-105524-index.htm",
    "finalLink": "https://www.sec.gov/Archives/edgar/data/1053507/000119312509105524/d10q.htm"
  },
  {
    "date": "2008-12-31",
    "symbol": "AMT",
    "reportedCurrency": "USD",
    "cik": "0001053507",
    "fillingDate": "2009-02-26",
    "acceptedDate": "2009-02-26 16:58:54",
    "calendarYear": "2008",
    "period": "Q4",
    "revenue": 408324000,
    "costOfRevenue": 98566000,
    "grossProfit": 309758000,
    "grossProfitRatio": 0.75860836,
    "researchAndDevelopmentExpenses": 0,
    "generalAndAdministrativeExpenses": 44962000,
    "sellingAndMarketingExpenses": 0,
    "sellingGeneralAndAdministrativeExpenses": 44962000,
    "otherExpenses": 100866000,
    "operatingExpenses": 145828000,
    "costAndExpenses": 244394000,
    "interestIncome": 371920000,
    "interestExpense": 14253000,
    "depreciationAndAmortization": 104174000,
    "ebitda": 277154000,
    "ebitdaratio": 0.6787600043,
    "operatingIncome": 163930000,
    "operatingIncomeRatio": 0.401470401,
    "totalOtherIncomeExpensesNet": -65885000,
    "incomeBeforeTax": 98045000,
    "incomeBeforeTaxRatio": 0.2401156924,
    "incomeTaxExpense": 15255000,
    "netIncome": 85839000,
    "netIncomeRatio": 0.2102227643,
    "eps": 0.22,
    "epsdiluted": 0.21,
    "weightedAverageShsOut": 397180000,
    "weightedAverageShsOutDil": 408250000,
    "link": "https://www.sec.gov/Archives/edgar/data/1053507/000119312509039177/0001193125-09-039177-index.htm",
    "finalLink": "https://www.sec.gov/Archives/edgar/data/1053507/000119312509039177/d10k.htm"
  },
  {
    "date": "2008-09-30",
    "symbol": "AMT",
    "reportedCurrency": "USD",
    "cik": "0001053507",
    "fillingDate": "2008-11-06",
    "acceptedDate": "2008-11-06 17:03:29",
    "calendarYear": "2008",
    "period": "Q3",
    "revenue": 409268000,
    "costOfRevenue": 103857000,
    "grossProfit": 305411000,
    "grossProfitRatio": 0.7462371844,
    "researchAndDevelopmentExpenses": 0,
    "generalAndAdministrativeExpenses": 44719000,
    "sellingAndMarketingExpenses": 0,
    "sellingGeneralAndAdministrativeExpenses": 44719000,
    "otherExpenses": 106325000,
    "operatingExpenses": 151044000,
    "costAndExpenses": 254901000,
    "interestIncome": 1017000,
    "interestExpense": 3586000,
    "depreciationAndAmortization": 104389000,
    "ebitda": 263459000,
    "ebitdaratio": 0.6437322244,
    "operatingIncome": 154367000,
    "operatingIncomeRatio": 0.3771782793,
    "totalOtherIncomeExpensesNet": -58843000,
    "incomeBeforeTax": 95524000,
    "incomeBeforeTaxRatio": 0.2334020739,
    "incomeTaxExpense": 34918000,
    "netIncome": 60466000,
    "netIncomeRatio": 0.147741822,
    "eps": 0.15,
    "epsdiluted": 0.15,
    "weightedAverageShsOut": 393567003,
    "weightedAverageShsOutDil": 416541003,
    "link": "https://www.sec.gov/Archives/edgar/data/1053507/000119312508228090/0001193125-08-228090-index.htm",
    "finalLink": "https://www.sec.gov/Archives/edgar/data/1053507/000119312508228090/d10q.htm"
  },
  {
    "date": "2008-06-30",
    "symbol": "AMT",
    "reportedCurrency": "USD",
    "cik": "0001053507",
    "fillingDate": "2008-08-06",
    "acceptedDate": "2008-08-06 17:04:28",
    "calendarYear": "2008",
    "period": "Q2",
    "revenue": 393728000,
    "costOfRevenue": 96874000,
    "grossProfit": 296854000,
    "grossProfitRatio": 0.7539570465,
    "researchAndDevelopmentExpenses": 0,
    "generalAndAdministrativeExpenses": 41784000,
    "sellingAndMarketingExpenses": 0,
    "sellingGeneralAndAdministrativeExpenses": 41784000,
    "otherExpenses": 100280000,
    "operatingExpenses": 142064000,
    "costAndExpenses": 238938000,
    "interestIncome": 979000,
    "interestExpense": 3584000,
    "depreciationAndAmortization": 99697000,
    "ebitda": 257513000,
    "ebitdaratio": 0.6540378129,
    "operatingIncome": 154790000,
    "operatingIncomeRatio": 0.3931394262,
    "totalOtherIncomeExpensesNet": -59482000,
    "incomeBeforeTax": 95308000,
    "incomeBeforeTaxRatio": 0.2420655884,
    "incomeTaxExpense": 44535000,
    "netIncome": 158786000,
    "netIncomeRatio": 0.4032885647,
    "eps": 0.4,
    "epsdiluted": 0.38,
    "weightedAverageShsOut": 396935003,
    "weightedAverageShsOutDil": 421617003,
    "link": "https://www.sec.gov/Archives/edgar/data/1053507/000119312508168411/0001193125-08-168411-index.htm",
    "finalLink": "https://www.sec.gov/Archives/edgar/data/1053507/000119312508168411/d10q.htm"
  },
  {
    "date": "2008-03-31",
    "symbol": "AMT",
    "reportedCurrency": "USD",
    "cik": "0001053507",
    "fillingDate": "2008-05-08",
    "acceptedDate": "2008-05-08 17:02:56",
    "calendarYear": "2008",
    "period": "Q1",
    "revenue": 382184000,
    "costOfRevenue": 90558000,
    "grossProfit": 291626000,
    "grossProfitRatio": 0.7630513051,
    "researchAndDevelopmentExpenses": 0,
    "generalAndAdministrativeExpenses": 48909000,
    "sellingAndMarketingExpenses": 0,
    "sellingGeneralAndAdministrativeExpenses": 48909000,
    "otherExpenses": 97861000,
    "operatingExpenses": 146770000,
    "costAndExpenses": 237328000,
    "interestIncome": 963000,
    "interestExpense": 3541000,
    "depreciationAndAmortization": 97072000,
    "ebitda": 245629000,
    "ebitdaratio": 0.6426982815,
    "operatingIncome": 144856000,
    "operatingIncomeRatio": 0.3790216231,
    "totalOtherIncomeExpensesNet": -61813000,
    "incomeBeforeTax": 83043000,
    "incomeBeforeTaxRatio": 0.2172853913,
    "incomeTaxExpense": 40801000,
    "netIncome": 42155000,
    "netIncomeRatio": 0.1103002742,
    "eps": 0.11,
    "epsdiluted": 0.1,
    "weightedAverageShsOut": 397128003,
    "weightedAverageShsOutDil": 421622003,
    "link": "https://www.sec.gov/Archives/edgar/data/1053507/000119312508107972/0001193125-08-107972-index.htm",
    "finalLink": "https://www.sec.gov/Archives/edgar/data/1053507/000119312508107972/d10q.htm"
  },
  {
    "date": "2007-12-31",
    "symbol": "AMT",
    "reportedCurrency": "USD",
    "cik": "0001053507",
    "fillingDate": "2008-03-14",
    "acceptedDate": "2008-03-14 14:01:23",
    "calendarYear": "2007",
    "period": "Q4",
    "revenue": 378112000,
    "costOfRevenue": 93520000,
    "grossProfit": 284592000,
    "grossProfitRatio": 0.7526658768,
    "researchAndDevelopmentExpenses": 0,
    "generalAndAdministrativeExpenses": 46747000,
    "sellingAndMarketingExpenses": 0,
    "sellingGeneralAndAdministrativeExpenses": 46747000,
    "otherExpenses": 137379000,
    "operatingExpenses": 184126000,
    "costAndExpenses": 277646000,
    "interestIncome": 0,
    "interestExpense": 0,
    "depreciationAndAmortization": 129613000,
    "ebitda": 230079000,
    "ebitdaratio": 0.6084943086,
    "operatingIncome": 100466000,
    "operatingIncomeRatio": 0.2657043416,
    "totalOtherIncomeExpensesNet": -58843000,
    "incomeBeforeTax": 41623000,
    "incomeBeforeTaxRatio": 0.11008114,
    "incomeTaxExpense": 42095000,
    "netIncome": -5549000,
    "netIncomeRatio": -0.0146755459,
    "eps": -0.014,
    "epsdiluted": -0.0132,
    "weightedAverageShsOut": 397128000,
    "weightedAverageShsOutDil": 421622000,
    "link": "https://www.sec.gov/Archives/edgar/data/1053507/000119312508057075/0001193125-08-057075-index.htm",
    "finalLink": "https://www.sec.gov/Archives/edgar/data/1053507/000119312508057075/d10k.htm"
  },
  {
    "date": "2007-09-30",
    "symbol": "AMT",
    "reportedCurrency": "USD",
    "cik": "0001053507",
    "fillingDate": "2007-11-09",
    "acceptedDate": "2007-11-08 17:47:22",
    "calendarYear": "2007",
    "period": "Q3",
    "revenue": 367585000,
    "costOfRevenue": 88777000,
    "grossProfit": 278808000,
    "grossProfitRatio": 0.7584857924,
    "researchAndDevelopmentExpenses": 0,
    "generalAndAdministrativeExpenses": 49030000,
    "sellingAndMarketingExpenses": 0,
    "sellingGeneralAndAdministrativeExpenses": 49030000,
    "otherExpenses": 131287000,
    "operatingExpenses": 180317000,
    "costAndExpenses": 269094000,
    "interestIncome": 2345000,
    "interestExpense": 3584000,
    "depreciationAndAmortization": 131484000,
    "ebitda": 229975000,
    "ebitdaratio": 0.6256376076,
    "operatingIncome": 98491000,
    "operatingIncomeRatio": 0.2679407484,
    "totalOtherIncomeExpensesNet": -52757000,
    "incomeBeforeTax": 45734000,
    "incomeBeforeTaxRatio": 0.1244174817,
    "incomeTaxExpense": -14483000,
    "netIncome": 59628000,
    "netIncomeRatio": 0.162215542,
    "eps": 0.15,
    "epsdiluted": 0.14,
    "weightedAverageShsOut": 410071003,
    "weightedAverageShsOutDil": 418012003,
    "link": "https://www.sec.gov/Archives/edgar/data/1053507/000119312507240592/0001193125-07-240592-index.htm",
    "finalLink": "https://www.sec.gov/Archives/edgar/data/1053507/000119312507240592/d10q.htm"
  },
  {
    "date": "2007-06-30",
    "symbol": "AMT",
    "reportedCurrency": "USD",
    "cik": "0001053507",
    "fillingDate": "2007-08-07",
    "acceptedDate": "2007-08-07 07:28:50",
    "calendarYear": "2007",
    "period": "Q2",
    "revenue": 358423000,
    "costOfRevenue": 90042000,
    "grossProfit": 268381000,
    "grossProfitRatio": 0.7487828627,
    "researchAndDevelopmentExpenses": 0,
    "generalAndAdministrativeExpenses": 42063000,
    "sellingAndMarketingExpenses": 0,
    "sellingGeneralAndAdministrativeExpenses": 42063000,
    "otherExpenses": 133022000,
    "operatingExpenses": 175085000,
    "costAndExpenses": 265127000,
    "interestIncome": 3224000,
    "interestExpense": 3584000,
    "depreciationAndAmortization": 131637000,
    "ebitda": 224933000,
    "ebitdaratio": 0.6275629633,
    "operatingIncome": 93296000,
    "operatingIncomeRatio": 0.2602957957,
    "totalOtherIncomeExpensesNet": -66610000,
    "incomeBeforeTax": 26686000,
    "incomeBeforeTaxRatio": 0.0744539273,
    "incomeTaxExpense": 14566000,
    "netIncome": -19991000,
    "netIncomeRatio": -0.0557748805,
    "eps": -0.0479,
    "epsdiluted": -0.0465,
    "weightedAverageShsOut": 417682003,
    "weightedAverageShsOutDil": 429846003,
    "link": "https://www.sec.gov/Archives/edgar/data/1053507/000119312507172914/0001193125-07-172914-index.htm",
    "finalLink": "https://www.sec.gov/Archives/edgar/data/1053507/000119312507172914/d10q.htm"
  },
  {
    "date": "2007-03-31",
    "symbol": "AMT",
    "reportedCurrency": "USD",
    "cik": "0001053507",
    "fillingDate": "2007-05-08",
    "acceptedDate": "2007-05-08 13:00:02",
    "calendarYear": "2007",
    "period": "Q1",
    "revenue": 352474000,
    "costOfRevenue": 87283000,
    "grossProfit": 265191000,
    "grossProfitRatio": 0.7523703876,
    "researchAndDevelopmentExpenses": 0,
    "generalAndAdministrativeExpenses": 48643000,
    "sellingAndMarketingExpenses": 0,
    "sellingGeneralAndAdministrativeExpenses": 48643000,
    "otherExpenses": 130438000,
    "operatingExpenses": 179081000,
    "costAndExpenses": 266364000,
    "interestIncome": 3617000,
    "interestExpense": 3498000,
    "depreciationAndAmortization": 130194000,
    "ebitda": 216304000,
    "ebitdaratio": 0.6136736327,
    "operatingIncome": 86110000,
    "operatingIncomeRatio": 0.2443017074,
    "totalOtherIncomeExpensesNet": -47313000,
    "incomeBeforeTax": 38797000,
    "incomeBeforeTaxRatio": 0.11007053,
    "incomeTaxExpense": 17631000,
    "netIncome": 22228000,
    "netIncomeRatio": 0.0630628075,
    "eps": 0.05,
    "epsdiluted": 0.05,
    "weightedAverageShsOut": 421627003,
    "weightedAverageShsOutDil": 439557003,
    "link": "https://www.sec.gov/Archives/edgar/data/1053507/000119312507105663/0001193125-07-105663-index.htm",
    "finalLink": "https://www.sec.gov/Archives/edgar/data/1053507/000119312507105663/d10q.htm"
  },
  {
    "date": "2006-12-31",
    "symbol": "AMT",
    "reportedCurrency": "USD",
    "cik": "0001053507",
    "fillingDate": "2007-02-28",
    "acceptedDate": "2007-02-28 17:07:06",
    "calendarYear": "2006",
    "period": "Q4",
    "revenue": 337646000,
    "costOfRevenue": 88626000,
    "grossProfit": 249020000,
    "grossProfitRatio": 0.7375179922,
    "researchAndDevelopmentExpenses": 0,
    "generalAndAdministrativeExpenses": 44017000,
    "sellingAndMarketingExpenses": 0,
    "sellingGeneralAndAdministrativeExpenses": 44017000,
    "otherExpenses": 129018000,
    "operatingExpenses": 173035000,
    "costAndExpenses": 261661000,
    "interestIncome": 0,
    "interestExpense": 0,
    "depreciationAndAmortization": 130622000,
    "ebitda": 206607000,
    "ebitdaratio": 0.6119041837,
    "operatingIncome": 75985000,
    "operatingIncomeRatio": 0.2250433886,
    "totalOtherIncomeExpensesNet": -43908000,
    "incomeBeforeTax": 32077000,
    "incomeBeforeTaxRatio": 0.0950018659,
    "incomeTaxExpense": 13656000,
    "netIncome": 18285000,
    "netIncomeRatio": 0.054154351,
    "eps": 0.043,
    "epsdiluted": 0.042,
    "weightedAverageShsOut": 421627000,
    "weightedAverageShsOutDil": 439557000,
    "link": "https://www.sec.gov/Archives/edgar/data/1053507/000119312507042779/0001193125-07-042779-index.htm",
    "finalLink": "https://www.sec.gov/Archives/edgar/data/1053507/000119312507042779/d10k.htm"
  },
  {
    "date": "2006-09-30",
    "symbol": "AMT",
    "reportedCurrency": "USD",
    "cik": "0001053507",
    "fillingDate": "2006-11-29",
    "acceptedDate": "2006-11-28 21:48:09",
    "calendarYear": "2006",
    "period": "Q3",
    "revenue": 333467000,
    "costOfRevenue": 87562000,
    "grossProfit": 245905000,
    "grossProfitRatio": 0.7374192949,
    "researchAndDevelopmentExpenses": 0,
    "generalAndAdministrativeExpenses": 42384000,
    "sellingAndMarketingExpenses": 0,
    "sellingGeneralAndAdministrativeExpenses": 42384000,
    "otherExpenses": 131514000,
    "operatingExpenses": 173898000,
    "costAndExpenses": 261460000,
    "interestIncome": 2292000,
    "interestExpense": 3584000,
    "depreciationAndAmortization": 131357000,
    "ebitda": 203364000,
    "ebitdaratio": 0.6098474512,
    "operatingIncome": 72007000,
    "operatingIncomeRatio": 0.2159344103,
    "totalOtherIncomeExpensesNet": -54881000,
    "incomeBeforeTax": 17126000,
    "incomeBeforeTaxRatio": 0.0513574057,
    "incomeTaxExpense": 13350000,
    "netIncome": 3472000,
    "netIncomeRatio": 0.0104118249,
    "eps": 0.01,
    "epsdiluted": 0.008,
    "weightedAverageShsOut": 425942003,
    "weightedAverageShsOutDil": 435138003,
    "link": "https://www.sec.gov/Archives/edgar/data/1053507/000119312506243134/0001193125-06-243134-index.htm",
    "finalLink": "https://www.sec.gov/Archives/edgar/data/1053507/000119312506243134/d10q.htm"
  },
  {
    "date": "2006-06-30",
    "symbol": "AMT",
    "reportedCurrency": "USD",
    "cik": "0001053507",
    "fillingDate": "2006-11-29",
    "acceptedDate": "2006-11-28 21:45:12",
    "calendarYear": "2006",
    "period": "Q2",
    "revenue": 325863000,
    "costOfRevenue": 85737000,
    "grossProfit": 240126000,
    "grossProfitRatio": 0.7368924978,
    "researchAndDevelopmentExpenses": 0,
    "generalAndAdministrativeExpenses": 36610000,
    "sellingAndMarketingExpenses": 0,
    "sellingGeneralAndAdministrativeExpenses": 36610000,
    "otherExpenses": 132744000,
    "operatingExpenses": 169354000,
    "costAndExpenses": 255091000,
    "interestIncome": 1371000,
    "interestExpense": 3584000,
    "depreciationAndAmortization": 132811000,
    "ebitda": 203583000,
    "ebitdaratio": 0.6247502785,
    "operatingIncome": 70772000,
    "operatingIncomeRatio": 0.2171832948,
    "totalOtherIncomeExpensesNet": -49571000,
    "incomeBeforeTax": 21201000,
    "incomeBeforeTaxRatio": 0.065061084,
    "incomeTaxExpense": 12936000,
    "netIncome": 7664000,
    "netIncomeRatio": 0.0235190862,
    "eps": 0.02,
    "epsdiluted": 0.0176,
    "weightedAverageShsOut": 423252003,
    "weightedAverageShsOutDil": 435601003,
    "link": "https://www.sec.gov/Archives/edgar/data/1053507/000119312506243133/0001193125-06-243133-index.htm",
    "finalLink": "https://www.sec.gov/Archives/edgar/data/1053507/000119312506243133/d10q.htm"
  },
  {
    "date": "2006-03-31",
    "symbol": "AMT",
    "reportedCurrency": "USD",
    "cik": "0001053507",
    "fillingDate": "2006-11-29",
    "acceptedDate": "2006-11-28 21:40:04",
    "calendarYear": "2006",
    "period": "Q1",
    "revenue": 320409000,
    "costOfRevenue": 81612000,
    "grossProfit": 238797000,
    "grossProfitRatio": 0.7452880537,
    "researchAndDevelopmentExpenses": 0,
    "generalAndAdministrativeExpenses": 34975000,
    "sellingAndMarketingExpenses": 0,
    "sellingGeneralAndAdministrativeExpenses": 34975000,
    "otherExpenses": 134775000,
    "operatingExpenses": 169750000,
    "costAndExpenses": 251362000,
    "interestIncome": 1358000,
    "interestExpense": 3498000,
    "depreciationAndAmortization": 133261000,
    "ebitda": 200970000,
    "ebitdaratio": 0.6272295722,
    "operatingIncome": 69047000,
    "operatingIncomeRatio": 0.2154964436,
    "totalOtherIncomeExpensesNet": -68587000,
    "incomeBeforeTax": 1798000,
    "incomeBeforeTaxRatio": 0.0056115777,
    "incomeTaxExpense": 3812000,
    "netIncome": -2585000,
    "netIncomeRatio": -0.0080678133,
    "eps": -0.0062,
    "epsdiluted": -0.0062,
    "weightedAverageShsOut": 417379003,
    "weightedAverageShsOutDil": 417379003,
    "link": "https://www.sec.gov/Archives/edgar/data/1053507/000119312506243129/0001193125-06-243129-index.htm",
    "finalLink": "https://www.sec.gov/Archives/edgar/data/1053507/000119312506243129/d10qa.htm"
  },
  {
    "date": "2005-12-31",
    "symbol": "AMT",
    "reportedCurrency": "USD",
    "cik": "0001053507",
    "fillingDate": "2006-11-29",
    "acceptedDate": "2006-11-28 21:36:22",
    "calendarYear": "2005",
    "period": "Q4",
    "revenue": 307625000,
    "costOfRevenue": 102410000,
    "grossProfit": 205215000,
    "grossProfitRatio": 0.667094677,
    "researchAndDevelopmentExpenses": 0,
    "generalAndAdministrativeExpenses": 12674000,
    "sellingAndMarketingExpenses": 0,
    "sellingGeneralAndAdministrativeExpenses": 12674000,
    "otherExpenses": 127747000,
    "operatingExpenses": 140421000,
    "costAndExpenses": 242831000,
    "interestIncome": 0,
    "interestExpense": 0,
    "depreciationAndAmortization": 127747000,
    "ebitda": 192541000,
    "ebitdaratio": 0.6258951646,
    "operatingIncome": 64794000,
    "operatingIncomeRatio": 0.2106265746,
    "totalOtherIncomeExpensesNet": -97474000,
    "incomeBeforeTax": -32680000,
    "incomeBeforeTaxRatio": -0.1062332385,
    "incomeTaxExpense": 18833000,
    "netIncome": -87341000,
    "netIncomeRatio": -0.2839203576,
    "eps": -0.21,
    "epsdiluted": -0.21,
    "weightedAverageShsOut": 413807002,
    "weightedAverageShsOutDil": 417379000,
    "link": "https://www.sec.gov/Archives/edgar/data/1053507/000119312506243125/0001193125-06-243125-index.htm",
    "finalLink": "https://www.sec.gov/Archives/edgar/data/1053507/000119312506243125/d10ka.htm"
  },
  {
    "date": "2005-09-30",
    "symbol": "AMT",
    "reportedCurrency": "USD",
    "cik": "0001053507",
    "fillingDate": "2005-11-09",
    "acceptedDate": "2005-11-09 16:14:42",
    "calendarYear": "2005",
    "period": "Q3",
    "revenue": 264746000,
    "costOfRevenue": 90618000,
    "grossProfit": 174128000,
    "grossProfitRatio": 0.6577172082,
    "researchAndDevelopmentExpenses": 0,
    "generalAndAdministrativeExpenses": 11887000,
    "sellingAndMarketingExpenses": 0,
    "sellingGeneralAndAdministrativeExpenses": 11887000,
    "otherExpenses": 116752000,
    "operatingExpenses": 128639000,
    "costAndExpenses": 219257000,
    "interestIncome": 1351000,
    "interestExpense": 3609000,
    "depreciationAndAmortization": 116752000,
    "ebitda": 153925000,
    "ebitdaratio": 0.5814063291,
    "operatingIncome": 45489000,
    "operatingIncomeRatio": 0.1718212929,
    "totalOtherIncomeExpensesNet": -63770000,
    "incomeBeforeTax": -26597000,
    "incomeBeforeTaxRatio": -0.1004623299,
    "incomeTaxExpense": -6646000,
    "netIncome": -20870000,
    "netIncomeRatio": -0.0788302751,
    "eps": -0.0625,
    "epsdiluted": -0.0625,
    "weightedAverageShsOut": 334141002,
    "weightedAverageShsOutDil": 334141002,
    "link": "https://www.sec.gov/Archives/edgar/data/1053507/000119312505221558/0001193125-05-221558-index.htm",
    "finalLink": "https://www.sec.gov/Archives/edgar/data/1053507/000119312505221558/d10q.htm"
  },
  {
    "date": "2005-06-30",
    "symbol": "AMT",
    "reportedCurrency": "USD",
    "cik": "0001053507",
    "fillingDate": "2005-08-08",
    "acceptedDate": "2005-08-08 14:29:28",
    "calendarYear": "2005",
    "period": "Q2",
    "revenue": 188060000,
    "costOfRevenue": 62719000,
    "grossProfit": 125341000,
    "grossProfitRatio": 0.6664947357,
    "researchAndDevelopmentExpenses": 0,
    "generalAndAdministrativeExpenses": 6443000,
    "sellingAndMarketingExpenses": 0,
    "sellingGeneralAndAdministrativeExpenses": 6443000,
    "otherExpenses": 86257000,
    "operatingExpenses": 92700000,
    "costAndExpenses": 155419000,
    "interestIncome": 808000,
    "interestExpense": 3584000,
    "depreciationAndAmortization": 84784000,
    "ebitda": 115534000,
    "ebitdaratio": 0.6143464852,
    "operatingIncome": 32641000,
    "operatingIncomeRatio": 0.1735669467,
    "totalOtherIncomeExpensesNet": -66199000,
    "incomeBeforeTax": -33558000,
    "incomeBeforeTaxRatio": -0.1784430501,
    "incomeTaxExpense": -3846000,
    "netIncome": -31818000,
    "netIncomeRatio": -0.1691906838,
    "eps": -0.14,
    "epsdiluted": -0.14,
    "weightedAverageShsOut": 230793001,
    "weightedAverageShsOutDil": 230793001,
    "link": "https://www.sec.gov/Archives/edgar/data/1053507/000119312505160509/0001193125-05-160509-index.htm",
    "finalLink": "https://www.sec.gov/Archives/edgar/data/1053507/000119312505160509/d10q.htm"
  },
  {
    "date": "2005-03-31",
    "symbol": "AMT",
    "reportedCurrency": "USD",
    "cik": "0001053507",
    "fillingDate": "2005-05-10",
    "acceptedDate": "2005-05-09 19:17:50",
    "calendarYear": "2005",
    "period": "Q1",
    "revenue": 184355000,
    "costOfRevenue": 62382000,
    "grossProfit": 121973000,
    "grossProfitRatio": 0.6616202436,
    "researchAndDevelopmentExpenses": 0,
    "generalAndAdministrativeExpenses": 6973000,
    "sellingAndMarketingExpenses": 0,
    "sellingGeneralAndAdministrativeExpenses": 6973000,
    "otherExpenses": 84748000,
    "operatingExpenses": 91721000,
    "costAndExpenses": 154103000,
    "interestIncome": 699000,
    "interestExpense": 3498000,
    "depreciationAndAmortization": 81971000,
    "ebitda": 112223000,
    "ebitdaratio": 0.6087331507,
    "operatingIncome": 30252000,
    "operatingIncomeRatio": 0.1640964444,
    "totalOtherIncomeExpensesNet": -64891000,
    "incomeBeforeTax": -34639000,
    "incomeBeforeTaxRatio": -0.187892924,
    "incomeTaxExpense": -4338000,
    "netIncome": -31561000,
    "netIncomeRatio": -0.1711968756,
    "eps": -0.14,
    "epsdiluted": -0.14,
    "weightedAverageShsOut": 230158001,
    "weightedAverageShsOutDil": 230158001,
    "link": "https://www.sec.gov/Archives/edgar/data/1053507/000119312505101201/0001193125-05-101201-index.htm",
    "finalLink": "https://www.sec.gov/Archives/edgar/data/1053507/000119312505101201/d10q.htm"
  },
  {
    "date": "2004-12-31",
    "symbol": "AMT",
    "reportedCurrency": "USD",
    "cik": "0001053507",
    "fillingDate": "2005-03-30",
    "acceptedDate": "2005-03-30 13:13:43",
    "calendarYear": "2004",
    "period": "Q4",
    "revenue": 128321000,
    "costOfRevenue": 19714000,
    "grossProfit": 108607000,
    "grossProfitRatio": 0.8463696511,
    "researchAndDevelopmentExpenses": 0,
    "generalAndAdministrativeExpenses": 7077000,
    "sellingAndMarketingExpenses": 0,
    "sellingGeneralAndAdministrativeExpenses": 7077000,
    "otherExpenses": 97469000,
    "operatingExpenses": 104546000,
    "costAndExpenses": 124260000,
    "interestIncome": 0,
    "interestExpense": 0,
    "depreciationAndAmortization": 91695000,
    "ebitda": 95756000,
    "ebitdaratio": 0.7462223642,
    "operatingIncome": 4061000,
    "operatingIncomeRatio": 0.0316471973,
    "totalOtherIncomeExpensesNet": -101737000,
    "incomeBeforeTax": -97676000,
    "incomeBeforeTaxRatio": -0.7611848411,
    "incomeTaxExpense": -23456000,
    "netIncome": -88268000,
    "netIncomeRatio": -0.6878687043,
    "eps": -0.39,
    "epsdiluted": -0.38,
    "weightedAverageShsOut": 228500001,
    "weightedAverageShsOutDil": 230158000,
    "link": "https://www.sec.gov/Archives/edgar/data/1053507/000119312505064722/0001193125-05-064722-index.htm",
    "finalLink": "https://www.sec.gov/Archives/edgar/data/1053507/000119312505064722/d10k.htm"
  },
  {
    "date": "2004-09-30",
    "symbol": "AMT",
    "reportedCurrency": "USD",
    "cik": "0001053507",
    "fillingDate": "2004-11-09",
    "acceptedDate": "2004-11-08 20:10:02",
    "calendarYear": "2004",
    "period": "Q3",
    "revenue": 199188000,
    "costOfRevenue": 80185000,
    "grossProfit": 119003000,
    "grossProfitRatio": 0.5974406089,
    "researchAndDevelopmentExpenses": 0,
    "generalAndAdministrativeExpenses": 6861000,
    "sellingAndMarketingExpenses": 0,
    "sellingGeneralAndAdministrativeExpenses": 6861000,
    "otherExpenses": 87510000,
    "operatingExpenses": 94371000,
    "costAndExpenses": 174556000,
    "interestIncome": 1166000,
    "interestExpense": 3584000,
    "depreciationAndAmortization": 81569000,
    "ebitda": 109048000,
    "ebitdaratio": 0.5474626986,
    "operatingIncome": 24632000,
    "operatingIncomeRatio": 0.123662068,
    "totalOtherIncomeExpensesNet": -116525000,
    "incomeBeforeTax": -86280000,
    "incomeBeforeTaxRatio": -0.433158624,
    "incomeTaxExpense": -29076000,
    "netIncome": -55904000,
    "netIncomeRatio": -0.2806594775,
    "eps": -0.25,
    "epsdiluted": -0.25,
    "weightedAverageShsOut": 224839001,
    "weightedAverageShsOutDil": 224839001,
    "link": "https://www.sec.gov/Archives/edgar/data/1053507/000119312504189891/0001193125-04-189891-index.htm",
    "finalLink": "https://www.sec.gov/Archives/edgar/data/1053507/000119312504189891/d10q.htm"
  },
  {
    "date": "2004-06-30",
    "symbol": "AMT",
    "reportedCurrency": "USD",
    "cik": "0001053507",
    "fillingDate": "2005-03-30",
    "acceptedDate": "2005-03-30 06:28:17",
    "calendarYear": "2004",
    "period": "Q2",
    "revenue": 192972000,
    "costOfRevenue": 79734000,
    "grossProfit": 113238000,
    "grossProfitRatio": 0.5868105217,
    "researchAndDevelopmentExpenses": 0,
    "generalAndAdministrativeExpenses": 6651000,
    "sellingAndMarketingExpenses": 0,
    "sellingGeneralAndAdministrativeExpenses": 6651000,
    "otherExpenses": 87298000,
    "operatingExpenses": 93949000,
    "costAndExpenses": 173683000,
    "interestIncome": 1122000,
    "interestExpense": 3652000,
    "depreciationAndAmortization": 85464000,
    "ebitda": 98603000,
    "ebitdaratio": 0.5109705035,
    "operatingIncome": 19289000,
    "operatingIncomeRatio": 0.0999575068,
    "totalOtherIncomeExpensesNet": -95290000,
    "incomeBeforeTax": -77137000,
    "incomeBeforeTaxRatio": -0.3997315673,
    "incomeTaxExpense": -17194000,
    "netIncome": -60535000,
    "netIncomeRatio": -0.3136983604,
    "eps": -0.27,
    "epsdiluted": -0.27,
    "weightedAverageShsOut": 223578001,
    "weightedAverageShsOutDil": 223578001,
    "link": "https://www.sec.gov/Archives/edgar/data/1053507/000119312505064066/0001193125-05-064066-index.htm",
    "finalLink": "https://www.sec.gov/Archives/edgar/data/1053507/000119312505064066/d10qa.htm"
  },
  {
    "date": "2004-03-31",
    "symbol": "AMT",
    "reportedCurrency": "USD",
    "cik": "0001053507",
    "fillingDate": "2004-05-10",
    "acceptedDate": "2004-05-10 12:32:23",
    "calendarYear": "2004",
    "period": "Q1",
    "revenue": 186179000,
    "costOfRevenue": 76480000,
    "grossProfit": 109699000,
    "grossProfitRatio": 0.589212532,
    "researchAndDevelopmentExpenses": 0,
    "generalAndAdministrativeExpenses": 6879000,
    "sellingAndMarketingExpenses": 0,
    "sellingGeneralAndAdministrativeExpenses": 6879000,
    "otherExpenses": 81048000,
    "operatingExpenses": 87927000,
    "costAndExpenses": 164407000,
    "interestIncome": 1114000,
    "interestExpense": 3540000,
    "depreciationAndAmortization": 81345000,
    "ebitda": 95561000,
    "ebitdaratio": 0.5132748591,
    "operatingIncome": 21772000,
    "operatingIncomeRatio": 0.1169412232,
    "totalOtherIncomeExpensesNet": -72760000,
    "incomeBeforeTax": -53044000,
    "incomeBeforeTaxRatio": -0.2849086095,
    "incomeTaxExpense": -10450000,
    "netIncome": -42880000,
    "netIncomeRatio": -0.2303159862,
    "eps": -0.19,
    "epsdiluted": -0.19,
    "weightedAverageShsOut": 220408001,
    "weightedAverageShsOutDil": 220408001,
    "link": "https://www.sec.gov/Archives/edgar/data/1053507/000119312504083317/0001193125-04-083317-index.htm",
    "finalLink": "https://www.sec.gov/Archives/edgar/data/1053507/000119312504083317/d10q.htm"
  },
  {
    "date": "2003-12-31",
    "symbol": "AMT",
    "reportedCurrency": "USD",
    "cik": "0001053507",
    "fillingDate": "2004-03-12",
    "acceptedDate": "2004-03-12 14:29:33",
    "calendarYear": "2003",
    "period": "Q4",
    "revenue": 191521000,
    "costOfRevenue": 83522000,
    "grossProfit": 107999000,
    "grossProfitRatio": 0.5639016087,
    "researchAndDevelopmentExpenses": 1616000,
    "generalAndAdministrativeExpenses": 6761000,
    "sellingAndMarketingExpenses": 0,
    "sellingGeneralAndAdministrativeExpenses": 6761000,
    "otherExpenses": 88812000,
    "operatingExpenses": 95573000,
    "costAndExpenses": 179095000,
    "interestIncome": 0,
    "interestExpense": 0,
    "depreciationAndAmortization": 76500000,
    "ebitda": 88926000,
    "ebitdaratio": 0.4643146182,
    "operatingIncome": 12426000,
    "operatingIncomeRatio": 0.0648806136,
    "totalOtherIncomeExpensesNet": -72466000,
    "incomeBeforeTax": -60040000,
    "incomeBeforeTaxRatio": -0.3134904266,
    "incomeTaxExpense": -15684000,
    "netIncome": -51217000,
    "netIncomeRatio": -0.2674223714,
    "eps": -0.23,
    "epsdiluted": -0.23,
    "weightedAverageShsOut": 219789001,
    "weightedAverageShsOutDil": 220408000,
    "link": "https://www.sec.gov/Archives/edgar/data/1053507/000119312504040332/0001193125-04-040332-index.htm",
    "finalLink": "https://www.sec.gov/Archives/edgar/data/1053507/000119312504040332/d10k.htm"
  },
  {
    "date": "2003-09-30",
    "symbol": "AMT",
    "reportedCurrency": "USD",
    "cik": "0001053507",
    "fillingDate": "2003-11-14",
    "acceptedDate": "2003-11-14 14:09:21",
    "calendarYear": "2003",
    "period": "Q3",
    "revenue": 186874000,
    "costOfRevenue": 83032000,
    "grossProfit": 103842000,
    "grossProfitRatio": 0.5556792277,
    "researchAndDevelopmentExpenses": 0,
    "generalAndAdministrativeExpenses": 6493000,
    "sellingAndMarketingExpenses": 0,
    "sellingGeneralAndAdministrativeExpenses": 6493000,
    "otherExpenses": 85333000,
    "operatingExpenses": 91826000,
    "costAndExpenses": 174858000,
    "interestIncome": 1177000,
    "interestExpense": 3523000,
    "depreciationAndAmortization": 77687000,
    "ebitda": 89703000,
    "ebitdaratio": 0.4800186222,
    "operatingIncome": 12016000,
    "operatingIncomeRatio": 0.0643000096,
    "totalOtherIncomeExpensesNet": -63307000,
    "incomeBeforeTax": -51291000,
    "incomeBeforeTaxRatio": -0.2744683584,
    "incomeTaxExpense": -13593000,
    "netIncome": -52862000,
    "netIncomeRatio": -0.2828750923,
    "eps": -0.25,
    "epsdiluted": -0.25,
    "weightedAverageShsOut": 213788001,
    "weightedAverageShsOutDil": 213788001,
    "link": "https://www.sec.gov/Archives/edgar/data/1053507/000119312503081690/0001193125-03-081690-index.htm",
    "finalLink": "https://www.sec.gov/Archives/edgar/data/1053507/000119312503081690/d10q.htm"
  },
  {
    "date": "2003-06-30",
    "symbol": "AMT",
    "reportedCurrency": "USD",
    "cik": "0001053507",
    "fillingDate": "2003-08-14",
    "acceptedDate": "2003-08-14 14:08:52",
    "calendarYear": "2003",
    "period": "Q2",
    "revenue": 178222000,
    "costOfRevenue": 78626000,
    "grossProfit": 99596000,
    "grossProfitRatio": 0.5588311207,
    "researchAndDevelopmentExpenses": 1003000,
    "generalAndAdministrativeExpenses": 5962000,
    "sellingAndMarketingExpenses": 0,
    "sellingGeneralAndAdministrativeExpenses": 5962000,
    "otherExpenses": 88806000,
    "operatingExpenses": 95771000,
    "costAndExpenses": 174397000,
    "interestIncome": 1930000,
    "interestExpense": 3528000,
    "depreciationAndAmortization": 80770000,
    "ebitda": 84595000,
    "ebitdaratio": 0.4746608163,
    "operatingIncome": 3825000,
    "operatingIncomeRatio": 0.0214619968,
    "totalOtherIncomeExpensesNet": -102770000,
    "incomeBeforeTax": -98945000,
    "incomeBeforeTaxRatio": -0.555178373,
    "incomeTaxExpense": -17985000,
    "netIncome": -107715000,
    "netIncomeRatio": -0.6043866638,
    "eps": -0.53,
    "epsdiluted": -0.53,
    "weightedAverageShsOut": 202913001,
    "weightedAverageShsOutDil": 202913001,
    "link": "https://www.sec.gov/Archives/edgar/data/1053507/000119312503037631/0001193125-03-037631-index.htm",
    "finalLink": "https://www.sec.gov/Archives/edgar/data/1053507/000119312503037631/d10q.htm"
  },
  {
    "date": "2003-03-31",
    "symbol": "AMT",
    "reportedCurrency": "USD",
    "cik": "0001053507",
    "fillingDate": "2003-05-12",
    "acceptedDate": "2003-05-12 16:49:57",
    "calendarYear": "2003",
    "period": "Q1",
    "revenue": 177161000,
    "costOfRevenue": 84328000,
    "grossProfit": 92833000,
    "grossProfitRatio": 0.52400359,
    "researchAndDevelopmentExpenses": 613000,
    "generalAndAdministrativeExpenses": 6035000,
    "sellingAndMarketingExpenses": 0,
    "sellingGeneralAndAdministrativeExpenses": 6035000,
    "otherExpenses": 84536000,
    "operatingExpenses": 91184000,
    "costAndExpenses": 175512000,
    "interestIncome": 926000,
    "interestExpense": 3502000,
    "depreciationAndAmortization": 79654000,
    "ebitda": 81715000,
    "ebitdaratio": 0.4612471142,
    "operatingIncome": 1649000,
    "operatingIncomeRatio": 0.0093079177,
    "totalOtherIncomeExpensesNet": -101162000,
    "incomeBeforeTax": -99940000,
    "incomeBeforeTaxRatio": -0.5641196426,
    "incomeTaxExpense": -19508000,
    "netIncome": -91623000,
    "netIncomeRatio": -0.5171736443,
    "eps": -0.47,
    "epsdiluted": -0.47,
    "weightedAverageShsOut": 195703001,
    "weightedAverageShsOutDil": 195703001,
    "link": "https://www.sec.gov/Archives/edgar/data/1053507/000092701603002557/0000927016-03-002557-index.htm",
    "finalLink": "https://www.sec.gov/Archives/edgar/data/1053507/000092701603002557/d10q.htm"
  },
  {
    "date": "2002-12-31",
    "symbol": "AMT",
    "reportedCurrency": "USD",
    "cik": "0001053507",
    "fillingDate": "2003-03-24",
    "acceptedDate": "2003-03-24 09:37:50",
    "calendarYear": "2002",
    "period": "Q4",
    "revenue": 10941000,
    "costOfRevenue": -79488000,
    "grossProfit": 90429000,
    "grossProfitRatio": 8.2651494379,
    "researchAndDevelopmentExpenses": 1232000,
    "generalAndAdministrativeExpenses": 5405000,
    "sellingAndMarketingExpenses": 0,
    "sellingGeneralAndAdministrativeExpenses": 5405000,
    "otherExpenses": -149751000,
    "operatingExpenses": -143114000,
    "costAndExpenses": -222602000,
    "interestIncome": 0,
    "interestExpense": 0,
    "depreciationAndAmortization": 31866000,
    "ebitda": 265409000,
    "ebitdaratio": 24.2582030893,
    "operatingIncome": 233543000,
    "operatingIncomeRatio": 21.345672242,
    "totalOtherIncomeExpensesNet": -37312000,
    "incomeBeforeTax": 196231000,
    "incomeBeforeTaxRatio": 17.9353806782,
    "incomeTaxExpense": 2906000,
    "netIncome": -52444000,
    "netIncomeRatio": -4.7933461292,
    "eps": -0.27,
    "epsdiluted": -0.27,
    "weightedAverageShsOut": 195604001,
    "weightedAverageShsOutDil": 195703000,
    "link": "https://www.sec.gov/Archives/edgar/data/1053507/000092701603001267/0000927016-03-001267-index.htm",
    "finalLink": "https://www.sec.gov/Archives/edgar/data/1053507/000092701603001267/d10k.htm"
  },
  {
    "date": "2002-09-30",
    "symbol": "AMT",
    "reportedCurrency": "USD",
    "cik": "0001053507",
    "fillingDate": "2002-11-14",
    "acceptedDate": "2002-11-14 17:13:15",
    "calendarYear": "2002",
    "period": "Q3",
    "revenue": 266607000,
    "costOfRevenue": 177258000,
    "grossProfit": 89349000,
    "grossProfitRatio": 0.3351337362,
    "researchAndDevelopmentExpenses": 1185000,
    "generalAndAdministrativeExpenses": 5641000,
    "sellingAndMarketingExpenses": 0,
    "sellingGeneralAndAdministrativeExpenses": 5641000,
    "otherExpenses": 368247000,
    "operatingExpenses": 375073000,
    "costAndExpenses": 552331000,
    "interestIncome": 766000,
    "interestExpense": 3514000,
    "depreciationAndAmortization": 78699000,
    "ebitda": -6743000,
    "ebitdaratio": -0.0252919091,
    "operatingIncome": -285724000,
    "operatingIncomeRatio": -1.0717047939,
    "totalOtherIncomeExpensesNet": -70049000,
    "incomeBeforeTax": -355773000,
    "incomeBeforeTaxRatio": -1.3344473326,
    "incomeTaxExpense": -1836000,
    "netIncome": -353877000,
    "netIncomeRatio": -1.3273357414,
    "eps": -1.81,
    "epsdiluted": -1.81,
    "weightedAverageShsOut": 195565001,
    "weightedAverageShsOutDil": 195565001,
    "link": "https://www.sec.gov/Archives/edgar/data/1053507/000092701602005565/0000927016-02-005565-index.htm",
    "finalLink": "https://www.sec.gov/Archives/edgar/data/1053507/000092701602005565/d10q.htm"
  },
  {
    "date": "2002-06-30",
    "symbol": "AMT",
    "reportedCurrency": "USD",
    "cik": "0001053507",
    "fillingDate": "2002-08-14",
    "acceptedDate": "2002-08-14 17:55:48",
    "calendarYear": "2002",
    "period": "Q2",
    "revenue": 257381000,
    "costOfRevenue": 172784000,
    "grossProfit": 84597000,
    "grossProfitRatio": 0.3286839355,
    "researchAndDevelopmentExpenses": 1030000,
    "generalAndAdministrativeExpenses": 6474000,
    "sellingAndMarketingExpenses": 0,
    "sellingGeneralAndAdministrativeExpenses": 6474000,
    "otherExpenses": 101231000,
    "operatingExpenses": 108735000,
    "costAndExpenses": 281519000,
    "interestIncome": 787000,
    "interestExpense": 3471000,
    "depreciationAndAmortization": 79804000,
    "ebitda": 46314000,
    "ebitdaratio": 0.1799433525,
    "operatingIncome": -24138000,
    "operatingIncomeRatio": -0.0937831464,
    "totalOtherIncomeExpensesNet": -61521000,
    "incomeBeforeTax": -120369000,
    "incomeBeforeTaxRatio": -0.4676685536,
    "incomeTaxExpense": -36111000,
    "netIncome": -101168000,
    "netIncomeRatio": -0.3930670873,
    "eps": -0.52,
    "epsdiluted": -0.52,
    "weightedAverageShsOut": 195361001,
    "weightedAverageShsOutDil": 195361001,
    "link": "https://www.sec.gov/Archives/edgar/data/1053507/000092701602004144/0000927016-02-004144-index.htm",
    "finalLink": "https://www.sec.gov/Archives/edgar/data/1053507/000092701602004144/d10q.htm"
  },
  {
    "date": "2002-03-31",
    "symbol": "AMT",
    "reportedCurrency": "USD",
    "cik": "0001053507",
    "fillingDate": "2002-05-15",
    "acceptedDate": "2002-05-15 16:26:56",
    "calendarYear": "2002",
    "period": "Q1",
    "revenue": 270347000,
    "costOfRevenue": 192183000,
    "grossProfit": 78164000,
    "grossProfitRatio": 0.2891247175,
    "researchAndDevelopmentExpenses": 2449000,
    "generalAndAdministrativeExpenses": 6829000,
    "sellingAndMarketingExpenses": 0,
    "sellingGeneralAndAdministrativeExpenses": 6829000,
    "otherExpenses": 89430000,
    "operatingExpenses": 98708000,
    "costAndExpenses": 290891000,
    "interestIncome": 0,
    "interestExpense": 0,
    "depreciationAndAmortization": 75083000,
    "ebitda": 69525000,
    "ebitdaratio": 0.2571694896,
    "operatingIncome": -20544000,
    "operatingIncomeRatio": -0.0759912261,
    "totalOtherIncomeExpensesNet": -57799000,
    "incomeBeforeTax": -100721000,
    "incomeBeforeTaxRatio": -0.3725619297,
    "incomeTaxExpense": -30015000,
    "netIncome": -71771000,
    "netIncomeRatio": -0.265477331,
    "eps": -0.37,
    "epsdiluted": -0.37,
    "weightedAverageShsOut": 195288001,
    "weightedAverageShsOutDil": 195288001,
    "link": "https://www.sec.gov/Archives/edgar/data/1053507/000092701602002916/0000927016-02-002916-index.htm",
    "finalLink": "https://www.sec.gov/Archives/edgar/data/1053507/000092701602002916/d10q.txt"
  },
  {
    "date": "2001-12-31",
    "symbol": "AMT",
    "reportedCurrency": "USD",
    "cik": "0001053507",
    "fillingDate": "2002-04-01",
    "acceptedDate": "2002-04-01 00:00:00",
    "calendarYear": "2001",
    "period": "Q4",
    "revenue": 312559000,
    "costOfRevenue": 232643000,
    "grossProfit": 79916000,
    "grossProfitRatio": 0.2556829271,
    "researchAndDevelopmentExpenses": 1592000,
    "generalAndAdministrativeExpenses": 7591000,
    "sellingAndMarketingExpenses": 0,
    "sellingGeneralAndAdministrativeExpenses": 7591000,
    "otherExpenses": 122518000,
    "operatingExpenses": 131701000,
    "costAndExpenses": 364344000,
    "interestIncome": 0,
    "interestExpense": 0,
    "depreciationAndAmortization": 122518000,
    "ebitda": 70733000,
    "ebitdaratio": 0.226302874,
    "operatingIncome": -51785000,
    "operatingIncomeRatio": -0.1656807195,
    "totalOtherIncomeExpensesNet": -141893000,
    "incomeBeforeTax": -193678000,
    "incomeBeforeTaxRatio": -0.6196526096,
    "incomeTaxExpense": -43969000,
    "netIncome": -149709000,
    "netIncomeRatio": -0.4789783689,
    "eps": -0.77,
    "epsdiluted": -0.77,
    "weightedAverageShsOut": 195204001,
    "weightedAverageShsOutDil": 195288000,
    "link": "https://www.sec.gov/Archives/edgar/data/1053507/000092701602001828/0000927016-02-001828-index.htm",
    "finalLink": "https://www.sec.gov/Archives/edgar/data/1053507/000092701602001828/d10k.txt"
  },
  {
    "date": "2001-09-30",
    "symbol": "AMT",
    "reportedCurrency": "USD",
    "cik": "0001053507",
    "fillingDate": "2001-11-14",
    "acceptedDate": "2001-11-14 00:00:00",
    "calendarYear": "2001",
    "period": "Q3",
    "revenue": 296196000,
    "costOfRevenue": 219567000,
    "grossProfit": 76629000,
    "grossProfitRatio": 0.2587104485,
    "researchAndDevelopmentExpenses": 1736000,
    "generalAndAdministrativeExpenses": 7353000,
    "sellingAndMarketingExpenses": 0,
    "sellingGeneralAndAdministrativeExpenses": 7353000,
    "otherExpenses": 118898000,
    "operatingExpenses": 127987000,
    "costAndExpenses": 347554000,
    "interestIncome": 0,
    "interestExpense": 0,
    "depreciationAndAmortization": 113880000,
    "ebitda": 64137000,
    "ebitdaratio": 0.2165356723,
    "operatingIncome": -51358000,
    "operatingIncomeRatio": -0.1733919432,
    "totalOtherIncomeExpensesNet": -96700000,
    "incomeBeforeTax": -148031000,
    "incomeBeforeTaxRatio": -0.4997737984,
    "incomeTaxExpense": -23093000,
    "netIncome": -124938000,
    "netIncomeRatio": -0.4218085322,
    "eps": -0.65,
    "epsdiluted": -0.65,
    "weightedAverageShsOut": 193135001,
    "weightedAverageShsOutDil": 193135001,
    "link": "https://www.sec.gov/Archives/edgar/data/1053507/000092701601503809/0000927016-01-503809-index.htm",
    "finalLink": "https://www.sec.gov/Archives/edgar/data/1053507/000092701601503809/d10q.txt"
  },
  {
    "date": "2001-06-30",
    "symbol": "AMT",
    "reportedCurrency": "USD",
    "cik": "0001053507",
    "fillingDate": "2001-08-14",
    "acceptedDate": "2001-08-14 00:00:00",
    "calendarYear": "2001",
    "period": "Q2",
    "revenue": 262968000,
    "costOfRevenue": 197431000,
    "grossProfit": 65537000,
    "grossProfitRatio": 0.2492204375,
    "researchAndDevelopmentExpenses": 2557000,
    "generalAndAdministrativeExpenses": 6407000,
    "sellingAndMarketingExpenses": 0,
    "sellingGeneralAndAdministrativeExpenses": 6407000,
    "otherExpenses": 103956000,
    "operatingExpenses": 112920000,
    "costAndExpenses": 310351000,
    "interestIncome": 0,
    "interestExpense": 0,
    "depreciationAndAmortization": 99797000,
    "ebitda": 55151000,
    "ebitdaratio": 0.2097251377,
    "operatingIncome": -47383000,
    "operatingIncomeRatio": -0.1801854218,
    "totalOtherIncomeExpensesNet": -84034000,
    "incomeBeforeTax": -131576000,
    "incomeBeforeTaxRatio": -0.5003498525,
    "incomeTaxExpense": -27636000,
    "netIncome": -103940000,
    "netIncomeRatio": -0.3952572176,
    "eps": -0.54,
    "epsdiluted": -0.54,
    "weightedAverageShsOut": 190755001,
    "weightedAverageShsOutDil": 190755001,
    "link": "https://www.sec.gov/Archives/edgar/data/1053507/000092701601502472/0000927016-01-502472-index.htm",
    "finalLink": "https://www.sec.gov/Archives/edgar/data/1053507/000092701601502472/d10q.txt"
  },
  {
    "date": "2001-03-31",
    "symbol": "AMT",
    "reportedCurrency": "USD",
    "cik": "0001053507",
    "fillingDate": "2001-05-15",
    "acceptedDate": "2001-05-15 00:00:00",
    "calendarYear": "2001",
    "period": "Q1",
    "revenue": 262468000,
    "costOfRevenue": 198401000,
    "grossProfit": 64067000,
    "grossProfitRatio": 0.2440945182,
    "researchAndDevelopmentExpenses": 2745000,
    "generalAndAdministrativeExpenses": 5127000,
    "sellingAndMarketingExpenses": 0,
    "sellingGeneralAndAdministrativeExpenses": 5127000,
    "otherExpenses": 94999000,
    "operatingExpenses": 102871000,
    "costAndExpenses": 301272000,
    "interestIncome": 0,
    "interestExpense": 0,
    "depreciationAndAmortization": 94999000,
    "ebitda": 56195000,
    "ebitdaratio": 0.2141022906,
    "operatingIncome": -38804000,
    "operatingIncomeRatio": -0.1478427846,
    "totalOtherIncomeExpensesNet": -54792000,
    "incomeBeforeTax": -93596000,
    "incomeBeforeTaxRatio": -0.3565996617,
    "incomeTaxExpense": -22089000,
    "netIncome": -71507000,
    "netIncomeRatio": -0.2724408309,
    "eps": -0.38,
    "epsdiluted": -0.38,
    "weightedAverageShsOut": 187179001,
    "weightedAverageShsOutDil": 187179001,
    "link": "https://www.sec.gov/Archives/edgar/data/1053507/000092701601501079/0000927016-01-501079-index.htm",
    "finalLink": "https://www.sec.gov/Archives/edgar/data/1053507/000092701601501079/d10q.txt"
  },
  {
    "date": "2000-12-31",
    "symbol": "AMT",
    "reportedCurrency": "USD",
    "cik": "0001053507",
    "fillingDate": "2001-04-02",
    "acceptedDate": "2001-04-02 00:00:00",
    "calendarYear": "2000",
    "period": "Q4",
    "revenue": 243753000,
    "costOfRevenue": 179571000,
    "grossProfit": 64182000,
    "grossProfitRatio": 0.2633075285,
    "researchAndDevelopmentExpenses": 4022000,
    "generalAndAdministrativeExpenses": 5001000,
    "sellingAndMarketingExpenses": 0,
    "sellingGeneralAndAdministrativeExpenses": 5001000,
    "otherExpenses": 85096000,
    "operatingExpenses": 94119000,
    "costAndExpenses": 273690000,
    "interestIncome": 0,
    "interestExpense": 0,
    "depreciationAndAmortization": 85096000,
    "ebitda": 55159000,
    "ebitdaratio": 0.2262905482,
    "operatingIncome": -29937000,
    "operatingIncomeRatio": -0.1228169499,
    "totalOtherIncomeExpensesNet": -41154000,
    "incomeBeforeTax": -71091000,
    "incomeBeforeTaxRatio": -0.2916517951,
    "incomeTaxExpense": -16620000,
    "netIncome": -54471000,
    "netIncomeRatio": -0.2234680189,
    "eps": -0.3,
    "epsdiluted": -0.29,
    "weightedAverageShsOut": 179128001,
    "weightedAverageShsOutDil": 187179000,
    "link": "https://www.sec.gov/Archives/edgar/data/1053507/000092701601001627/0000927016-01-001627-index.htm",
    "finalLink": "https://www.sec.gov/Archives/edgar/data/1053507/000092701601001627/0000927016-01-001627-0001.txt"
  },
  {
    "date": "2000-09-30",
    "symbol": "AMT",
    "reportedCurrency": "USD",
    "cik": "0001053507",
    "fillingDate": "2000-11-13",
    "acceptedDate": "2000-11-13 00:00:00",
    "calendarYear": "2000",
    "period": "Q3",
    "revenue": 208958000,
    "costOfRevenue": 145136000,
    "grossProfit": 63822000,
    "grossProfitRatio": 0.3054297993,
    "researchAndDevelopmentExpenses": 5311000,
    "generalAndAdministrativeExpenses": 3442000,
    "sellingAndMarketingExpenses": 0,
    "sellingGeneralAndAdministrativeExpenses": 3442000,
    "otherExpenses": 75973000,
    "operatingExpenses": 84726000,
    "costAndExpenses": 229862000,
    "interestIncome": 0,
    "interestExpense": 0,
    "depreciationAndAmortization": 75973000,
    "ebitda": 55069000,
    "ebitdaratio": 0.2635409987,
    "operatingIncome": -20904000,
    "operatingIncomeRatio": -0.1000392423,
    "totalOtherIncomeExpensesNet": -31445000,
    "incomeBeforeTax": -53349000,
    "incomeBeforeTaxRatio": -0.2553096795,
    "incomeTaxExpense": -12822000,
    "netIncome": -39527000,
    "netIncomeRatio": -0.1891624154,
    "eps": -0.22,
    "epsdiluted": -0.22,
    "weightedAverageShsOut": 178056001,
    "weightedAverageShsOutDil": 178056001,
    "link": "https://www.sec.gov/Archives/edgar/data/1053507/000092701600003903/0000927016-00-003903-index.htm",
    "finalLink": "https://www.sec.gov/Archives/edgar/data/1053507/000092701600003903/0000927016-00-003903-0001.txt"
  },
  {
    "date": "2000-06-30",
    "symbol": "AMT",
    "reportedCurrency": "USD",
    "cik": "0001053507",
    "fillingDate": "2000-08-14",
    "acceptedDate": "2000-08-14 00:00:00",
    "calendarYear": "2000",
    "period": "Q2",
    "revenue": 167047000,
    "costOfRevenue": 119659000,
    "grossProfit": 47388000,
    "grossProfitRatio": 0.2836806408,
    "researchAndDevelopmentExpenses": 4196000,
    "generalAndAdministrativeExpenses": 3084000,
    "sellingAndMarketingExpenses": 0,
    "sellingGeneralAndAdministrativeExpenses": 3084000,
    "otherExpenses": 67093000,
    "operatingExpenses": 74373000,
    "costAndExpenses": 194032000,
    "interestIncome": 0,
    "interestExpense": 0,
    "depreciationAndAmortization": 67093000,
    "ebitda": 40108000,
    "ebitdaratio": 0.2401000916,
    "operatingIncome": -26985000,
    "operatingIncomeRatio": -0.1615413626,
    "totalOtherIncomeExpensesNet": -48421000,
    "incomeBeforeTax": -75406000,
    "incomeBeforeTaxRatio": -0.4514058918,
    "incomeTaxExpense": -16774000,
    "netIncome": -58632000,
    "netIncomeRatio": -0.3509910385,
    "eps": -0.36,
    "epsdiluted": -0.36,
    "weightedAverageShsOut": 161021001,
    "weightedAverageShsOutDil": 161021001,
    "link": "https://www.sec.gov/Archives/edgar/data/1053507/000092701600003012/0000927016-00-003012-index.htm",
    "finalLink": "https://www.sec.gov/Archives/edgar/data/1053507/000092701600003012/0000927016-00-003012-0001.txt"
  },
  {
    "date": "2000-03-31",
    "symbol": "AMT",
    "reportedCurrency": "USD",
    "cik": "0001053507",
    "fillingDate": "2000-05-15",
    "acceptedDate": "2000-05-15 00:00:00",
    "calendarYear": "2000",
    "period": "Q1",
    "revenue": 115517000,
    "costOfRevenue": 79708000,
    "grossProfit": 35809000,
    "grossProfitRatio": 0.3099890059,
    "researchAndDevelopmentExpenses": 988000,
    "generalAndAdministrativeExpenses": 3431000,
    "sellingAndMarketingExpenses": 0,
    "sellingGeneralAndAdministrativeExpenses": 3431000,
    "otherExpenses": 55198000,
    "operatingExpenses": 59617000,
    "costAndExpenses": 139325000,
    "interestIncome": 0,
    "interestExpense": 0,
    "depreciationAndAmortization": 55198000,
    "ebitda": 31390000,
    "ebitdaratio": 0.2717348962,
    "operatingIncome": -23808000,
    "operatingIncomeRatio": -0.2060995351,
    "totalOtherIncomeExpensesNet": -27292000,
    "incomeBeforeTax": -51100000,
    "incomeBeforeTaxRatio": -0.4423591333,
    "incomeTaxExpense": -13440000,
    "netIncome": -41998000,
    "netIncomeRatio": -0.3635655358,
    "eps": -0.27,
    "epsdiluted": -0.27,
    "weightedAverageShsOut": 156515001,
    "weightedAverageShsOutDil": 156515001,
    "link": "https://www.sec.gov/Archives/edgar/data/1053507/000092701600001893/0000927016-00-001893-index.html",
    "finalLink": "https://www.sec.gov/Archives/edgar/data/1053507/000092701600001893/"
  },
  {
    "date": "1999-12-31",
    "symbol": "AMT",
    "reportedCurrency": "USD",
    "cik": "0001053507",
    "fillingDate": "2000-03-29",
    "acceptedDate": "2000-03-29 00:00:00",
    "calendarYear": "1999",
    "period": "Q4",
    "revenue": 88981000,
    "costOfRevenue": 56332000,
    "grossProfit": 32649000,
    "grossProfitRatio": 0.3669210281,
    "researchAndDevelopmentExpenses": 0,
    "generalAndAdministrativeExpenses": 2741000,
    "sellingAndMarketingExpenses": 0,
    "sellingGeneralAndAdministrativeExpenses": 2741000,
    "otherExpenses": 41227000,
    "operatingExpenses": 43968000,
    "costAndExpenses": 100300000,
    "interestIncome": 0,
    "interestExpense": 0,
    "depreciationAndAmortization": 39620000,
    "ebitda": 28301000,
    "ebitdaratio": 0.3180566638,
    "operatingIncome": -11319000,
    "operatingIncomeRatio": -0.1272069318,
    "totalOtherIncomeExpensesNet": -4406000,
    "incomeBeforeTax": -15725000,
    "incomeBeforeTaxRatio": -0.1767231207,
    "incomeTaxExpense": 1156000,
    "netIncome": -18253000,
    "netIncomeRatio": -0.2051336802,
    "eps": -0.12,
    "epsdiluted": -0.12,
    "weightedAverageShsOut": 156232001,
    "weightedAverageShsOutDil": 156515000,
    "link": "https://www.sec.gov/Archives/edgar/data/1053507/000092701600001049/0000927016-00-001049-index.html",
    "finalLink": "https://www.sec.gov/Archives/edgar/data/1053507/000092701600001049/"
  },
  {
    "date": "1999-09-30",
    "symbol": "AMT",
    "reportedCurrency": "USD",
    "cik": "0001053507",
    "fillingDate": "1999-11-15",
    "acceptedDate": "1999-11-15 00:00:00",
    "calendarYear": "1999",
    "period": "Q3",
    "revenue": 67539000,
    "costOfRevenue": 40505000,
    "grossProfit": 27034000,
    "grossProfitRatio": 0.4002724352,
    "researchAndDevelopmentExpenses": 0,
    "generalAndAdministrativeExpenses": 2255000,
    "sellingAndMarketingExpenses": 0,
    "sellingGeneralAndAdministrativeExpenses": 2255000,
    "otherExpenses": 35111000,
    "operatingExpenses": 37366000,
    "costAndExpenses": 77871000,
    "interestIncome": 0,
    "interestExpense": 0,
    "depreciationAndAmortization": 35111000,
    "ebitda": 24779000,
    "ebitdaratio": 0.3668843187,
    "operatingIncome": -10332000,
    "operatingIncomeRatio": -0.1529782792,
    "totalOtherIncomeExpensesNet": -2954000,
    "incomeBeforeTax": -13286000,
    "incomeBeforeTaxRatio": -0.1967159715,
    "incomeTaxExpense": -195000,
    "netIncome": -13091000,
    "netIncomeRatio": -0.1938287508,
    "eps": -0.0841,
    "epsdiluted": -0.0841,
    "weightedAverageShsOut": 155625001,
    "weightedAverageShsOutDil": 155625001,
    "link": "https://www.sec.gov/Archives/edgar/data/1053507/000092701699003758/0000927016-99-003758-index.html",
    "finalLink": "https://www.sec.gov/Archives/edgar/data/1053507/000092701699003758/"
  },
  {
    "date": "1999-06-30",
    "symbol": "AMT",
    "reportedCurrency": "USD",
    "cik": "0001053507",
    "fillingDate": "1999-08-16",
    "acceptedDate": "1999-08-16 00:00:00",
    "calendarYear": "1999",
    "period": "Q2",
    "revenue": 59153000,
    "costOfRevenue": 33850000,
    "grossProfit": 25303000,
    "grossProfitRatio": 0.4277551434,
    "researchAndDevelopmentExpenses": 0,
    "generalAndAdministrativeExpenses": 2300000,
    "sellingAndMarketingExpenses": 0,
    "sellingGeneralAndAdministrativeExpenses": 2300000,
    "otherExpenses": 33139000,
    "operatingExpenses": 35439000,
    "costAndExpenses": 69289000,
    "interestIncome": 0,
    "interestExpense": 0,
    "depreciationAndAmortization": 33139000,
    "ebitda": 23003000,
    "ebitdaratio": 0.3888729228,
    "operatingIncome": -10136000,
    "operatingIncomeRatio": -0.171352256,
    "totalOtherIncomeExpensesNet": 332000,
    "incomeBeforeTax": -9804000,
    "incomeBeforeTaxRatio": -0.165739692,
    "incomeTaxExpense": 79000,
    "netIncome": -9883000,
    "netIncomeRatio": -0.1670752117,
    "eps": -0.0635,
    "epsdiluted": -0.0635,
    "weightedAverageShsOut": 155604001,
    "weightedAverageShsOutDil": 155604001,
    "link": "https://www.sec.gov/Archives/edgar/data/1053507/000092701699003014/0000927016-99-003014-index.html",
    "finalLink": "https://www.sec.gov/Archives/edgar/data/1053507/000092701699003014/"
  },
  {
    "date": "1999-03-31",
    "symbol": "AMT",
    "reportedCurrency": "USD",
    "cik": "0001053507",
    "fillingDate": "1999-05-17",
    "acceptedDate": "1999-05-17 00:00:00",
    "calendarYear": "1999",
    "period": "Q1",
    "revenue": 42408000,
    "costOfRevenue": 25170000,
    "grossProfit": 17238000,
    "grossProfitRatio": 0.4064799095,
    "researchAndDevelopmentExpenses": 0,
    "generalAndAdministrativeExpenses": 1840000,
    "sellingAndMarketingExpenses": 0,
    "sellingGeneralAndAdministrativeExpenses": 1840000,
    "otherExpenses": 24669000,
    "operatingExpenses": 26509000,
    "costAndExpenses": 51679000,
    "interestIncome": 0,
    "interestExpense": 0,
    "depreciationAndAmortization": 24669000,
    "ebitda": 15398000,
    "ebitdaratio": 0.3630918695,
    "operatingIncome": -9271000,
    "operatingIncomeRatio": -0.2186144124,
    "totalOtherIncomeExpensesNet": -1055000,
    "incomeBeforeTax": -10326000,
    "incomeBeforeTaxRatio": -0.243491794,
    "incomeTaxExpense": -826000,
    "netIncome": -9500000,
    "netIncomeRatio": -0.2240143369,
    "eps": -0.0724,
    "epsdiluted": -0.0724,
    "weightedAverageShsOut": 131269001,
    "weightedAverageShsOutDil": 131269001,
    "link": "https://www.sec.gov/Archives/edgar/data/1053507/000092701699002038/0000927016-99-002038-index.html",
    "finalLink": "https://www.sec.gov/Archives/edgar/data/1053507/"
  },
  {
    "date": "1998-12-31",
    "symbol": "AMT",
    "reportedCurrency": "USD",
    "cik": "0001053507",
    "fillingDate": "1999-03-19",
    "acceptedDate": "1999-03-19 00:00:00",
    "calendarYear": "1998",
    "period": "Q4",
    "revenue": 32059000,
    "costOfRevenue": 19225000,
    "grossProfit": 12834000,
    "grossProfitRatio": 0.4003244019,
    "researchAndDevelopmentExpenses": 0,
    "generalAndAdministrativeExpenses": 2069000,
    "sellingAndMarketingExpenses": 0,
    "sellingGeneralAndAdministrativeExpenses": 2069000,
    "otherExpenses": 19066000,
    "operatingExpenses": 21135000,
    "costAndExpenses": 40360000,
    "interestIncome": 0,
    "interestExpense": 0,
    "depreciationAndAmortization": 19066000,
    "ebitda": 10765000,
    "ebitdaratio": 0.3357871425,
    "operatingIncome": -8301000,
    "operatingIncomeRatio": -0.2589288499,
    "totalOtherIncomeExpensesNet": -3304000,
    "incomeBeforeTax": -11605000,
    "incomeBeforeTaxRatio": -0.3619888331,
    "incomeTaxExpense": 443000,
    "netIncome": -12048000,
    "netIncomeRatio": -0.3758071056,
    "eps": -0.0918,
    "epsdiluted": -0.0918,
    "weightedAverageShsOut": 131269000,
    "weightedAverageShsOutDil": 131269000,
    "link": "https://www.sec.gov/Archives/edgar/data/1053507/000092701699001025/0000927016-99-001025-index.html",
    "finalLink": "https://www.sec.gov/Archives/edgar/data/1053507/"
  },
  {
    "date": "1998-09-30",
    "symbol": "AMT",
    "reportedCurrency": "USD",
    "cik": "0001053507",
    "fillingDate": "1998-11-16",
    "acceptedDate": "1998-11-16 00:00:00",
    "calendarYear": "1998",
    "period": "Q3",
    "revenue": 30478000,
    "costOfRevenue": 16692000,
    "grossProfit": 13786000,
    "grossProfitRatio": 0.4523262681,
    "researchAndDevelopmentExpenses": 0,
    "generalAndAdministrativeExpenses": 1720000,
    "sellingAndMarketingExpenses": 0,
    "sellingGeneralAndAdministrativeExpenses": 1720000,
    "otherExpenses": 17243000,
    "operatingExpenses": 18963000,
    "costAndExpenses": 35655000,
    "interestIncome": 0,
    "interestExpense": 0,
    "depreciationAndAmortization": 17243000,
    "ebitda": 12066000,
    "ebitdaratio": 0.3958921189,
    "operatingIncome": -5177000,
    "operatingIncomeRatio": -0.169860227,
    "totalOtherIncomeExpensesNet": -2736000,
    "incomeBeforeTax": -7913000,
    "incomeBeforeTaxRatio": -0.259629897,
    "incomeTaxExpense": -1955000,
    "netIncome": -13468000,
    "netIncomeRatio": -0.4418925126,
    "eps": -0.13,
    "epsdiluted": -0.13,
    "weightedAverageShsOut": 104621000,
    "weightedAverageShsOutDil": 104621000,
    "link": "https://www.sec.gov/Archives/edgar/data/1053507/000092701698004063/0000927016-98-004063-index.html",
    "finalLink": "https://www.sec.gov/Archives/edgar/data/1053507/"
  },
  {
    "date": "1998-06-30",
    "symbol": "AMT",
    "reportedCurrency": "USD",
    "cik": "0001053507",
    "fillingDate": "1998-08-14",
    "acceptedDate": "1998-08-14 00:00:00",
    "calendarYear": "1998",
    "period": "Q2",
    "revenue": 23082000,
    "costOfRevenue": 14338000,
    "grossProfit": 8744000,
    "grossProfitRatio": 0.3788233255,
    "researchAndDevelopmentExpenses": 0,
    "generalAndAdministrativeExpenses": 13541000,
    "sellingAndMarketingExpenses": 0,
    "sellingGeneralAndAdministrativeExpenses": 13541000,
    "otherExpenses": 9953000,
    "operatingExpenses": 23494000,
    "costAndExpenses": 37832000,
    "interestIncome": 0,
    "interestExpense": 0,
    "depreciationAndAmortization": 9953000,
    "ebitda": -4797000,
    "ebitdaratio": -0.2078242787,
    "operatingIncome": -14750000,
    "operatingIncomeRatio": -0.6390260809,
    "totalOtherIncomeExpensesNet": -6616000,
    "incomeBeforeTax": -21366000,
    "incomeBeforeTaxRatio": -0.9256563556,
    "incomeTaxExpense": -2949000,
    "netIncome": -19799000,
    "netIncomeRatio": -0.8577679577,
    "eps": -0.0723,
    "epsdiluted": -0.0719,
    "weightedAverageShsOut": 273783502,
    "weightedAverageShsOutDil": 275322502,
    "link": "https://www.sec.gov/Archives/edgar/data/1053507/000092701698003131/0000927016-98-003131-index.html",
    "finalLink": "https://www.sec.gov/Archives/edgar/data/1053507/"
  },
  {
    "date": "1998-03-31",
    "symbol": "AMT",
    "reportedCurrency": "USD",
    "cik": "0001053507",
    "fillingDate": "1998-05-15",
    "acceptedDate": "1998-05-15 00:00:00",
    "calendarYear": "1998",
    "period": "Q1",
    "revenue": 17925188,
    "costOfRevenue": 11494495,
    "grossProfit": 6430693,
    "grossProfitRatio": 0.3587517743,
    "researchAndDevelopmentExpenses": 0,
    "generalAndAdministrativeExpenses": 541220,
    "sellingAndMarketingExpenses": 0,
    "sellingGeneralAndAdministrativeExpenses": 541220,
    "otherExpenses": 5802052,
    "operatingExpenses": 6343272,
    "costAndExpenses": 17837767,
    "interestIncome": 0,
    "interestExpense": 0,
    "depreciationAndAmortization": 5802000,
    "ebitda": 5889000,
    "ebitdaratio": 0.3285321192,
    "operatingIncome": 87421,
    "operatingIncomeRatio": 0.0048769921,
    "totalOtherIncomeExpensesNet": -1644635,
    "incomeBeforeTax": -1557214,
    "incomeBeforeTaxRatio": -0.0868729522,
    "incomeTaxExpense": -30224,
    "netIncome": -1526990,
    "netIncomeRatio": -0.0851868332,
    "eps": -0.0056,
    "epsdiluted": -0.0055,
    "weightedAverageShsOut": 273783502,
    "weightedAverageShsOutDil": 275322502,
    "link": "https://www.sec.gov/Archives/edgar/data/1053507/000092701698002125/0000927016-98-002125-index.html",
    "finalLink": "https://www.sec.gov/Archives/edgar/data/1053507/"
  },
  {
    "date": "1997-12-31",
    "symbol": "AMT",
    "reportedCurrency": "USD",
    "cik": "0001053507",
    "fillingDate": "1998-04-09",
    "acceptedDate": "1998-04-09 00:00:00",
    "calendarYear": "1997",
    "period": "Q4",
    "revenue": 9608467,
    "costOfRevenue": 0,
    "grossProfit": 9608467,
    "grossProfitRatio": 1,
    "researchAndDevelopmentExpenses": 0,
    "generalAndAdministrativeExpenses": 0,
    "sellingAndMarketingExpenses": 0,
    "sellingGeneralAndAdministrativeExpenses": 0,
    "otherExpenses": -16575758,
    "operatingExpenses": -16575758,
    "costAndExpenses": -16575758,
    "interestIncome": 0,
    "interestExpense": 0,
    "depreciationAndAmortization": 0,
    "ebitda": -6967291,
    "ebitdaratio": -0.7251199385,
    "operatingIncome": -6967291,
    "operatingIncomeRatio": -0.7251199385,
    "totalOtherIncomeExpensesNet": 6967291,
    "incomeBeforeTax": 0,
    "incomeBeforeTaxRatio": 0,
    "incomeTaxExpense": 1569957,
    "netIncome": -1569957,
    "netIncomeRatio": -0.1633930782,
    "eps": -0.0057,
    "epsdiluted": -0.0057,
    "weightedAverageShsOut": 273783502,
    "weightedAverageShsOutDil": 275322502,
    "link": "https://www.sec.gov/Archives/edgar/data/1053507/000092701698001444/0000927016-98-001444-index.html",
    "finalLink": "https://www.sec.gov/Archives/edgar/data/1053507/"
  },
  {
    "date": "1997-09-30",
    "symbol": "AMT",
    "reportedCurrency": "USD",
    "cik": "0001053507",
    "fillingDate": "1997-09-30",
    "acceptedDate": "1997-09-29 20:00:00",
    "calendarYear": "1997",
    "period": "Q3",
    "revenue": 4500000,
    "costOfRevenue": 0,
    "grossProfit": 4500000,
    "grossProfitRatio": 1,
    "researchAndDevelopmentExpenses": 0,
    "generalAndAdministrativeExpenses": 0,
    "sellingAndMarketingExpenses": 0,
    "sellingGeneralAndAdministrativeExpenses": 0,
    "otherExpenses": 0,
    "operatingExpenses": 0,
    "costAndExpenses": 0,
    "interestIncome": 0,
    "interestExpense": 0,
    "depreciationAndAmortization": 0,
    "ebitda": 4500000,
    "ebitdaratio": 1,
    "operatingIncome": 4500000,
    "operatingIncomeRatio": 1,
    "totalOtherIncomeExpensesNet": -4500000,
    "incomeBeforeTax": 0,
    "incomeBeforeTaxRatio": 0,
    "incomeTaxExpense": 500000,
    "netIncome": -500000,
    "netIncomeRatio": -0.1111111111,
    "eps": -0.0018,
    "epsdiluted": -0.0018,
    "weightedAverageShsOut": 273783502,
    "weightedAverageShsOutDil": 275322502,
    "link": "",
    "finalLink": ""
  },
  {
    "date": "1997-06-30",
    "symbol": "AMT",
    "reportedCurrency": "USD",
    "cik": "0001053507",
    "fillingDate": "1997-06-30",
    "acceptedDate": "1997-06-29 20:00:00",
    "calendarYear": "1997",
    "period": "Q2",
    "revenue": 2000000,
    "costOfRevenue": 0,
    "grossProfit": 2000000,
    "grossProfitRatio": 1,
    "researchAndDevelopmentExpenses": 0,
    "generalAndAdministrativeExpenses": 0,
    "sellingAndMarketingExpenses": 0,
    "sellingGeneralAndAdministrativeExpenses": 0,
    "otherExpenses": 0,
    "operatingExpenses": 0,
    "costAndExpenses": 0,
    "interestIncome": 0,
    "interestExpense": 0,
    "depreciationAndAmortization": 0,
    "ebitda": 2000000,
    "ebitdaratio": 1,
    "operatingIncome": 2000000,
    "operatingIncomeRatio": 1,
    "totalOtherIncomeExpensesNet": -2000000,
    "incomeBeforeTax": 0,
    "incomeBeforeTaxRatio": 0,
    "incomeTaxExpense": 100000,
    "netIncome": -100000,
    "netIncomeRatio": -0.05,
    "eps": -0.0002,
    "epsdiluted": -0.0002,
    "weightedAverageShsOut": 442946003,
    "weightedAverageShsOutDil": 446024003,
    "link": "",
    "finalLink": ""
  },
  {
    "date": "1997-03-31",
    "symbol": "AMT",
    "reportedCurrency": "USD",
    "cik": "0001053507",
    "fillingDate": "1997-03-31",
    "acceptedDate": "1997-03-30 19:00:00",
    "calendarYear": "1997",
    "period": "Q1",
    "revenue": 1400000,
    "costOfRevenue": 0,
    "grossProfit": 1400000,
    "grossProfitRatio": 1,
    "researchAndDevelopmentExpenses": 0,
    "generalAndAdministrativeExpenses": 0,
    "sellingAndMarketingExpenses": 0,
    "sellingGeneralAndAdministrativeExpenses": 0,
    "otherExpenses": 0,
    "operatingExpenses": 0,
    "costAndExpenses": 0,
    "interestIncome": 0,
    "interestExpense": 0,
    "depreciationAndAmortization": 0,
    "ebitda": 1400000,
    "ebitdaratio": 1,
    "operatingIncome": 1400000,
    "operatingIncomeRatio": 1,
    "totalOtherIncomeExpensesNet": -1400000,
    "incomeBeforeTax": 0,
    "incomeBeforeTaxRatio": 0,
    "incomeTaxExpense": 100000,
    "netIncome": -100000,
    "netIncomeRatio": -0.0714285714,
    "eps": -0.0002,
    "epsdiluted": -0.0002,
    "weightedAverageShsOut": 442946003,
    "weightedAverageShsOutDil": 446024003,
    "link": "",
    "finalLink": ""
  }
]