[
  {
    "date": "2024-12-31",
    "symbol": "AMT",
    "reportedCurrency": "USD",
    "cik": "0001053507",
    "fillingDate": "2025-02-25",
    "acceptedDate": "2025-02-25 16:15:22",
    "calendarYear": "2024",
    "period": "FY",
    "revenue": 10127200000,
    "costOfRevenue": 2574400000,
    "grossProfit": 7552800000,
    "grossProfitRatio": 0.7457935066,
    "researchAndDevelopmentExpenses": 0,
    "generalAndAdministrativeExpenses": 0,
    "sellingAndMarketingExpenses": 0,
    "sellingGeneralAndAdministrativeExpenses": 933400000,
    "otherExpenses": 2102900000,
    "operatingExpenses": 3036300000,
    "costAndExpenses": 5610700000,
    "interestIncome": 135200000,
    "interestExpense": 1404500000,
    "depreciationAndAmortization": 2124800000,
    "ebitda": 7154100000,
    "ebitdaratio": 0.7064242831,
    "operatingIncome": 4516500000,
    "operatingIncomeRatio": 0.4459771704,
    "totalOtherIncomeExpensesNet": -891700000,
    "incomeBeforeTax": 3624800000,
    "incomeBeforeTaxRatio": 0.3579271664,
    "incomeTaxExpense": 366300000,
    "netIncome": 2255000000,
    "netIncomeRatio": 0.2226676673,
    "eps": 4.83,
    "epsdiluted": 4.82,
    "weightedAverageShsOut": 467011000,
    "weightedAverageShsOutDil": 468120000,
    "link": "https://www.sec.gov/Archives/edgar/data/1053507/000105350725000025/0001053507-25-000025-index.htm",
    "finalLink": "https://www.sec.gov/Archives/edgar/data/1053507/000105350725000025/amt-20241231.htm"
  },
  {
    "date": "2023-12-31",
    "symbol": "AMT",
    "reportedCurrency": "USD",
    "cik": "0001053507",
    "fillingDate": "2024-02-27",
    "acceptedDate": "2024-02-27 16:21:21",
    "calendarYear": "2023",
    "period": "FY",
    "revenue": 10012200000,
    "costOfRevenue": 2561500000,
    "grossProfit": 7450700000,
    "grossProfitRatio": 0.7441621222,
    "researchAndDevelopmentExpenses": 0,
    "generalAndAdministrativeExpenses": 0,
    "sellingAndMarketingExpenses": 0,
    "sellingGeneralAndAdministrativeExpenses": 946000000,
    "otherExpenses": 3379200000,
    "operatingExpenses": 4325200000,
    "costAndExpenses": 6886700000,
    "interestIncome": 118600000,
    "interestExpense": 1388200000,
    "depreciationAndAmortization": 3086500000,
    "ebitda": 6004000000,
    "ebitdaratio": 0.5996684045,
    "operatingIncome": 3125500000,
    "operatingIncomeRatio": 0.3121691536,
    "totalOtherIncomeExpensesNet": -1596200000,
    "incomeBeforeTax": 1529300000,
    "incomeBeforeTaxRatio": 0.1527436527,
    "incomeTaxExpense": 90800000,
    "netIncome": 1483300000,
    "netIncomeRatio": 0.1481492579,
    "eps": 3.18,
    "epsdiluted": 3.18,
    "weightedAverageShsOut": 466063000,
    "weightedAverageShsOutDil": 467162000,
    "link": "https://www.sec.gov/Archives/edgar/data/1053507/000105350724000011/0001053507-24-000011-index.htm",
    "finalLink": "https://www.sec.gov/Archives/edgar/data/1053507/000105350724000011/amt-20231231.htm"
  },
  {
    "date": "2022-12-31",
    "symbol": "AMT",
    "reportedCurrency": "USD",
    "cik": "0001053507",
    "fillingDate": "2023-02-23",
    "acceptedDate": "2023-02-23 16:13:08",
    "calendarYear": "2022",
    "period": "FY",
    "revenue": 9645400000,
    "costOfRevenue": 2569200000,
    "grossProfit": 7076200000,
    "grossProfitRatio": 0.733634686,
    "researchAndDevelopmentExpenses": 0,
    "generalAndAdministrativeExpenses": 0,
    "sellingAndMarketingExpenses": 0,
    "sellingGeneralAndAdministrativeExpenses": 902100000,
    "otherExpenses": 3435500000,
    "operatingExpenses": 4337600000,
    "costAndExpenses": 6906800000,
    "interestIncome": 49100000,
    "interestExpense": 1136000000,
    "depreciationAndAmortization": 3355100000,
    "ebitda": 6577100000,
    "ebitdaratio": 0.6818898128,
    "operatingIncome": 2738600000,
    "operatingIncomeRatio": 0.2839280901,
    "totalOtherIncomeExpensesNet": -652600000,
    "incomeBeforeTax": 2086000000,
    "incomeBeforeTaxRatio": 0.216268895,
    "incomeTaxExpense": 112800000,
    "netIncome": 1765800000,
    "netIncomeRatio": 0.1830717233,
    "eps": 3.83,
    "epsdiluted": 3.82,
    "weightedAverageShsOut": 461519000,
    "weightedAverageShsOutDil": 462750000,
    "link": "https://www.sec.gov/Archives/edgar/data/1053507/000105350723000023/0001053507-23-000023-index.htm",
    "finalLink": "https://www.sec.gov/Archives/edgar/data/1053507/000105350723000023/amt-20221231.htm"
  },
  {
    "date": "2021-12-31",
    "symbol": "AMT",
    "reportedCurrency": "USD",
    "cik": "0001053507",
    "fillingDate": "2022-02-25",
    "acceptedDate": "2022-02-24 17:52:05",
    "calendarYear": "2021",
    "period": "FY",
    "revenue": 9356900000,
    "costOfRevenue": 2682000000,
    "grossProfit": 6674900000,
    "grossProfitRatio": 0.7133666065,
    "researchAndDevelopmentExpenses": 0,
    "generalAndAdministrativeExpenses": 811600000,
    "sellingAndMarketingExpenses": 0,
    "sellingGeneralAndAdministrativeExpenses": 811600000,
    "otherExpenses": 2731300000,
    "operatingExpenses": 3542900000,
    "costAndExpenses": 6224900000,
    "interestIncome": 40400000,
    "interestExpense": 870900000,
    "depreciationAndAmortization": 2332600000,
    "ebitda": 6032900000,
    "ebitdaratio": 0.6447541387,
    "operatingIncome": 3132000000,
    "operatingIncomeRatio": 0.3347262448,
    "totalOtherIncomeExpensesNet": -302600000,
    "incomeBeforeTax": 2829400000,
    "incomeBeforeTaxRatio": 0.3023864742,
    "incomeTaxExpense": 261800000,
    "netIncome": 2567700000,
    "netIncomeRatio": 0.2744178093,
    "eps": 5.69,
    "epsdiluted": 5.66,
    "weightedAverageShsOut": 451498000,
    "weightedAverageShsOutDil": 453294000,
    "link": "https://www.sec.gov/Archives/edgar/data/1053507/000105350722000017/0001053507-22-000017-index.htm",
    "finalLink": "https://www.sec.gov/Archives/edgar/data/1053507/000105350722000017/amt-20211231.htm"
  },
  {
    "date": "2020-12-31",
    "symbol": "AMT",
    "reportedCurrency": "USD",
    "cik": "0001053507",
    "fillingDate": "2021-02-25",
    "acceptedDate": "2021-02-25 16:15:20",
    "calendarYear": "2020",
    "period": "FY",
    "revenue": 8041500000,
    "costOfRevenue": 2227200000,
    "grossProfit": 5814300000,
    "grossProfitRatio": 0.7230367469,
    "researchAndDevelopmentExpenses": 0,
    "generalAndAdministrativeExpenses": 781700000,
    "sellingAndMarketingExpenses": -3000000,
    "sellingGeneralAndAdministrativeExpenses": 778700000,
    "otherExpenses": 2148100000,
    "operatingExpenses": 2926800000,
    "costAndExpenses": 5154000000,
    "interestIncome": 39700000,
    "interestExpense": 793500000,
    "depreciationAndAmortization": 1882300000,
    "ebitda": 4496900000,
    "ebitdaratio": 0.5592115899,
    "operatingIncome": 2887500000,
    "operatingIncomeRatio": 0.3590747995,
    "totalOtherIncomeExpensesNet": -1066400000,
    "incomeBeforeTax": 1821100000,
    "incomeBeforeTaxRatio": 0.2264627246,
    "incomeTaxExpense": 129600000,
    "netIncome": 1690600000,
    "netIncomeRatio": 0.210234409,
    "eps": 3.81,
    "epsdiluted": 3.79,
    "weightedAverageShsOut": 443640000,
    "weightedAverageShsOutDil": 446104000,
    "link": "https://www.sec.gov/Archives/edgar/data/1053507/000105350721000026/0001053507-21-000026-index.htm",
    "finalLink": "https://www.sec.gov/Archives/edgar/data/1053507/000105350721000026/amt-20201231.htm"
  },
  {
    "date": "2019-12-31",
    "symbol": "AMT",
    "reportedCurrency": "USD",
    "cik": "0001053507",
    "fillingDate": "2020-02-25",
    "acceptedDate": "2020-02-25 16:10:15",
    "calendarYear": "2019",
    "period": "FY",
    "revenue": 7580300000,
    "costOfRevenue": 2214000000,
    "grossProfit": 5366300000,
    "grossProfitRatio": 0.7079271269,
    "researchAndDevelopmentExpenses": 0,
    "generalAndAdministrativeExpenses": 733200000,
    "sellingAndMarketingExpenses": 0,
    "sellingGeneralAndAdministrativeExpenses": 733200000,
    "otherExpenses": 1944700000,
    "operatingExpenses": 2677900000,
    "costAndExpenses": 4891900000,
    "interestIncome": 46800000,
    "interestExpense": 814200000,
    "depreciationAndAmortization": 1778400000,
    "ebitda": 4509000000,
    "ebitdaratio": 0.5948313391,
    "operatingIncome": 2688400000,
    "operatingIncomeRatio": 0.3546561482,
    "totalOtherIncomeExpensesNet": -772000000,
    "incomeBeforeTax": 1916400000,
    "incomeBeforeTaxRatio": 0.2528132132,
    "incomeTaxExpense": -200000,
    "netIncome": 1887800000,
    "netIncomeRatio": 0.2490402755,
    "eps": 4.27,
    "epsdiluted": 4.24,
    "weightedAverageShsOut": 442319000,
    "weightedAverageShsOutDil": 445520000,
    "link": "https://www.sec.gov/Archives/edgar/data/1053507/000105350720000028/0001053507-20-000028-index.htm",
    "finalLink": "https://www.sec.gov/Archives/edgar/data/1053507/000105350720000028/amt1231201910k.htm"
  },
  {
    "date": "2018-12-31",
    "symbol": "AMT",
    "reportedCurrency": "USD",
    "cik": "0001053507",
    "fillingDate": "2019-02-27",
    "acceptedDate": "2019-02-27 16:46:19",
    "calendarYear": "2018",
    "period": "FY",
    "revenue": 7440100000,
    "costOfRevenue": 2177800000,
    "grossProfit": 5262300000,
    "grossProfitRatio": 0.7072888805,
    "researchAndDevelopmentExpenses": 0,
    "generalAndAdministrativeExpenses": 736500000,
    "sellingAndMarketingExpenses": -3300000,
    "sellingGeneralAndAdministrativeExpenses": 733200000,
    "otherExpenses": 23800000,
    "operatingExpenses": 3357300000,
    "costAndExpenses": 5535100000,
    "interestIncome": 54700000,
    "interestExpense": 825600000,
    "depreciationAndAmortization": 2110800000,
    "ebitda": 4091000000,
    "ebitdaratio": 0.5498582008,
    "operatingIncome": 1905000000,
    "operatingIncomeRatio": 0.2560449456,
    "totalOtherIncomeExpensesNet": -750400000,
    "incomeBeforeTax": 1154600000,
    "incomeBeforeTaxRatio": 0.1551860862,
    "incomeTaxExpense": -110100000,
    "netIncome": 1236400000,
    "netIncomeRatio": 0.1661805621,
    "eps": 2.81,
    "epsdiluted": 2.79,
    "weightedAverageShsOut": 439606003,
    "weightedAverageShsOutDil": 442960003,
    "link": "https://www.sec.gov/Archives/edgar/data/1053507/000105350719000012/0001053507-19-000012-index.htm",
    "finalLink": "https://www.sec.gov/Archives/edgar/data/1053507/000105350719000012/amt1231201810k.htm"
  },
  {
    "date": "2017-12-31",
    "symbol": "AMT",
    "reportedCurrency": "USD",
    "cik": "0001053507",
    "fillingDate": "2018-02-28",
    "acceptedDate": "2018-02-27 17:43:57",
    "calendarYear": "2017",
    "period": "FY",
    "revenue": 6663900000,
    "costOfRevenue": 2053700000,
    "grossProfit": 4610200000,
    "grossProfitRatio": 0.6918171041,
    "researchAndDevelopmentExpenses": 0,
    "generalAndAdministrativeExpenses": 639900000,
    "sellingAndMarketingExpenses": 0,
    "sellingGeneralAndAdministrativeExpenses": 639900000,
    "otherExpenses": 31300000,
    "operatingExpenses": 2611800000,
    "costAndExpenses": 4665500000,
    "interestIncome": 47400000,
    "interestExpense": 750800000,
    "depreciationAndAmortization": 1715900000,
    "ebitda": 3721600000,
    "ebitdaratio": 0.5584717658,
    "operatingIncome": 1998400000,
    "operatingIncomeRatio": 0.299884452,
    "totalOtherIncomeExpensesNet": -742300000,
    "incomeBeforeTax": 1256100000,
    "incomeBeforeTaxRatio": 0.1884932247,
    "incomeTaxExpense": 30700000,
    "netIncome": 1238900000,
    "netIncomeRatio": 0.1859121535,
    "eps": 2.69,
    "epsdiluted": 2.67,
    "weightedAverageShsOut": 428181003,
    "weightedAverageShsOutDil": 431688003,
    "link": "https://www.sec.gov/Archives/edgar/data/1053507/000105350718000006/0001053507-18-000006-index.htm",
    "finalLink": "https://www.sec.gov/Archives/edgar/data/1053507/000105350718000006/amt1231201710k.htm"
  },
  {
    "date": "2016-12-31",
    "symbol": "AMT",
    "reportedCurrency": "USD",
    "cik": "0001053507",
    "fillingDate": "2017-02-27",
    "acceptedDate": "2017-02-27 17:05:07",
    "calendarYear": "2016",
    "period": "FY",
    "revenue": 5785668000,
    "costOfRevenue": 1787951000,
    "grossProfit": 3997717000,
    "grossProfitRatio": 0.6909689599,
    "researchAndDevelopmentExpenses": 0,
    "generalAndAdministrativeExpenses": 545833000,
    "sellingAndMarketingExpenses": 0,
    "sellingGeneralAndAdministrativeExpenses": 545833000,
    "otherExpenses": -47790000,
    "operatingExpenses": 2144688000,
    "costAndExpenses": 3932639000,
    "interestIncome": 37741000,
    "interestExpense": 718288000,
    "depreciationAndAmortization": 1525600000,
    "ebitda": 3369800000,
    "ebitdaratio": 0.5824392274,
    "operatingIncome": 1853029000,
    "operatingIncomeRatio": 0.3202791795,
    "totalOtherIncomeExpensesNet": -727140000,
    "incomeBeforeTax": 1125860000,
    "incomeBeforeTaxRatio": 0.1945946432,
    "incomeTaxExpense": 155501000,
    "netIncome": 956425000,
    "netIncomeRatio": 0.1653093472,
    "eps": 2,
    "epsdiluted": 1.98,
    "weightedAverageShsOut": 425143003,
    "weightedAverageShsOutDil": 429283003,
    "link": "https://www.sec.gov/Archives/edgar/data/1053507/000105350717000009/0001053507-17-000009-index.htm",
    "finalLink": "https://www.sec.gov/Archives/edgar/data/1053507/000105350717000009/amt1231201610k.htm"
  },
  {
    "date": "2015-12-31",
    "symbol": "AMT",
    "reportedCurrency": "USD",
    "cik": "0001053507",
    "fillingDate": "2016-02-26",
    "acceptedDate": "2016-02-26 17:35:55",
    "calendarYear": "2015",
    "period": "FY",
    "revenue": 4771516000,
    "costOfRevenue": 1306815000,
    "grossProfit": 3464701000,
    "grossProfitRatio": 0.7261216351,
    "researchAndDevelopmentExpenses": 0,
    "generalAndAdministrativeExpenses": 499888000,
    "sellingAndMarketingExpenses": 0,
    "sellingGeneralAndAdministrativeExpenses": 499888000,
    "otherExpenses": -134960000,
    "operatingExpenses": 1851912000,
    "costAndExpenses": 3158727000,
    "interestIncome": 16479000,
    "interestExpense": 584740000,
    "depreciationAndAmortization": 1285300000,
    "ebitda": 2712000000,
    "ebitdaratio": 0.568372819,
    "operatingIncome": 1612789000,
    "operatingIncomeRatio": 0.3380034773,
    "totalOtherIncomeExpensesNet": -782827000,
    "incomeBeforeTax": 829962000,
    "incomeBeforeTaxRatio": 0.1739409446,
    "incomeTaxExpense": 157955000,
    "netIncome": 685074000,
    "netIncomeRatio": 0.1435757524,
    "eps": 1.42,
    "epsdiluted": 1.41,
    "weightedAverageShsOut": 418907003,
    "weightedAverageShsOutDil": 423015003,
    "link": "https://www.sec.gov/Archives/edgar/data/1053507/000105350716000018/0001053507-16-000018-index.htm",
    "finalLink": "https://www.sec.gov/Archives/edgar/data/1053507/000105350716000018/amt1231201510k.htm"
  },
  {
    "date": "2014-12-31",
    "symbol": "AMT",
    "reportedCurrency": "USD",
    "cik": "0001053507",
    "fillingDate": "2015-02-24",
    "acceptedDate": "2015-02-24 06:35:58",
    "calendarYear": "2014",
    "period": "FY",
    "revenue": 4100048000,
    "costOfRevenue": 1092428000,
    "grossProfit": 3007620000,
    "grossProfitRatio": 0.7335572657,
    "researchAndDevelopmentExpenses": 0,
    "generalAndAdministrativeExpenses": 448379000,
    "sellingAndMarketingExpenses": 0,
    "sellingGeneralAndAdministrativeExpenses": 448379000,
    "otherExpenses": -62060000,
    "operatingExpenses": 1520698000,
    "costAndExpenses": 2613126000,
    "interestIncome": 14002000,
    "interestExpense": 569687000,
    "depreciationAndAmortization": 1003802000,
    "ebitda": 2451222000,
    "ebitdaratio": 0.5978520251,
    "operatingIncome": 1486922000,
    "operatingIncomeRatio": 0.3626596567,
    "totalOtherIncomeExpensesNet": -621218000,
    "incomeBeforeTax": 865704000,
    "incomeBeforeTaxRatio": 0.2111448451,
    "incomeTaxExpense": 62505000,
    "netIncome": 824910000,
    "netIncomeRatio": 0.2011952055,
    "eps": 2.02,
    "epsdiluted": 2,
    "weightedAverageShsOut": 395958003,
    "weightedAverageShsOutDil": 400086003,
    "link": "https://www.sec.gov/Archives/edgar/data/1053507/000119312515059026/0001193125-15-059026-index.htm",
    "finalLink": "https://www.sec.gov/Archives/edgar/data/1053507/000119312515059026/d846752d10k.htm"
  },
  {
    "date": "2013-12-31",
    "symbol": "AMT",
    "reportedCurrency": "USD",
    "cik": "0001053507",
    "fillingDate": "2014-02-26",
    "acceptedDate": "2014-02-25 21:57:53",
    "calendarYear": "2013",
    "period": "FY",
    "revenue": 3361407000,
    "costOfRevenue": 858329000,
    "grossProfit": 2503078000,
    "grossProfitRatio": 0.7446518675,
    "researchAndDevelopmentExpenses": 0,
    "generalAndAdministrativeExpenses": 417089000,
    "sellingAndMarketingExpenses": 0,
    "sellingGeneralAndAdministrativeExpenses": 417089000,
    "otherExpenses": -207500000,
    "operatingExpenses": 1288773000,
    "costAndExpenses": 2147102000,
    "interestIncome": 9706000,
    "interestExpense": 436061000,
    "depreciationAndAmortization": 800145000,
    "ebitda": 1801673000,
    "ebitdaratio": 0.5359877575,
    "operatingIncome": 1214305000,
    "operatingIncomeRatio": 0.3612490246,
    "totalOtherIncomeExpensesNet": -672556000,
    "incomeBeforeTax": 541749000,
    "incomeBeforeTaxRatio": 0.1611673326,
    "incomeTaxExpense": 59541000,
    "netIncome": 551333000,
    "netIncomeRatio": 0.1640185196,
    "eps": 1.4,
    "epsdiluted": 1.38,
    "weightedAverageShsOut": 395040003,
    "weightedAverageShsOutDil": 399146003,
    "link": "https://www.sec.gov/Archives/edgar/data/1053507/000119312514068001/0001193125-14-068001-index.htm",
    "finalLink": "https://www.sec.gov/Archives/edgar/data/1053507/000119312514068001/d636311d10k.htm"
  },
  {
    "date": "2012-12-31",
    "symbol": "AMT",
    "reportedCurrency": "USD",
    "cik": "0001053507",
    "fillingDate": "2013-02-27",
    "acceptedDate": "2013-02-26 21:32:48",
    "calendarYear": "2012",
    "period": "FY",
    "revenue": 2875960000,
    "costOfRevenue": 720718000,
    "grossProfit": 2155242000,
    "grossProfitRatio": 0.7493991572,
    "researchAndDevelopmentExpenses": 0,
    "generalAndAdministrativeExpenses": 329062000,
    "sellingAndMarketingExpenses": 0,
    "sellingGeneralAndAdministrativeExpenses": 329062000,
    "otherExpenses": -38300000,
    "operatingExpenses": 1035523000,
    "costAndExpenses": 1756241000,
    "interestIncome": 7680000,
    "interestExpense": 387407000,
    "depreciationAndAmortization": 644276000,
    "ebitda": 1748720000,
    "ebitdaratio": 0.6080473998,
    "operatingIncome": 1119719000,
    "operatingIncomeRatio": 0.3893374734,
    "totalOtherIncomeExpensesNet": -418425000,
    "incomeBeforeTax": 701294000,
    "incomeBeforeTaxRatio": 0.2438469242,
    "incomeTaxExpense": 107304000,
    "netIncome": 637283000,
    "netIncomeRatio": 0.2215896605,
    "eps": 1.61,
    "epsdiluted": 1.6,
    "weightedAverageShsOut": 394772003,
    "weightedAverageShsOutDil": 399287003,
    "link": "https://www.sec.gov/Archives/edgar/data/1053507/000119312513077821/0001193125-13-077821-index.htm",
    "finalLink": "https://www.sec.gov/Archives/edgar/data/1053507/000119312513077821/d448028d10k.htm"
  },
  {
    "date": "2011-12-31",
    "symbol": "AMT",
    "reportedCurrency": "USD",
    "cik": "0001053507",
    "fillingDate": "2012-02-29",
    "acceptedDate": "2012-02-28 19:04:51",
    "calendarYear": "2011",
    "period": "FY",
    "revenue": 2443532000,
    "costOfRevenue": 620956000,
    "grossProfit": 1822576000,
    "grossProfitRatio": 0.7458776885,
    "researchAndDevelopmentExpenses": 0,
    "generalAndAdministrativeExpenses": 288824000,
    "sellingAndMarketingExpenses": 0,
    "sellingGeneralAndAdministrativeExpenses": 288824000,
    "otherExpenses": 613620000,
    "operatingExpenses": 902444000,
    "costAndExpenses": 1523400000,
    "interestIncome": 21592000,
    "interestExpense": 311854000,
    "depreciationAndAmortization": 555517000,
    "ebitda": 1375740000,
    "ebitdaratio": 0.5630128846,
    "operatingIncome": 920132000,
    "operatingIncomeRatio": 0.3765581953,
    "totalOtherIncomeExpensesNet": -413237000,
    "incomeBeforeTax": 506895000,
    "incomeBeforeTaxRatio": 0.2074435694,
    "incomeTaxExpense": 125080000,
    "netIncome": 392685000,
    "netIncomeRatio": 0.16070385,
    "eps": 1,
    "epsdiluted": 0.99,
    "weightedAverageShsOut": 395711003,
    "weightedAverageShsOutDil": 400195003,
    "link": "https://www.sec.gov/Archives/edgar/data/1053507/000119312512086162/0001193125-12-086162-index.htm",
    "finalLink": "https://www.sec.gov/Archives/edgar/data/1053507/000119312512086162/d278077d10k.htm"
  },
  {
    "date": "2010-12-31",
    "symbol": "AMT",
    "reportedCurrency": "USD",
    "cik": "0001053507",
    "fillingDate": "2011-02-28",
    "acceptedDate": "2011-02-28 16:59:57",
    "calendarYear": "2010",
    "period": "FY",
    "revenue": 1985335000,
    "costOfRevenue": 474586000,
    "grossProfit": 1510749000,
    "grossProfitRatio": 0.7609541966,
    "researchAndDevelopmentExpenses": 0,
    "generalAndAdministrativeExpenses": 229769000,
    "sellingAndMarketingExpenses": 0,
    "sellingGeneralAndAdministrativeExpenses": 229769000,
    "otherExpenses": 496602000,
    "operatingExpenses": 726371000,
    "costAndExpenses": 1200957000,
    "interestIncome": 19236000,
    "interestExpense": 246018000,
    "depreciationAndAmortization": 460726000,
    "ebitda": 1264256000,
    "ebitdaratio": 0.6367973163,
    "operatingIncome": 784378000,
    "operatingIncomeRatio": 0.3950859679,
    "totalOtherIncomeExpensesNet": -228353000,
    "incomeBeforeTax": 556025000,
    "incomeBeforeTaxRatio": 0.2800660846,
    "incomeTaxExpense": 182489000,
    "netIncome": 372936000,
    "netIncomeRatio": 0.1878453762,
    "eps": 0.93,
    "epsdiluted": 0.92,
    "weightedAverageShsOut": 401152003,
    "weightedAverageShsOutDil": 404072003,
    "link": "https://www.sec.gov/Archives/edgar/data/1053507/000119312511050129/0001193125-11-050129-index.htm",
    "finalLink": "https://www.sec.gov/Archives/edgar/data/1053507/000119312511050129/d10k.htm"
  },
  {
    "date": "2009-12-31",
    "symbol": "AMT",
    "reportedCurrency": "USD",
    "cik": "0001053507",
    "fillingDate": "2010-03-01",
    "acceptedDate": "2010-03-01 17:12:48",
    "calendarYear": "2009",
    "period": "FY",
    "revenue": 1724114000,
    "costOfRevenue": 416375000,
    "grossProfit": 1307739000,
    "grossProfitRatio": 0.758499148,
    "researchAndDevelopmentExpenses": 0,
    "generalAndAdministrativeExpenses": 201694000,
    "sellingAndMarketingExpenses": 0,
    "sellingGeneralAndAdministrativeExpenses": 201694000,
    "otherExpenses": 433787000,
    "operatingExpenses": 635481000,
    "costAndExpenses": 1051856000,
    "interestIncome": 15932000,
    "interestExpense": 249803000,
    "depreciationAndAmortization": 414619000,
    "ebitda": 1085909000,
    "ebitdaratio": 0.6298359621,
    "operatingIncome": 672258000,
    "operatingIncomeRatio": 0.389915052,
    "totalOtherIncomeExpensesNet": -250771000,
    "incomeBeforeTax": 421487000,
    "incomeBeforeTaxRatio": 0.2444658532,
    "incomeTaxExpense": 182565000,
    "netIncome": 246595000,
    "netIncomeRatio": 0.1430270852,
    "eps": 0.62,
    "epsdiluted": 0.61,
    "weightedAverageShsOut": 398375003,
    "weightedAverageShsOutDil": 406948003,
    "link": "https://www.sec.gov/Archives/edgar/data/1053507/000119312510044876/0001193125-10-044876-index.htm",
    "finalLink": "https://www.sec.gov/Archives/edgar/data/1053507/000119312510044876/d10k.htm"
  },
  {
    "date": "2008-12-31",
    "symbol": "AMT",
    "reportedCurrency": "USD",
    "cik": "0001053507",
    "fillingDate": "2009-02-26",
    "acceptedDate": "2009-02-26 16:58:54",
    "calendarYear": "2008",
    "period": "FY",
    "revenue": 1593504000,
    "costOfRevenue": 389855000,
    "grossProfit": 1203649000,
    "grossProfitRatio": 0.7553473352,
    "researchAndDevelopmentExpenses": 0,
    "generalAndAdministrativeExpenses": 180374000,
    "sellingAndMarketingExpenses": 0,
    "sellingGeneralAndAdministrativeExpenses": 180374000,
    "otherExpenses": 405332000,
    "operatingExpenses": 596895000,
    "costAndExpenses": 986750000,
    "interestIncome": 17666000,
    "interestExpense": 253584000,
    "depreciationAndAmortization": 405332000,
    "ebitda": 1030836000,
    "ebitdaratio": 0.6468989096,
    "operatingIncome": 606754000,
    "operatingIncomeRatio": 0.3807671647,
    "totalOtherIncomeExpensesNet": -234834000,
    "incomeBeforeTax": 371920000,
    "incomeBeforeTaxRatio": 0.2333975942,
    "incomeTaxExpense": 135509000,
    "netIncome": 347246000,
    "netIncomeRatio": 0.2179134787,
    "eps": 0.88,
    "epsdiluted": 0.84,
    "weightedAverageShsOut": 395947003,
    "weightedAverageShsOutDil": 418357003,
    "link": "https://www.sec.gov/Archives/edgar/data/1053507/000119312509039177/0001193125-09-039177-index.htm",
    "finalLink": "https://www.sec.gov/Archives/edgar/data/1053507/000119312509039177/d10k.htm"
  },
  {
    "date": "2007-12-31",
    "symbol": "AMT",
    "reportedCurrency": "USD",
    "cik": "0001053507",
    "fillingDate": "2008-03-14",
    "acceptedDate": "2008-03-14 14:01:23",
    "calendarYear": "2007",
    "period": "FY",
    "revenue": 1456594000,
    "costOfRevenue": 359622000,
    "grossProfit": 1096972000,
    "grossProfitRatio": 0.7531075921,
    "researchAndDevelopmentExpenses": 0,
    "generalAndAdministrativeExpenses": 186483000,
    "sellingAndMarketingExpenses": 0,
    "sellingGeneralAndAdministrativeExpenses": 186483000,
    "otherExpenses": 532126000,
    "operatingExpenses": 718609000,
    "costAndExpenses": 1078231000,
    "interestIncome": 10848000,
    "interestExpense": 14207000,
    "depreciationAndAmortization": 530717000,
    "ebitda": 909080000,
    "ebitdaratio": 0.6241135141,
    "operatingIncome": 378363000,
    "operatingIncomeRatio": 0.2597587248,
    "totalOtherIncomeExpensesNet": -225523000,
    "incomeBeforeTax": 152840000,
    "incomeBeforeTaxRatio": 0.1049297196,
    "incomeTaxExpense": 59809000,
    "netIncome": 56316000,
    "netIncomeRatio": 0.0386627983,
    "eps": 0.14,
    "epsdiluted": 0.13,
    "weightedAverageShsOut": 413167003,
    "weightedAverageShsOutDil": 426079003,
    "link": "https://www.sec.gov/Archives/edgar/data/1053507/000119312508057075/0001193125-08-057075-index.htm",
    "finalLink": "https://www.sec.gov/Archives/edgar/data/1053507/000119312508057075/d10k.htm"
  },
  {
    "date": "2006-12-31",
    "symbol": "AMT",
    "reportedCurrency": "USD",
    "cik": "0001053507",
    "fillingDate": "2007-02-28",
    "acceptedDate": "2007-02-28 17:07:06",
    "calendarYear": "2006",
    "period": "FY",
    "revenue": 1317385000,
    "costOfRevenue": 343537000,
    "grossProfit": 973848000,
    "grossProfitRatio": 0.739228092,
    "researchAndDevelopmentExpenses": 0,
    "generalAndAdministrativeExpenses": 159324000,
    "sellingAndMarketingExpenses": 0,
    "sellingGeneralAndAdministrativeExpenses": 159324000,
    "otherExpenses": 528051000,
    "operatingExpenses": 687375000,
    "costAndExpenses": 1030912000,
    "interestIncome": 9002000,
    "interestExpense": 14208000,
    "depreciationAndAmortization": 537770000,
    "ebitda": 824243000,
    "ebitdaratio": 0.6256659974,
    "operatingIncome": 286473000,
    "operatingIncomeRatio": 0.2174557931,
    "totalOtherIncomeExpensesNet": -215609000,
    "incomeBeforeTax": 70864000,
    "incomeBeforeTaxRatio": 0.0537914125,
    "incomeTaxExpense": 41768000,
    "netIncome": 27484000,
    "netIncomeRatio": 0.0208625421,
    "eps": 0.06,
    "epsdiluted": 0.06,
    "weightedAverageShsOut": 424525003,
    "weightedAverageShsOutDil": 436217003,
    "link": "https://www.sec.gov/Archives/edgar/data/1053507/000119312507042779/0001193125-07-042779-index.htm",
    "finalLink": "https://www.sec.gov/Archives/edgar/data/1053507/000119312507042779/d10k.htm"
  },
  {
    "date": "2005-12-31",
    "symbol": "AMT",
    "reportedCurrency": "USD",
    "cik": "0001053507",
    "fillingDate": "2006-11-29",
    "acceptedDate": "2006-11-28 21:36:22",
    "calendarYear": "2005",
    "period": "FY",
    "revenue": 944786000,
    "costOfRevenue": 318129000,
    "grossProfit": 626657000,
    "grossProfitRatio": 0.6632793035,
    "researchAndDevelopmentExpenses": 0,
    "generalAndAdministrativeExpenses": 37977000,
    "sellingAndMarketingExpenses": 0,
    "sellingGeneralAndAdministrativeExpenses": 37977000,
    "otherExpenses": 411254000,
    "operatingExpenses": 449231000,
    "costAndExpenses": 767360000,
    "interestIncome": 4402000,
    "interestExpense": 14232000,
    "depreciationAndAmortization": 456468000,
    "ebitda": 633894000,
    "ebitdaratio": 0.6709392392,
    "operatingIncome": 177426000,
    "operatingIncomeRatio": 0.1877949081,
    "totalOtherIncomeExpensesNet": -312980000,
    "incomeBeforeTax": -127474000,
    "incomeBeforeTaxRatio": -0.1349236758,
    "incomeTaxExpense": 4003000,
    "netIncome": -171590000,
    "netIncomeRatio": -0.1816178479,
    "eps": -0.57,
    "epsdiluted": -0.57,
    "weightedAverageShsOut": 302510002,
    "weightedAverageShsOutDil": 302510002,
    "link": "https://www.sec.gov/Archives/edgar/data/1053507/000119312506243125/0001193125-06-243125-index.htm",
    "finalLink": "https://www.sec.gov/Archives/edgar/data/1053507/000119312506243125/d10ka.htm"
  },
  {
    "date": "2004-12-31",
    "symbol": "AMT",
    "reportedCurrency": "USD",
    "cik": "0001053507",
    "fillingDate": "2005-03-30",
    "acceptedDate": "2005-03-30 13:13:43",
    "calendarYear": "2004",
    "period": "FY",
    "revenue": 706660000,
    "costOfRevenue": 256113000,
    "grossProfit": 450547000,
    "grossProfitRatio": 0.6375725243,
    "researchAndDevelopmentExpenses": 0,
    "generalAndAdministrativeExpenses": 27468000,
    "sellingAndMarketingExpenses": 0,
    "sellingGeneralAndAdministrativeExpenses": 27468000,
    "otherExpenses": 353325000,
    "operatingExpenses": 380793000,
    "costAndExpenses": 636906000,
    "interestIncome": 0,
    "interestExpense": 0,
    "depreciationAndAmortization": 402306000,
    "ebitda": 472060000,
    "ebitdaratio": 0.668015736,
    "operatingIncome": 69754000,
    "operatingIncomeRatio": 0.0987094218,
    "totalOtherIncomeExpensesNet": -383891000,
    "incomeBeforeTax": -314137000,
    "incomeBeforeTaxRatio": -0.4445376843,
    "incomeTaxExpense": -80176000,
    "netIncome": -247587000,
    "netIncomeRatio": -0.3503622676,
    "eps": -1.1,
    "epsdiluted": -1.1,
    "weightedAverageShsOut": 224336001,
    "weightedAverageShsOutDil": 224336001,
    "link": "https://www.sec.gov/Archives/edgar/data/1053507/000119312505064722/0001193125-05-064722-index.htm",
    "finalLink": "https://www.sec.gov/Archives/edgar/data/1053507/000119312505064722/d10k.htm"
  },
  {
    "date": "2003-12-31",
    "symbol": "AMT",
    "reportedCurrency": "USD",
    "cik": "0001053507",
    "fillingDate": "2004-03-12",
    "acceptedDate": "2004-03-12 14:29:33",
    "calendarYear": "2003",
    "period": "FY",
    "revenue": 715144000,
    "costOfRevenue": 311667000,
    "grossProfit": 403477000,
    "grossProfitRatio": 0.5641898695,
    "researchAndDevelopmentExpenses": 0,
    "generalAndAdministrativeExpenses": 26867000,
    "sellingAndMarketingExpenses": 0,
    "sellingGeneralAndAdministrativeExpenses": 26867000,
    "otherExpenses": 345121000,
    "operatingExpenses": 371988000,
    "costAndExpenses": 683655000,
    "interestIncome": 0,
    "interestExpense": 0,
    "depreciationAndAmortization": 406009000,
    "ebitda": 403392000,
    "ebitdaratio": 0.5640710123,
    "operatingIncome": 31489000,
    "operatingIncomeRatio": 0.0440316915,
    "totalOtherIncomeExpensesNet": -315101000,
    "incomeBeforeTax": -308628000,
    "incomeBeforeTaxRatio": -0.4315606367,
    "incomeTaxExpense": -66137000,
    "netIncome": -303417000,
    "netIncomeRatio": -0.4242739924,
    "eps": -1.46,
    "epsdiluted": -1.46,
    "weightedAverageShsOut": 208098001,
    "weightedAverageShsOutDil": 208098001,
    "link": "https://www.sec.gov/Archives/edgar/data/1053507/000119312504040332/0001193125-04-040332-index.htm",
    "finalLink": "https://www.sec.gov/Archives/edgar/data/1053507/000119312504040332/d10k.htm"
  },
  {
    "date": "2002-12-31",
    "symbol": "AMT",
    "reportedCurrency": "USD",
    "cik": "0001053507",
    "fillingDate": "2003-03-24",
    "acceptedDate": "2003-03-24 09:37:50",
    "calendarYear": "2002",
    "period": "FY",
    "revenue": 788420000,
    "costOfRevenue": 446209000,
    "grossProfit": 342211000,
    "grossProfitRatio": 0.4340465742,
    "researchAndDevelopmentExpenses": 5896000,
    "generalAndAdministrativeExpenses": 24349000,
    "sellingAndMarketingExpenses": 0,
    "sellingGeneralAndAdministrativeExpenses": 24349000,
    "otherExpenses": 407610000,
    "operatingExpenses": 437855000,
    "costAndExpenses": 884064000,
    "interestIncome": 0,
    "interestExpense": 0,
    "depreciationAndAmortization": 345831000,
    "ebitda": 192344000,
    "ebitdaratio": 0.2439613404,
    "operatingIncome": -95644000,
    "operatingIncomeRatio": -0.1213109764,
    "totalOtherIncomeExpensesNet": -225916000,
    "incomeBeforeTax": -379403000,
    "incomeBeforeTaxRatio": -0.4812194008,
    "incomeTaxExpense": -64634000,
    "netIncome": -1141879000,
    "netIncomeRatio": -1.4483130819,
    "eps": -5.84,
    "epsdiluted": -5.84,
    "weightedAverageShsOut": 195454001,
    "weightedAverageShsOutDil": 195454001,
    "link": "https://www.sec.gov/Archives/edgar/data/1053507/000092701603001267/0000927016-03-001267-index.htm",
    "finalLink": "https://www.sec.gov/Archives/edgar/data/1053507/000092701603001267/d10k.htm"
  },
  {
    "date": "2001-12-31",
    "symbol": "AMT",
    "reportedCurrency": "USD",
    "cik": "0001053507",
    "fillingDate": "2002-04-01",
    "acceptedDate": "2002-04-01 00:00:00",
    "calendarYear": "2001",
    "period": "FY",
    "revenue": 1134191000,
    "costOfRevenue": 848042000,
    "grossProfit": 286149000,
    "grossProfitRatio": 0.252293485,
    "researchAndDevelopmentExpenses": 8630000,
    "generalAndAdministrativeExpenses": 26478000,
    "sellingAndMarketingExpenses": 0,
    "sellingGeneralAndAdministrativeExpenses": 26478000,
    "otherExpenses": 440371000,
    "operatingExpenses": 475479000,
    "costAndExpenses": 1323521000,
    "interestIncome": 0,
    "interestExpense": 0,
    "depreciationAndAmortization": 459616000,
    "ebitda": 256379000,
    "ebitdaratio": 0.2260457013,
    "operatingIncome": -189330000,
    "operatingIncomeRatio": -0.166929556,
    "totalOtherIncomeExpensesNet": -289899000,
    "incomeBeforeTax": -566881000,
    "incomeBeforeTaxRatio": -0.4998108784,
    "incomeTaxExpense": -116787000,
    "netIncome": -450094000,
    "netIncomeRatio": -0.3968414491,
    "eps": -2.35,
    "epsdiluted": -2.35,
    "weightedAverageShsOut": 191586001,
    "weightedAverageShsOutDil": 191586001,
    "link": "https://www.sec.gov/Archives/edgar/data/1053507/000092701602001828/0000927016-02-001828-index.htm",
    "finalLink": "https://www.sec.gov/Archives/edgar/data/1053507/000092701602001828/d10k.txt"
  },
  {
    "date": "2000-12-31",
    "symbol": "AMT",
    "reportedCurrency": "USD",
    "cik": "0001053507",
    "fillingDate": "2001-04-02",
    "acceptedDate": "2001-04-02 00:00:00",
    "calendarYear": "2000",
    "period": "FY",
    "revenue": 735275000,
    "costOfRevenue": 524074000,
    "grossProfit": 211201000,
    "grossProfitRatio": 0.2872408283,
    "researchAndDevelopmentExpenses": 14517000,
    "generalAndAdministrativeExpenses": 14958000,
    "sellingAndMarketingExpenses": 0,
    "sellingGeneralAndAdministrativeExpenses": 14958000,
    "otherExpenses": 283360000,
    "operatingExpenses": 312835000,
    "costAndExpenses": 836909000,
    "interestIncome": 0,
    "interestExpense": 0,
    "depreciationAndAmortization": 299017000,
    "ebitda": 191716000,
    "ebitdaratio": 0.2607405393,
    "operatingIncome": -101634000,
    "operatingIncomeRatio": -0.1382258339,
    "totalOtherIncomeExpensesNet": -142645000,
    "incomeBeforeTax": -249946000,
    "incomeBeforeTaxRatio": -0.3399353983,
    "incomeTaxExpense": -59656000,
    "netIncome": -194628000,
    "netIncomeRatio": -0.2647009622,
    "eps": -1.15,
    "epsdiluted": -1.15,
    "weightedAverageShsOut": 168715001,
    "weightedAverageShsOutDil": 168715001,
    "link": "https://www.sec.gov/Archives/edgar/data/1053507/000092701601001627/0000927016-01-001627-index.htm",
    "finalLink": "https://www.sec.gov/Archives/edgar/data/1053507/000092701601001627/0000927016-01-001627-0001.txt"
  },
  {
    "date": "1999-12-31",
    "symbol": "AMT",
    "reportedCurrency": "USD",
    "cik": "0001053507",
    "fillingDate": "2000-03-29",
    "acceptedDate": "2000-03-29 00:00:00",
    "calendarYear": "1999",
    "period": "FY",
    "revenue": 258081000,
    "costOfRevenue": 155857000,
    "grossProfit": 102224000,
    "grossProfitRatio": 0.3960926996,
    "researchAndDevelopmentExpenses": 1607000,
    "generalAndAdministrativeExpenses": 9136000,
    "sellingAndMarketingExpenses": 0,
    "sellingGeneralAndAdministrativeExpenses": 9136000,
    "otherExpenses": 132539000,
    "operatingExpenses": 143282000,
    "costAndExpenses": 299139000,
    "interestIncome": 0,
    "interestExpense": 0,
    "depreciationAndAmortization": 136647000,
    "ebitda": 95589000,
    "ebitdaratio": 0.3703837167,
    "operatingIncome": -41058000,
    "operatingIncomeRatio": -0.1590895882,
    "totalOtherIncomeExpensesNet": -8083000,
    "incomeBeforeTax": -49141000,
    "incomeBeforeTaxRatio": -0.1904092126,
    "incomeTaxExpense": 214000,
    "netIncome": -50727000,
    "netIncomeRatio": -0.1965545701,
    "eps": -0.34,
    "epsdiluted": -0.34,
    "weightedAverageShsOut": 149749001,
    "weightedAverageShsOutDil": 149749001,
    "link": "https://www.sec.gov/Archives/edgar/data/1053507/000092701600001049/0000927016-00-001049-index.html",
    "finalLink": "https://www.sec.gov/Archives/edgar/data/1053507/000092701600001049/"
  },
  {
    "date": "1998-12-31",
    "symbol": "AMT",
    "reportedCurrency": "USD",
    "cik": "0001053507",
    "fillingDate": "1999-03-19",
    "acceptedDate": "1999-03-19 00:00:00",
    "calendarYear": "1998",
    "period": "FY",
    "revenue": 103544000,
    "costOfRevenue": 61751000,
    "grossProfit": 41793000,
    "grossProfitRatio": 0.4036255119,
    "researchAndDevelopmentExpenses": 0,
    "generalAndAdministrativeExpenses": 17871000,
    "sellingAndMarketingExpenses": 0,
    "sellingGeneralAndAdministrativeExpenses": 17871000,
    "otherExpenses": 52064000,
    "operatingExpenses": 69935000,
    "costAndExpenses": 131686000,
    "interestIncome": 0,
    "interestExpense": 0,
    "depreciationAndAmortization": 53954000,
    "ebitda": 25812000,
    "ebitdaratio": 0.249285328,
    "operatingIncome": -28142000,
    "operatingIncomeRatio": -0.271787839,
    "totalOtherIncomeExpensesNet": -14299000,
    "incomeBeforeTax": -42441000,
    "incomeBeforeTaxRatio": -0.4098837209,
    "incomeTaxExpense": -4491000,
    "netIncome": -46842000,
    "netIncomeRatio": -0.4523873909,
    "eps": -0.59,
    "epsdiluted": -0.59,
    "weightedAverageShsOut": 79786000,
    "weightedAverageShsOutDil": 79786000,
    "link": "https://www.sec.gov/Archives/edgar/data/1053507/000092701699001025/0000927016-99-001025-index.html",
    "finalLink": "https://www.sec.gov/Archives/edgar/data/1053507/"
  },
  {
    "date": "1997-12-31",
    "symbol": "AMT",
    "reportedCurrency": "USD",
    "cik": "0001053507",
    "fillingDate": "1998-04-09",
    "acceptedDate": "1998-04-09 00:00:00",
    "calendarYear": "1997",
    "period": "FY",
    "revenue": 17508467,
    "costOfRevenue": 8713172,
    "grossProfit": 8795295,
    "grossProfitRatio": 0.5023452367,
    "researchAndDevelopmentExpenses": 0,
    "generalAndAdministrativeExpenses": 1536263,
    "sellingAndMarketingExpenses": 0,
    "sellingGeneralAndAdministrativeExpenses": 1536263,
    "otherExpenses": 6326323,
    "operatingExpenses": 7862586,
    "costAndExpenses": 16575758,
    "interestIncome": 0,
    "interestExpense": 0,
    "depreciationAndAmortization": 6514000,
    "ebitda": 7447000,
    "ebitdaratio": 0.4253370669,
    "operatingIncome": 932709,
    "operatingIncomeRatio": 0.0532718827,
    "totalOtherIncomeExpensesNet": -2982000,
    "incomeBeforeTax": -2048816,
    "incomeBeforeTaxRatio": -0.1170185831,
    "incomeTaxExpense": -472671,
    "netIncome": -2269957,
    "netIncomeRatio": -0.1296491006,
    "eps": -0.0083,
    "epsdiluted": -0.0082,
    "weightedAverageShsOut": 273783502,
    "weightedAverageShsOutDil": 275322502,
    "link": "https://www.sec.gov/Archives/edgar/data/1053507/000092701698001444/0000927016-98-001444-index.html",
    "finalLink": "https://www.sec.gov/Archives/edgar/data/1053507/"
  }
]