[
  {
    "date": "2025-06-30",
    "symbol": "AMZN",
    "reportedCurrency": "USD",
    "cik": "0001018724",
    "fillingDate": "2025-08-01",
    "acceptedDate": "2025-07-31 18:13:08",
    "calendarYear": "2025",
    "period": "Q2",
    "revenue": 167702000000,
    "costOfRevenue": 80809000000,
    "grossProfit": 86893000000,
    "grossProfitRatio": 0.5181393186,
    "researchAndDevelopmentExpenses": 27166000000,
    "generalAndAdministrativeExpenses": 2965000000,
    "sellingAndMarketingExpenses": 11416000000,
    "sellingGeneralAndAdministrativeExpenses": 14381000000,
    "otherExpenses": 26175000000,
    "operatingExpenses": 67722000000,
    "costAndExpenses": 148531000000,
    "interestIncome": 1085000000,
    "interestExpense": 516000000,
    "depreciationAndAmortization": 15227000000,
    "ebitda": 36600000000,
    "ebitdaratio": 0.2182442666,
    "operatingIncome": 19171000000,
    "operatingIncomeRatio": 0.1143158698,
    "totalOtherIncomeExpensesNet": 1686000000,
    "incomeBeforeTax": 20857000000,
    "incomeBeforeTaxRatio": 0.1243694172,
    "incomeTaxExpense": 2678000000,
    "netIncome": 18164000000,
    "netIncomeRatio": 0.108311171,
    "eps": 1.71,
    "epsdiluted": 1.68,
    "weightedAverageShsOut": 10637000000,
    "weightedAverageShsOutDil": 10806000000,
    "link": "https://www.sec.gov/Archives/edgar/data/1018724/000101872425000086/0001018724-25-000086-index.htm",
    "finalLink": "https://www.sec.gov/Archives/edgar/data/1018724/000101872425000086/amzn-20250630.htm"
  },
  {
    "date": "2025-03-31",
    "symbol": "AMZN",
    "reportedCurrency": "USD",
    "cik": "0001018724",
    "fillingDate": "2025-05-02",
    "acceptedDate": "2025-05-01 18:14:53",
    "calendarYear": "2025",
    "period": "Q1",
    "revenue": 155667000000,
    "costOfRevenue": 76976000000,
    "grossProfit": 78691000000,
    "grossProfitRatio": 0.5055085535,
    "researchAndDevelopmentExpenses": 22994000000,
    "generalAndAdministrativeExpenses": 2628000000,
    "sellingAndMarketingExpenses": 9763000000,
    "sellingGeneralAndAdministrativeExpenses": 12391000000,
    "otherExpenses": 24901000000,
    "operatingExpenses": 60286000000,
    "costAndExpenses": 137262000000,
    "interestIncome": 1066000000,
    "interestExpense": 541000000,
    "depreciationAndAmortization": 14262000000,
    "ebitda": 36482000000,
    "ebitdaratio": 0.2343592412,
    "operatingIncome": 18405000000,
    "operatingIncomeRatio": 0.1182331515,
    "totalOtherIncomeExpensesNet": 3274000000,
    "incomeBeforeTax": 21679000000,
    "incomeBeforeTaxRatio": 0.1392652264,
    "incomeTaxExpense": 4553000000,
    "netIncome": 17127000000,
    "netIncomeRatio": 0.110023319,
    "eps": 1.62,
    "epsdiluted": 1.59,
    "weightedAverageShsOut": 10603000000,
    "weightedAverageShsOutDil": 10793000000,
    "link": "https://www.sec.gov/Archives/edgar/data/1018724/000101872425000036/0001018724-25-000036-index.htm",
    "finalLink": "https://www.sec.gov/Archives/edgar/data/1018724/000101872425000036/amzn-20250331.htm"
  },
  {
    "date": "2024-12-31",
    "symbol": "AMZN",
    "reportedCurrency": "USD",
    "cik": "0001018724",
    "fillingDate": "2025-02-07",
    "acceptedDate": "2025-02-06 18:40:29",
    "calendarYear": "2024",
    "period": "Q4",
    "revenue": 187792000000,
    "costOfRevenue": 98893000000,
    "grossProfit": 88899000000,
    "grossProfitRatio": 0.4733907728,
    "researchAndDevelopmentExpenses": 23571000000,
    "generalAndAdministrativeExpenses": 2863000000,
    "sellingAndMarketingExpenses": 13124000000,
    "sellingGeneralAndAdministrativeExpenses": 15987000000,
    "otherExpenses": 28138000000,
    "operatingExpenses": 67696000000,
    "costAndExpenses": 166589000000,
    "interestIncome": 1248000000,
    "interestExpense": 570000000,
    "depreciationAndAmortization": 15631000000,
    "ebitda": 38550000000,
    "ebitdaratio": 0.2052803101,
    "operatingIncome": 21203000000,
    "operatingIncomeRatio": 0.1129068331,
    "totalOtherIncomeExpensesNet": 1126000000,
    "incomeBeforeTax": 22329000000,
    "incomeBeforeTaxRatio": 0.1189028287,
    "incomeTaxExpense": 2325000000,
    "netIncome": 20004000000,
    "netIncomeRatio": 0.1065221096,
    "eps": 1.9,
    "epsdiluted": 1.86,
    "weightedAverageShsOut": 10473000000,
    "weightedAverageShsOutDil": 10721000000,
    "link": "https://www.sec.gov/Archives/edgar/data/1018724/000101872425000004/0001018724-25-000004-index.htm",
    "finalLink": "https://www.sec.gov/Archives/edgar/data/1018724/000101872425000004/amzn-20241231.htm"
  },
  {
    "date": "2024-09-30",
    "symbol": "AMZN",
    "reportedCurrency": "USD",
    "cik": "0001018724",
    "fillingDate": "2024-11-01",
    "acceptedDate": "2024-10-31 18:44:54",
    "calendarYear": "2024",
    "period": "Q3",
    "revenue": 158877000000,
    "costOfRevenue": 80977000000,
    "grossProfit": 77900000000,
    "grossProfitRatio": 0.4903164083,
    "researchAndDevelopmentExpenses": 22245000000,
    "generalAndAdministrativeExpenses": 2713000000,
    "sellingAndMarketingExpenses": 10609000000,
    "sellingGeneralAndAdministrativeExpenses": 13322000000,
    "otherExpenses": 24922000000,
    "operatingExpenses": 60489000000,
    "costAndExpenses": 141466000000,
    "interestIncome": 1256000000,
    "interestExpense": 603000000,
    "depreciationAndAmortization": 13442000000,
    "ebitda": 32082000000,
    "ebitdaratio": 0.2019297947,
    "operatingIncome": 17411000000,
    "operatingIncomeRatio": 0.1095879202,
    "totalOtherIncomeExpensesNet": 626000000,
    "incomeBeforeTax": 18037000000,
    "incomeBeforeTaxRatio": 0.1135280752,
    "incomeTaxExpense": 2706000000,
    "netIncome": 15328000000,
    "netIncomeRatio": 0.096477149,
    "eps": 1.46,
    "epsdiluted": 1.43,
    "weightedAverageShsOut": 10501000000,
    "weightedAverageShsOutDil": 10735000000,
    "link": "https://www.sec.gov/Archives/edgar/data/1018724/000101872424000161/0001018724-24-000161-index.htm",
    "finalLink": "https://www.sec.gov/Archives/edgar/data/1018724/000101872424000161/amzn-20240930.htm"
  },
  {
    "date": "2024-06-30",
    "symbol": "AMZN",
    "reportedCurrency": "USD",
    "cik": "0001018724",
    "fillingDate": "2024-08-02",
    "acceptedDate": "2024-08-01 18:39:50",
    "calendarYear": "2024",
    "period": "Q2",
    "revenue": 147977000000,
    "costOfRevenue": 73785000000,
    "grossProfit": 74192000000,
    "grossProfitRatio": 0.5013752137,
    "researchAndDevelopmentExpenses": 22304000000,
    "generalAndAdministrativeExpenses": 3041000000,
    "sellingAndMarketingExpenses": 10512000000,
    "sellingGeneralAndAdministrativeExpenses": 13553000000,
    "otherExpenses": 23663000000,
    "operatingExpenses": 59520000000,
    "costAndExpenses": 133305000000,
    "interestIncome": 1180000000,
    "interestExpense": 589000000,
    "depreciationAndAmortization": 12038000000,
    "ebitda": 27872000000,
    "ebitdaratio": 0.1883535955,
    "operatingIncome": 14672000000,
    "operatingIncomeRatio": 0.0991505437,
    "totalOtherIncomeExpensesNet": 573000000,
    "incomeBeforeTax": 15245000000,
    "incomeBeforeTaxRatio": 0.1030227671,
    "incomeTaxExpense": 1767000000,
    "netIncome": 13485000000,
    "netIncomeRatio": 0.0911290268,
    "eps": 1.29,
    "epsdiluted": 1.26,
    "weightedAverageShsOut": 10447000000,
    "weightedAverageShsOutDil": 10708000000,
    "link": "https://www.sec.gov/Archives/edgar/data/1018724/000101872424000130/0001018724-24-000130-index.htm",
    "finalLink": "https://www.sec.gov/Archives/edgar/data/1018724/000101872424000130/amzn-20240630.htm"
  },
  {
    "date": "2024-03-31",
    "symbol": "AMZN",
    "reportedCurrency": "USD",
    "cik": "0001018724",
    "fillingDate": "2024-05-01",
    "acceptedDate": "2024-04-30 18:38:29",
    "calendarYear": "2024",
    "period": "Q1",
    "revenue": 143313000000,
    "costOfRevenue": 72633000000,
    "grossProfit": 70680000000,
    "grossProfitRatio": 0.4931862427,
    "researchAndDevelopmentExpenses": 20424000000,
    "generalAndAdministrativeExpenses": 2742000000,
    "sellingAndMarketingExpenses": 9662000000,
    "sellingGeneralAndAdministrativeExpenses": 12404000000,
    "otherExpenses": 22545000000,
    "operatingExpenses": 55373000000,
    "costAndExpenses": 128006000000,
    "interestIncome": 993000000,
    "interestExpense": 644000000,
    "depreciationAndAmortization": 11684000000,
    "ebitda": 25311000000,
    "ebitdaratio": 0.1766134266,
    "operatingIncome": 15307000000,
    "operatingIncomeRatio": 0.1068081751,
    "totalOtherIncomeExpensesNet": -2409000000,
    "incomeBeforeTax": 12898000000,
    "incomeBeforeTaxRatio": 0.0899988138,
    "incomeTaxExpense": 2467000000,
    "netIncome": 10431000000,
    "netIncomeRatio": 0.0727847439,
    "eps": 1,
    "epsdiluted": 0.98,
    "weightedAverageShsOut": 10393000000,
    "weightedAverageShsOutDil": 10670000000,
    "link": "https://www.sec.gov/Archives/edgar/data/1018724/000101872424000083/0001018724-24-000083-index.htm",
    "finalLink": "https://www.sec.gov/Archives/edgar/data/1018724/000101872424000083/amzn-20240331.htm"
  },
  {
    "date": "2023-12-31",
    "symbol": "AMZN",
    "reportedCurrency": "USD",
    "cik": "0001018724",
    "fillingDate": "2024-02-02",
    "acceptedDate": "2024-02-01 18:48:30",
    "calendarYear": "2023",
    "period": "Q4",
    "revenue": 169961000000,
    "costOfRevenue": 92553000000,
    "grossProfit": 77408000000,
    "grossProfitRatio": 0.4554456611,
    "researchAndDevelopmentExpenses": 22038000000,
    "generalAndAdministrativeExpenses": 3010000000,
    "sellingAndMarketingExpenses": 12902000000,
    "sellingGeneralAndAdministrativeExpenses": 15912000000,
    "otherExpenses": 26249000000,
    "operatingExpenses": 64199000000,
    "costAndExpenses": 156752000000,
    "interestIncome": 901000000,
    "interestExpense": 713000000,
    "depreciationAndAmortization": 13820000000,
    "ebitda": 28219000000,
    "ebitdaratio": 0.1660322074,
    "operatingIncome": 13209000000,
    "operatingIncomeRatio": 0.0777178294,
    "totalOtherIncomeExpensesNet": 477000000,
    "incomeBeforeTax": 13686000000,
    "incomeBeforeTaxRatio": 0.0805243556,
    "incomeTaxExpense": 3062000000,
    "netIncome": 10624000000,
    "netIncomeRatio": 0.0625084578,
    "eps": 1.03,
    "epsdiluted": 1,
    "weightedAverageShsOut": 10356000000,
    "weightedAverageShsOutDil": 10610000000,
    "link": "https://www.sec.gov/Archives/edgar/data/1018724/000101872424000008/0001018724-24-000008-index.htm",
    "finalLink": "https://www.sec.gov/Archives/edgar/data/1018724/000101872424000008/amzn-20231231.htm"
  },
  {
    "date": "2023-09-30",
    "symbol": "AMZN",
    "reportedCurrency": "USD",
    "cik": "0001018724",
    "fillingDate": "2023-10-27",
    "acceptedDate": "2023-10-26 18:36:51",
    "calendarYear": "2023",
    "period": "Q3",
    "revenue": 143083000000,
    "costOfRevenue": 75022000000,
    "grossProfit": 68061000000,
    "grossProfitRatio": 0.4756749579,
    "researchAndDevelopmentExpenses": 21203000000,
    "generalAndAdministrativeExpenses": 2561000000,
    "sellingAndMarketingExpenses": 10551000000,
    "sellingGeneralAndAdministrativeExpenses": 13112000000,
    "otherExpenses": 22558000000,
    "operatingExpenses": 56873000000,
    "costAndExpenses": 131895000000,
    "interestIncome": 776000000,
    "interestExpense": 806000000,
    "depreciationAndAmortization": 12131000000,
    "ebitda": 25126000000,
    "ebitdaratio": 0.1756043695,
    "operatingIncome": 11188000000,
    "operatingIncomeRatio": 0.0781923779,
    "totalOtherIncomeExpensesNet": 1001000000,
    "incomeBeforeTax": 12189000000,
    "incomeBeforeTaxRatio": 0.0851883173,
    "incomeTaxExpense": 2306000000,
    "netIncome": 9879000000,
    "netIncomeRatio": 0.0690438417,
    "eps": 0.96,
    "epsdiluted": 0.94,
    "weightedAverageShsOut": 10322000000,
    "weightedAverageShsOutDil": 10558000000,
    "link": "https://www.sec.gov/Archives/edgar/data/1018724/000101872423000018/0001018724-23-000018-index.htm",
    "finalLink": "https://www.sec.gov/Archives/edgar/data/1018724/000101872423000018/amzn-20230930.htm"
  },
  {
    "date": "2023-06-30",
    "symbol": "AMZN",
    "reportedCurrency": "USD",
    "cik": "0001018724",
    "fillingDate": "2023-08-04",
    "acceptedDate": "2023-08-03 18:24:35",
    "calendarYear": "2023",
    "period": "Q2",
    "revenue": 134383000000,
    "costOfRevenue": 69373000000,
    "grossProfit": 65010000000,
    "grossProfitRatio": 0.4837665479,
    "researchAndDevelopmentExpenses": 21931000000,
    "generalAndAdministrativeExpenses": 3202000000,
    "sellingAndMarketingExpenses": 10745000000,
    "sellingGeneralAndAdministrativeExpenses": 13947000000,
    "otherExpenses": 21451000000,
    "operatingExpenses": 57329000000,
    "costAndExpenses": 126702000000,
    "interestIncome": 661000000,
    "interestExpense": 840000000,
    "depreciationAndAmortization": 11589000000,
    "ebitda": 19992000000,
    "ebitdaratio": 0.1487688175,
    "operatingIncome": 7681000000,
    "operatingIncomeRatio": 0.0571575274,
    "totalOtherIncomeExpensesNet": -118000000,
    "incomeBeforeTax": 7563000000,
    "incomeBeforeTaxRatio": 0.0562794401,
    "incomeTaxExpense": 804000000,
    "netIncome": 6750000000,
    "netIncomeRatio": 0.0502295677,
    "eps": 0.66,
    "epsdiluted": 0.65,
    "weightedAverageShsOut": 10285000000,
    "weightedAverageShsOutDil": 10449000000,
    "link": "https://www.sec.gov/Archives/edgar/data/1018724/000101872423000012/0001018724-23-000012-index.htm",
    "finalLink": "https://www.sec.gov/Archives/edgar/data/1018724/000101872423000012/amzn-20230630.htm"
  },
  {
    "date": "2023-03-31",
    "symbol": "AMZN",
    "reportedCurrency": "USD",
    "cik": "0001018724",
    "fillingDate": "2023-04-28",
    "acceptedDate": "2023-04-27 18:24:51",
    "calendarYear": "2023",
    "period": "Q1",
    "revenue": 127358000000,
    "costOfRevenue": 67791000000,
    "grossProfit": 59567000000,
    "grossProfitRatio": 0.4677130608,
    "researchAndDevelopmentExpenses": 20450000000,
    "generalAndAdministrativeExpenses": 3043000000,
    "sellingAndMarketingExpenses": 10172000000,
    "sellingGeneralAndAdministrativeExpenses": 13215000000,
    "otherExpenses": 21128000000,
    "operatingExpenses": 54793000000,
    "costAndExpenses": 122584000000,
    "interestIncome": 611000000,
    "interestExpense": 823000000,
    "depreciationAndAmortization": 11123000000,
    "ebitda": 16065000000,
    "ebitdaratio": 0.1261404859,
    "operatingIncome": 4774000000,
    "operatingIncomeRatio": 0.0374848851,
    "totalOtherIncomeExpensesNet": -655000000,
    "incomeBeforeTax": 4119000000,
    "incomeBeforeTaxRatio": 0.0323419024,
    "incomeTaxExpense": 948000000,
    "netIncome": 3172000000,
    "netIncomeRatio": 0.02490617,
    "eps": 0.31,
    "epsdiluted": 0.31,
    "weightedAverageShsOut": 10250000000,
    "weightedAverageShsOutDil": 10347000000,
    "link": "https://www.sec.gov/Archives/edgar/data/1018724/000101872423000008/0001018724-23-000008-index.htm",
    "finalLink": "https://www.sec.gov/Archives/edgar/data/1018724/000101872423000008/amzn-20230331.htm"
  },
  {
    "date": "2022-12-31",
    "symbol": "AMZN",
    "reportedCurrency": "USD",
    "cik": "0001018724",
    "fillingDate": "2023-02-03",
    "acceptedDate": "2023-02-02 18:27:34",
    "calendarYear": "2022",
    "period": "Q4",
    "revenue": 149204000000,
    "costOfRevenue": 85640000000,
    "grossProfit": 63564000000,
    "grossProfitRatio": 0.4260207501,
    "researchAndDevelopmentExpenses": 20814000000,
    "generalAndAdministrativeExpenses": 3333000000,
    "sellingAndMarketingExpenses": 12818000000,
    "sellingGeneralAndAdministrativeExpenses": 16151000000,
    "otherExpenses": 23862000000,
    "operatingExpenses": 60827000000,
    "costAndExpenses": 146467000000,
    "interestIncome": 445000000,
    "interestExpense": 694000000,
    "depreciationAndAmortization": 13145000000,
    "ebitda": 12877000000,
    "ebitdaratio": 0.0863046567,
    "operatingIncome": 2737000000,
    "operatingIncomeRatio": 0.0183440122,
    "totalOtherIncomeExpensesNet": -3686000000,
    "incomeBeforeTax": -949000000,
    "incomeBeforeTaxRatio": -0.0063604193,
    "incomeTaxExpense": -1227000000,
    "netIncome": 278000000,
    "netIncomeRatio": 0.0018632208,
    "eps": 0.0272,
    "epsdiluted": 0.027,
    "weightedAverageShsOut": 10220000000,
    "weightedAverageShsOutDil": 10308000000,
    "link": "https://www.sec.gov/Archives/edgar/data/1018724/000101872423000004/0001018724-23-000004-index.htm",
    "finalLink": "https://www.sec.gov/Archives/edgar/data/1018724/000101872423000004/amzn-20221231.htm"
  },
  {
    "date": "2022-09-30",
    "symbol": "AMZN",
    "reportedCurrency": "USD",
    "cik": "0001018724",
    "fillingDate": "2022-10-28",
    "acceptedDate": "2022-10-27 18:23:57",
    "calendarYear": "2022",
    "period": "Q3",
    "revenue": 127101000000,
    "costOfRevenue": 70268000000,
    "grossProfit": 56833000000,
    "grossProfitRatio": 0.4471483309,
    "researchAndDevelopmentExpenses": 19485000000,
    "generalAndAdministrativeExpenses": 3061000000,
    "sellingAndMarketingExpenses": 11014000000,
    "sellingGeneralAndAdministrativeExpenses": 14075000000,
    "otherExpenses": 20748000000,
    "operatingExpenses": 54308000000,
    "costAndExpenses": 124576000000,
    "interestIncome": 277000000,
    "interestExpense": 617000000,
    "depreciationAndAmortization": 10327000000,
    "ebitda": 13888000000,
    "ebitdaratio": 0.109267433,
    "operatingIncome": 2525000000,
    "operatingIncomeRatio": 0.0198660907,
    "totalOtherIncomeExpensesNet": 416000000,
    "incomeBeforeTax": 2941000000,
    "incomeBeforeTaxRatio": 0.0231390784,
    "incomeTaxExpense": 69000000,
    "netIncome": 2872000000,
    "netIncomeRatio": 0.022596203,
    "eps": 0.28,
    "epsdiluted": 0.28,
    "weightedAverageShsOut": 10191000000,
    "weightedAverageShsOutDil": 10331000000,
    "link": "https://www.sec.gov/Archives/edgar/data/1018724/000101872422000023/0001018724-22-000023-index.htm",
    "finalLink": "https://www.sec.gov/Archives/edgar/data/1018724/000101872422000023/amzn-20220930.htm"
  },
  {
    "date": "2022-06-30",
    "symbol": "AMZN",
    "reportedCurrency": "USD",
    "cik": "0001018724",
    "fillingDate": "2022-07-29",
    "acceptedDate": "2022-07-28 18:24:06",
    "calendarYear": "2022",
    "period": "Q2",
    "revenue": 121234000000,
    "costOfRevenue": 66424000000,
    "grossProfit": 54810000000,
    "grossProfitRatio": 0.4521008958,
    "researchAndDevelopmentExpenses": 18072000000,
    "generalAndAdministrativeExpenses": 2903000000,
    "sellingAndMarketingExpenses": 10086000000,
    "sellingGeneralAndAdministrativeExpenses": 12989000000,
    "otherExpenses": 20432000000,
    "operatingExpenses": 51493000000,
    "costAndExpenses": 117917000000,
    "interestIncome": 159000000,
    "interestExpense": 584000000,
    "depreciationAndAmortization": 9716000000,
    "ebitda": 7647000000,
    "ebitdaratio": 0.0630763647,
    "operatingIncome": 3317000000,
    "operatingIncomeRatio": 0.0273603115,
    "totalOtherIncomeExpensesNet": -5970000000,
    "incomeBeforeTax": -2665000000,
    "incomeBeforeTaxRatio": -0.0219822822,
    "incomeTaxExpense": -637000000,
    "netIncome": -2028000000,
    "netIncomeRatio": -0.0167279806,
    "eps": -0.2,
    "epsdiluted": -0.2,
    "weightedAverageShsOut": 10175000000,
    "weightedAverageShsOutDil": 10175000000,
    "link": "https://www.sec.gov/Archives/edgar/data/1018724/000101872422000019/0001018724-22-000019-index.htm",
    "finalLink": "https://www.sec.gov/Archives/edgar/data/1018724/000101872422000019/amzn-20220630.htm"
  },
  {
    "date": "2022-03-31",
    "symbol": "AMZN",
    "reportedCurrency": "USD",
    "cik": "0001018724",
    "fillingDate": "2022-04-29",
    "acceptedDate": "2022-04-28 18:29:24",
    "calendarYear": "2022",
    "period": "Q1",
    "revenue": 116444000000,
    "costOfRevenue": 66499000000,
    "grossProfit": 49945000000,
    "grossProfitRatio": 0.4289186218,
    "researchAndDevelopmentExpenses": 14842000000,
    "generalAndAdministrativeExpenses": 2594000000,
    "sellingAndMarketingExpenses": 8320000000,
    "sellingGeneralAndAdministrativeExpenses": 10914000000,
    "otherExpenses": 20520000000,
    "operatingExpenses": 46276000000,
    "costAndExpenses": 112775000000,
    "interestIncome": 108000000,
    "interestExpense": 472000000,
    "depreciationAndAmortization": 9193000000,
    "ebitda": 4400000000,
    "ebitdaratio": 0.0377864038,
    "operatingIncome": 3669000000,
    "operatingIncomeRatio": 0.031508708,
    "totalOtherIncomeExpensesNet": -8934000000,
    "incomeBeforeTax": -5265000000,
    "incomeBeforeTaxRatio": -0.0452148672,
    "incomeTaxExpense": -1422000000,
    "netIncome": -3844000000,
    "netIncomeRatio": -0.0330115764,
    "eps": -0.38,
    "epsdiluted": -0.38,
    "weightedAverageShsOut": 10180000000,
    "weightedAverageShsOutDil": 10180000000,
    "link": "https://www.sec.gov/Archives/edgar/data/1018724/000101872422000013/0001018724-22-000013-index.htm",
    "finalLink": "https://www.sec.gov/Archives/edgar/data/1018724/000101872422000013/amzn-20220331.htm"
  },
  {
    "date": "2021-12-31",
    "symbol": "AMZN",
    "reportedCurrency": "USD",
    "cik": "0001018724",
    "fillingDate": "2022-02-04",
    "acceptedDate": "2022-02-03 18:46:51",
    "calendarYear": "2021",
    "period": "Q4",
    "revenue": 137412000000,
    "costOfRevenue": 82835000000,
    "grossProfit": 54577000000,
    "grossProfitRatio": 0.3971778302,
    "researchAndDevelopmentExpenses": 15313000000,
    "generalAndAdministrativeExpenses": 2525000000,
    "sellingAndMarketingExpenses": 10810000000,
    "sellingGeneralAndAdministrativeExpenses": 13335000000,
    "otherExpenses": 22469000000,
    "operatingExpenses": 51117000000,
    "costAndExpenses": 133952000000,
    "interestIncome": 118000000,
    "interestExpense": 482000000,
    "depreciationAndAmortization": 9802000000,
    "ebitda": 25218000000,
    "ebitdaratio": 0.1835210899,
    "operatingIncome": 3460000000,
    "operatingIncomeRatio": 0.0251797514,
    "totalOtherIncomeExpensesNet": 11474000000,
    "incomeBeforeTax": 14934000000,
    "incomeBeforeTaxRatio": 0.1086804646,
    "incomeTaxExpense": 612000000,
    "netIncome": 14323000000,
    "netIncomeRatio": 0.1042339825,
    "eps": 1.41,
    "epsdiluted": 1.39,
    "weightedAverageShsOut": 10160000000,
    "weightedAverageShsOutDil": 10320000000,
    "link": "https://www.sec.gov/Archives/edgar/data/1018724/000101872422000005/0001018724-22-000005-index.htm",
    "finalLink": "https://www.sec.gov/Archives/edgar/data/1018724/000101872422000005/amzn-20211231.htm"
  },
  {
    "date": "2021-09-30",
    "symbol": "AMZN",
    "reportedCurrency": "USD",
    "cik": "0001018724",
    "fillingDate": "2021-10-29",
    "acceptedDate": "2021-10-28 18:29:31",
    "calendarYear": "2021",
    "period": "Q3",
    "revenue": 110812000000,
    "costOfRevenue": 62930000000,
    "grossProfit": 47882000000,
    "grossProfitRatio": 0.4321012165,
    "researchAndDevelopmentExpenses": 14380000000,
    "generalAndAdministrativeExpenses": 2153000000,
    "sellingAndMarketingExpenses": 8010000000,
    "sellingGeneralAndAdministrativeExpenses": 10163000000,
    "otherExpenses": 18487000000,
    "operatingExpenses": 43030000000,
    "costAndExpenses": 105960000000,
    "interestIncome": 119000000,
    "interestExpense": 493000000,
    "depreciationAndAmortization": 8948000000,
    "ebitda": 13756000000,
    "ebitdaratio": 0.12413818,
    "operatingIncome": 4852000000,
    "operatingIncomeRatio": 0.0437858716,
    "totalOtherIncomeExpensesNet": -537000000,
    "incomeBeforeTax": 4315000000,
    "incomeBeforeTaxRatio": 0.038939826,
    "incomeTaxExpense": 1155000000,
    "netIncome": 3156000000,
    "netIncomeRatio": 0.02848067,
    "eps": 0.31,
    "epsdiluted": 0.31,
    "weightedAverageShsOut": 10140000000,
    "weightedAverageShsOutDil": 10300000000,
    "link": "https://www.sec.gov/Archives/edgar/data/1018724/000101872421000028/0001018724-21-000028-index.htm",
    "finalLink": "https://www.sec.gov/Archives/edgar/data/1018724/000101872421000028/amzn-20210930.htm"
  },
  {
    "date": "2021-06-30",
    "symbol": "AMZN",
    "reportedCurrency": "USD",
    "cik": "0001018724",
    "fillingDate": "2021-07-30",
    "acceptedDate": "2021-07-29 19:02:39",
    "calendarYear": "2021",
    "period": "Q2",
    "revenue": 113080000000,
    "costOfRevenue": 64176000000,
    "grossProfit": 48904000000,
    "grossProfitRatio": 0.4324725858,
    "researchAndDevelopmentExpenses": 13871000000,
    "generalAndAdministrativeExpenses": 2158000000,
    "sellingAndMarketingExpenses": 7524000000,
    "sellingGeneralAndAdministrativeExpenses": 9682000000,
    "otherExpenses": 17649000000,
    "operatingExpenses": 41202000000,
    "costAndExpenses": 105378000000,
    "interestIncome": 106000000,
    "interestExpense": 435000000,
    "depreciationAndAmortization": 8038000000,
    "ebitda": 17107000000,
    "ebitdaratio": 0.151282278,
    "operatingIncome": 7702000000,
    "operatingIncomeRatio": 0.0681110718,
    "totalOtherIncomeExpensesNet": 944000000,
    "incomeBeforeTax": 8646000000,
    "incomeBeforeTaxRatio": 0.076459144,
    "incomeTaxExpense": 868000000,
    "netIncome": 7778000000,
    "netIncomeRatio": 0.0687831624,
    "eps": 0.77,
    "epsdiluted": 0.76,
    "weightedAverageShsOut": 10100000000,
    "weightedAverageShsOutDil": 10280000000,
    "link": "https://www.sec.gov/Archives/edgar/data/1018724/000101872421000020/0001018724-21-000020-index.htm",
    "finalLink": "https://www.sec.gov/Archives/edgar/data/1018724/000101872421000020/amzn-20210630.htm"
  },
  {
    "date": "2021-03-31",
    "symbol": "AMZN",
    "reportedCurrency": "USD",
    "cik": "0001018724",
    "fillingDate": "2021-04-30",
    "acceptedDate": "2021-04-29 18:48:35",
    "calendarYear": "2021",
    "period": "Q1",
    "revenue": 108518000000,
    "costOfRevenue": 62403000000,
    "grossProfit": 46115000000,
    "grossProfitRatio": 0.4249525424,
    "researchAndDevelopmentExpenses": 12488000000,
    "generalAndAdministrativeExpenses": 1987000000,
    "sellingAndMarketingExpenses": 6207000000,
    "sellingGeneralAndAdministrativeExpenses": 8194000000,
    "otherExpenses": 16568000000,
    "operatingExpenses": 37250000000,
    "costAndExpenses": 99653000000,
    "interestIncome": 105000000,
    "interestExpense": 399000000,
    "depreciationAndAmortization": 7508000000,
    "ebitda": 18175000000,
    "ebitdaratio": 0.1674837354,
    "operatingIncome": 8865000000,
    "operatingIncomeRatio": 0.0816915166,
    "totalOtherIncomeExpensesNet": 1403000000,
    "incomeBeforeTax": 10268000000,
    "incomeBeforeTaxRatio": 0.0946202473,
    "incomeTaxExpense": 2156000000,
    "netIncome": 8107000000,
    "netIncomeRatio": 0.0747065003,
    "eps": 0.8,
    "epsdiluted": 0.79,
    "weightedAverageShsOut": 10080000000,
    "weightedAverageShsOutDil": 10260000000,
    "link": "https://www.sec.gov/Archives/edgar/data/1018724/000101872421000010/0001018724-21-000010-index.htm",
    "finalLink": "https://www.sec.gov/Archives/edgar/data/1018724/000101872421000010/amzn-20210331.htm"
  },
  {
    "date": "2020-12-31",
    "symbol": "AMZN",
    "reportedCurrency": "USD",
    "cik": "0001018724",
    "fillingDate": "2021-02-03",
    "acceptedDate": "2021-02-02 19:44:10",
    "calendarYear": "2020",
    "period": "Q4",
    "revenue": 125555000000,
    "costOfRevenue": 79284000000,
    "grossProfit": 46271000000,
    "grossProfitRatio": 0.3685317192,
    "researchAndDevelopmentExpenses": 12049000000,
    "generalAndAdministrativeExpenses": 1968000000,
    "sellingAndMarketingExpenses": 7403000000,
    "sellingGeneralAndAdministrativeExpenses": 9371000000,
    "otherExpenses": 17978000000,
    "operatingExpenses": 39398000000,
    "costAndExpenses": 118682000000,
    "interestIncome": 100000000,
    "interestExpense": 414000000,
    "depreciationAndAmortization": 7618000000,
    "ebitda": 15797000000,
    "ebitdaratio": 0.1258173709,
    "operatingIncome": 6873000000,
    "operatingIncomeRatio": 0.0547409502,
    "totalOtherIncomeExpensesNet": 914000000,
    "incomeBeforeTax": 7788000000,
    "incomeBeforeTaxRatio": 0.062028593,
    "incomeTaxExpense": 565000000,
    "netIncome": 7222000000,
    "netIncomeRatio": 0.0575206085,
    "eps": 0.72,
    "epsdiluted": 0.7,
    "weightedAverageShsOut": 10040000000,
    "weightedAverageShsOutDil": 10260000000,
    "link": "https://www.sec.gov/Archives/edgar/data/1018724/000101872421000004/0001018724-21-000004-index.htm",
    "finalLink": "https://www.sec.gov/Archives/edgar/data/1018724/000101872421000004/amzn-20201231.htm"
  },
  {
    "date": "2020-09-30",
    "symbol": "AMZN",
    "reportedCurrency": "USD",
    "cik": "0001018724",
    "fillingDate": "2020-10-30",
    "acceptedDate": "2020-10-29 19:08:00",
    "calendarYear": "2020",
    "period": "Q3",
    "revenue": 96145000000,
    "costOfRevenue": 57106000000,
    "grossProfit": 39039000000,
    "grossProfitRatio": 0.406042956,
    "researchAndDevelopmentExpenses": 10976000000,
    "generalAndAdministrativeExpenses": 1668000000,
    "sellingAndMarketingExpenses": 5434000000,
    "sellingGeneralAndAdministrativeExpenses": 7102000000,
    "otherExpenses": 14767000000,
    "operatingExpenses": 32845000000,
    "costAndExpenses": 89951000000,
    "interestIncome": 118000000,
    "interestExpense": 428000000,
    "depreciationAndAmortization": 6523000000,
    "ebitda": 13760000000,
    "ebitdaratio": 0.1431171668,
    "operatingIncome": 6194000000,
    "operatingIncomeRatio": 0.064423527,
    "totalOtherIncomeExpensesNet": 706000000,
    "incomeBeforeTax": 6900000000,
    "incomeBeforeTaxRatio": 0.0717666025,
    "incomeTaxExpense": 569000000,
    "netIncome": 6331000000,
    "netIncomeRatio": 0.0658484581,
    "eps": 0.63,
    "epsdiluted": 0.62,
    "weightedAverageShsOut": 10020000000,
    "weightedAverageShsOutDil": 10240000000,
    "link": "https://www.sec.gov/Archives/edgar/data/1018724/000101872420000030/0001018724-20-000030-index.htm",
    "finalLink": "https://www.sec.gov/Archives/edgar/data/1018724/000101872420000030/amzn-20200930.htm"
  },
  {
    "date": "2020-06-30",
    "symbol": "AMZN",
    "reportedCurrency": "USD",
    "cik": "0001018724",
    "fillingDate": "2020-07-31",
    "acceptedDate": "2020-07-30 20:00:55",
    "calendarYear": "2020",
    "period": "Q2",
    "revenue": 88912000000,
    "costOfRevenue": 52660000000,
    "grossProfit": 36252000000,
    "grossProfitRatio": 0.4077289905,
    "researchAndDevelopmentExpenses": 10388000000,
    "generalAndAdministrativeExpenses": 1580000000,
    "sellingAndMarketingExpenses": 4345000000,
    "sellingGeneralAndAdministrativeExpenses": 5925000000,
    "otherExpenses": 14096000000,
    "operatingExpenses": 30409000000,
    "costAndExpenses": 83069000000,
    "interestIncome": 135000000,
    "interestExpense": 403000000,
    "depreciationAndAmortization": 5748000000,
    "ebitda": 12372000000,
    "ebitdaratio": 0.1391488213,
    "operatingIncome": 5843000000,
    "operatingIncomeRatio": 0.0657166637,
    "totalOtherIncomeExpensesNet": 384000000,
    "incomeBeforeTax": 6227000000,
    "incomeBeforeTaxRatio": 0.0700355408,
    "incomeTaxExpense": 984000000,
    "netIncome": 5243000000,
    "netIncomeRatio": 0.0589684182,
    "eps": 0.53,
    "epsdiluted": 0.52,
    "weightedAverageShsOut": 10000000000,
    "weightedAverageShsOutDil": 10180000000,
    "link": "https://www.sec.gov/Archives/edgar/data/1018724/000101872420000021/0001018724-20-000021-index.htm",
    "finalLink": "https://www.sec.gov/Archives/edgar/data/1018724/000101872420000021/amzn-20200630.htm"
  },
  {
    "date": "2020-03-31",
    "symbol": "AMZN",
    "reportedCurrency": "USD",
    "cik": "0001018724",
    "fillingDate": "2020-05-01",
    "acceptedDate": "2020-04-30 19:23:48",
    "calendarYear": "2020",
    "period": "Q1",
    "revenue": 75452000000,
    "costOfRevenue": 44257000000,
    "grossProfit": 31195000000,
    "grossProfitRatio": 0.4134416583,
    "researchAndDevelopmentExpenses": 9325000000,
    "generalAndAdministrativeExpenses": 1452000000,
    "sellingAndMarketingExpenses": 4828000000,
    "sellingGeneralAndAdministrativeExpenses": 6280000000,
    "otherExpenses": 11601000000,
    "operatingExpenses": 27206000000,
    "costAndExpenses": 71463000000,
    "interestIncome": 202000000,
    "interestExpense": 402000000,
    "depreciationAndAmortization": 5362000000,
    "ebitda": 9147000000,
    "ebitdaratio": 0.1212293909,
    "operatingIncome": 3989000000,
    "operatingIncomeRatio": 0.0528680486,
    "totalOtherIncomeExpensesNet": -710000000,
    "incomeBeforeTax": 3279000000,
    "incomeBeforeTaxRatio": 0.0434580926,
    "incomeTaxExpense": 744000000,
    "netIncome": 2535000000,
    "netIncomeRatio": 0.033597519,
    "eps": 0.25,
    "epsdiluted": 0.25,
    "weightedAverageShsOut": 9960000000,
    "weightedAverageShsOutDil": 10120000000,
    "link": "https://www.sec.gov/Archives/edgar/data/1018724/000101872420000010/0001018724-20-000010-index.htm",
    "finalLink": "https://www.sec.gov/Archives/edgar/data/1018724/000101872420000010/amzn-20200331x10q.htm"
  },
  {
    "date": "2019-12-31",
    "symbol": "AMZN",
    "reportedCurrency": "USD",
    "cik": "0001018724",
    "fillingDate": "2020-01-31",
    "acceptedDate": "2020-01-30 20:46:13",
    "calendarYear": "2019",
    "period": "Q4",
    "revenue": 87436000000,
    "costOfRevenue": 53977000000,
    "grossProfit": 33459000000,
    "grossProfitRatio": 0.3826684661,
    "researchAndDevelopmentExpenses": 9740000000,
    "generalAndAdministrativeExpenses": 1412000000,
    "sellingAndMarketingExpenses": 6171000000,
    "sellingGeneralAndAdministrativeExpenses": 7583000000,
    "otherExpenses": 12257000000,
    "operatingExpenses": 29580000000,
    "costAndExpenses": 83557000000,
    "interestIncome": 211000000,
    "interestExpense": 455000000,
    "depreciationAndAmortization": 6170000000,
    "ebitda": 10678000000,
    "ebitdaratio": 0.1221236104,
    "operatingIncome": 3879000000,
    "operatingIncomeRatio": 0.0443638776,
    "totalOtherIncomeExpensesNet": 175000000,
    "incomeBeforeTax": 4053000000,
    "incomeBeforeTaxRatio": 0.0463539046,
    "incomeTaxExpense": 786000000,
    "netIncome": 3268000000,
    "netIncomeRatio": 0.0373759092,
    "eps": 0.33,
    "epsdiluted": 0.32,
    "weightedAverageShsOut": 9920000000,
    "weightedAverageShsOutDil": 10100000000,
    "link": "https://www.sec.gov/Archives/edgar/data/1018724/000101872420000004/0001018724-20-000004-index.htm",
    "finalLink": "https://www.sec.gov/Archives/edgar/data/1018724/000101872420000004/amzn-20191231x10k.htm"
  },
  {
    "date": "2019-09-30",
    "symbol": "AMZN",
    "reportedCurrency": "USD",
    "cik": "0001018724",
    "fillingDate": "2019-10-25",
    "acceptedDate": "2019-10-24 20:49:26",
    "calendarYear": "2019",
    "period": "Q3",
    "revenue": 69981000000,
    "costOfRevenue": 41302000000,
    "grossProfit": 28679000000,
    "grossProfitRatio": 0.4098112345,
    "researchAndDevelopmentExpenses": 9200000000,
    "generalAndAdministrativeExpenses": 1348000000,
    "sellingAndMarketingExpenses": 4752000000,
    "sellingGeneralAndAdministrativeExpenses": 6100000000,
    "otherExpenses": 10222000000,
    "operatingExpenses": 25522000000,
    "costAndExpenses": 66824000000,
    "interestIncome": 224000000,
    "interestExpense": 396000000,
    "depreciationAndAmortization": 5563000000,
    "ebitda": 8591000000,
    "ebitdaratio": 0.1227618925,
    "operatingIncome": 3157000000,
    "operatingIncomeRatio": 0.0451122448,
    "totalOtherIncomeExpensesNet": -529000000,
    "incomeBeforeTax": 2628000000,
    "incomeBeforeTaxRatio": 0.0375530501,
    "incomeTaxExpense": 494000000,
    "netIncome": 2134000000,
    "netIncomeRatio": 0.0304939912,
    "eps": 0.22,
    "epsdiluted": 0.21,
    "weightedAverageShsOut": 9900000000,
    "weightedAverageShsOutDil": 10080000000,
    "link": "https://www.sec.gov/Archives/edgar/data/1018724/000101872419000089/0001018724-19-000089-index.htm",
    "finalLink": "https://www.sec.gov/Archives/edgar/data/1018724/000101872419000089/amzn-2019930x10q.htm"
  },
  {
    "date": "2019-06-30",
    "symbol": "AMZN",
    "reportedCurrency": "USD",
    "cik": "0001018724",
    "fillingDate": "2019-07-26",
    "acceptedDate": "2019-07-25 19:40:28",
    "calendarYear": "2019",
    "period": "Q2",
    "revenue": 63404000000,
    "costOfRevenue": 36337000000,
    "grossProfit": 27067000000,
    "grossProfitRatio": 0.4268973566,
    "researchAndDevelopmentExpenses": 9065000000,
    "generalAndAdministrativeExpenses": 1270000000,
    "sellingAndMarketingExpenses": 4291000000,
    "sellingGeneralAndAdministrativeExpenses": 5561000000,
    "otherExpenses": 9357000000,
    "operatingExpenses": 23983000000,
    "costAndExpenses": 60320000000,
    "interestIncome": 215000000,
    "interestExpense": 383000000,
    "depreciationAndAmortization": 5202000000,
    "ebitda": 8474000000,
    "ebitdaratio": 0.1336508738,
    "operatingIncome": 3084000000,
    "operatingIncomeRatio": 0.0486404643,
    "totalOtherIncomeExpensesNet": -202000000,
    "incomeBeforeTax": 2882000000,
    "incomeBeforeTaxRatio": 0.0454545455,
    "incomeTaxExpense": 257000000,
    "netIncome": 2625000000,
    "netIncomeRatio": 0.0414011734,
    "eps": 0.27,
    "epsdiluted": 0.26,
    "weightedAverageShsOut": 9860000000,
    "weightedAverageShsOutDil": 10060000000,
    "link": "https://www.sec.gov/Archives/edgar/data/1018724/000101872419000071/0001018724-19-000071-index.htm",
    "finalLink": "https://www.sec.gov/Archives/edgar/data/1018724/000101872419000071/amzn-2019630x10q.htm"
  },
  {
    "date": "2019-03-31",
    "symbol": "AMZN",
    "reportedCurrency": "USD",
    "cik": "0001018724",
    "fillingDate": "2019-04-26",
    "acceptedDate": "2019-04-25 19:08:50",
    "calendarYear": "2019",
    "period": "Q1",
    "revenue": 59700000000,
    "costOfRevenue": 33920000000,
    "grossProfit": 25780000000,
    "grossProfitRatio": 0.4318257956,
    "researchAndDevelopmentExpenses": 7927000000,
    "generalAndAdministrativeExpenses": 1173000000,
    "sellingAndMarketingExpenses": 3664000000,
    "sellingGeneralAndAdministrativeExpenses": 4837000000,
    "otherExpenses": 8596000000,
    "operatingExpenses": 21360000000,
    "costAndExpenses": 55280000000,
    "interestIncome": 183000000,
    "interestExpense": 366000000,
    "depreciationAndAmortization": 4854000000,
    "ebitda": 9621000000,
    "ebitdaratio": 0.1611557789,
    "operatingIncome": 4420000000,
    "operatingIncomeRatio": 0.0740368509,
    "totalOtherIncomeExpensesNet": -19000000,
    "incomeBeforeTax": 4401000000,
    "incomeBeforeTaxRatio": 0.073718593,
    "incomeTaxExpense": 836000000,
    "netIncome": 3561000000,
    "netIncomeRatio": 0.0596482412,
    "eps": 0.36,
    "epsdiluted": 0.35,
    "weightedAverageShsOut": 9820000000,
    "weightedAverageShsOutDil": 10040000000,
    "link": "https://www.sec.gov/Archives/edgar/data/1018724/000101872419000043/0001018724-19-000043-index.htm",
    "finalLink": "https://www.sec.gov/Archives/edgar/data/1018724/000101872419000043/amzn-2019331x10q.htm"
  },
  {
    "date": "2018-12-31",
    "symbol": "AMZN",
    "reportedCurrency": "USD",
    "cik": "0001018724",
    "fillingDate": "2019-02-01",
    "acceptedDate": "2019-01-31 20:22:40",
    "calendarYear": "2018",
    "period": "Q4",
    "revenue": 72383000000,
    "costOfRevenue": 44786000000,
    "grossProfit": 27597000000,
    "grossProfitRatio": 0.3812635564,
    "researchAndDevelopmentExpenses": 7669000000,
    "generalAndAdministrativeExpenses": 1117000000,
    "sellingAndMarketingExpenses": 4912000000,
    "sellingGeneralAndAdministrativeExpenses": 6029000000,
    "otherExpenses": 10113000000,
    "operatingExpenses": 23811000000,
    "costAndExpenses": 68597000000,
    "interestIncome": 150000000,
    "interestExpense": 387000000,
    "depreciationAndAmortization": 4262000000,
    "ebitda": 7999000000,
    "ebitdaratio": 0.1105093737,
    "operatingIncome": 3786000000,
    "operatingIncomeRatio": 0.0523050993,
    "totalOtherIncomeExpensesNet": -432000000,
    "incomeBeforeTax": 3354000000,
    "incomeBeforeTaxRatio": 0.046336847,
    "incomeTaxExpense": 327000000,
    "netIncome": 3027000000,
    "netIncomeRatio": 0.0418192117,
    "eps": 0.31,
    "epsdiluted": 0.3,
    "weightedAverageShsOut": 9800000000,
    "weightedAverageShsOutDil": 10020000000,
    "link": "https://www.sec.gov/Archives/edgar/data/1018724/000101872419000004/0001018724-19-000004-index.htm",
    "finalLink": "https://www.sec.gov/Archives/edgar/data/1018724/000101872419000004/amzn-20181231x10k.htm"
  },
  {
    "date": "2018-09-30",
    "symbol": "AMZN",
    "reportedCurrency": "USD",
    "cik": "0001018724",
    "fillingDate": "2018-10-26",
    "acceptedDate": "2018-10-25 19:42:40",
    "calendarYear": "2018",
    "period": "Q3",
    "revenue": 56576000000,
    "costOfRevenue": 33003000000,
    "grossProfit": 23573000000,
    "grossProfitRatio": 0.4166607749,
    "researchAndDevelopmentExpenses": 7162000000,
    "generalAndAdministrativeExpenses": 1041000000,
    "sellingAndMarketingExpenses": 3303000000,
    "sellingGeneralAndAdministrativeExpenses": 4344000000,
    "otherExpenses": 8343000000,
    "operatingExpenses": 19849000000,
    "costAndExpenses": 52852000000,
    "interestIncome": 117000000,
    "interestExpense": 358000000,
    "depreciationAndAmortization": 3778000000,
    "ebitda": 7526000000,
    "ebitdaratio": 0.1330246041,
    "operatingIncome": 3724000000,
    "operatingIncomeRatio": 0.0658229638,
    "totalOtherIncomeExpensesNet": -334000000,
    "incomeBeforeTax": 3390000000,
    "incomeBeforeTaxRatio": 0.0599194005,
    "incomeTaxExpense": 508000000,
    "netIncome": 2883000000,
    "netIncomeRatio": 0.0509580034,
    "eps": 0.3,
    "epsdiluted": 0.29,
    "weightedAverageShsOut": 9760000000,
    "weightedAverageShsOutDil": 10020000000,
    "link": "https://www.sec.gov/Archives/edgar/data/1018724/000101872418000159/0001018724-18-000159-index.htm",
    "finalLink": "https://www.sec.gov/Archives/edgar/data/1018724/000101872418000159/amzn-20180930x10q.htm"
  },
  {
    "date": "2018-06-30",
    "symbol": "AMZN",
    "reportedCurrency": "USD",
    "cik": "0001018724",
    "fillingDate": "2018-07-27",
    "acceptedDate": "2018-07-26 19:23:13",
    "calendarYear": "2018",
    "period": "Q2",
    "revenue": 52886000000,
    "costOfRevenue": 30632000000,
    "grossProfit": 22254000000,
    "grossProfitRatio": 0.420791892,
    "researchAndDevelopmentExpenses": 7247000000,
    "generalAndAdministrativeExpenses": 1111000000,
    "sellingAndMarketingExpenses": 2901000000,
    "sellingGeneralAndAdministrativeExpenses": 4012000000,
    "otherExpenses": 8012000000,
    "operatingExpenses": 19271000000,
    "costAndExpenses": 49903000000,
    "interestIncome": 94000000,
    "interestExpense": 343000000,
    "depreciationAndAmortization": 3630000000,
    "ebitda": 6578000000,
    "ebitdaratio": 0.1243807435,
    "operatingIncome": 2983000000,
    "operatingIncomeRatio": 0.0564043414,
    "totalOtherIncomeExpensesNet": -375000000,
    "incomeBeforeTax": 2608000000,
    "incomeBeforeTaxRatio": 0.049313618,
    "incomeTaxExpense": 74000000,
    "netIncome": 2534000000,
    "netIncomeRatio": 0.0479143819,
    "eps": 0.26,
    "epsdiluted": 0.25,
    "weightedAverageShsOut": 9720000000,
    "weightedAverageShsOutDil": 10000000000,
    "link": "https://www.sec.gov/Archives/edgar/data/1018724/000101872418000108/0001018724-18-000108-index.htm",
    "finalLink": "https://www.sec.gov/Archives/edgar/data/1018724/000101872418000108/amzn-20180630x10q.htm"
  },
  {
    "date": "2018-03-31",
    "symbol": "AMZN",
    "reportedCurrency": "USD",
    "cik": "0001018724",
    "fillingDate": "2018-04-27",
    "acceptedDate": "2018-04-26 19:36:54",
    "calendarYear": "2018",
    "period": "Q1",
    "revenue": 51042000000,
    "costOfRevenue": 30735000000,
    "grossProfit": 20307000000,
    "grossProfitRatio": 0.3978488304,
    "researchAndDevelopmentExpenses": 6759000000,
    "generalAndAdministrativeExpenses": 1067000000,
    "sellingAndMarketingExpenses": 2699000000,
    "sellingGeneralAndAdministrativeExpenses": 3766000000,
    "otherExpenses": 7855000000,
    "operatingExpenses": 18380000000,
    "costAndExpenses": 49115000000,
    "interestIncome": 80000000,
    "interestExpense": 330000000,
    "depreciationAndAmortization": 3671000000,
    "ebitda": 5917000000,
    "ebitdaratio": 0.1159241409,
    "operatingIncome": 1927000000,
    "operatingIncomeRatio": 0.0377532228,
    "totalOtherIncomeExpensesNet": -11000000,
    "incomeBeforeTax": 1916000000,
    "incomeBeforeTaxRatio": 0.037537714,
    "incomeTaxExpense": 287000000,
    "netIncome": 1629000000,
    "netIncomeRatio": 0.0319148936,
    "eps": 0.17,
    "epsdiluted": 0.16,
    "weightedAverageShsOut": 9680000000,
    "weightedAverageShsOutDil": 9960000000,
    "link": "https://www.sec.gov/Archives/edgar/data/1018724/000101872418000072/0001018724-18-000072-index.htm",
    "finalLink": "https://www.sec.gov/Archives/edgar/data/1018724/000101872418000072/amzn-20180331x10q.htm"
  },
  {
    "date": "2017-12-31",
    "symbol": "AMZN",
    "reportedCurrency": "USD",
    "cik": "0001018724",
    "fillingDate": "2018-02-02",
    "acceptedDate": "2018-02-01 20:41:15",
    "calendarYear": "2017",
    "period": "Q4",
    "revenue": 60453000000,
    "costOfRevenue": 38495000000,
    "grossProfit": 21958000000,
    "grossProfitRatio": 0.363224323,
    "researchAndDevelopmentExpenses": 6314000000,
    "generalAndAdministrativeExpenses": 1044000000,
    "sellingAndMarketingExpenses": 3440000000,
    "sellingGeneralAndAdministrativeExpenses": 4484000000,
    "otherExpenses": 9033000000,
    "operatingExpenses": 19831000000,
    "costAndExpenses": 58326000000,
    "interestIncome": 65000000,
    "interestExpense": 338000000,
    "depreciationAndAmortization": 3498000000,
    "ebitda": 5707000000,
    "ebitdaratio": 0.0944039171,
    "operatingIncome": 2127000000,
    "operatingIncomeRatio": 0.0351843581,
    "totalOtherIncomeExpensesNet": -256000000,
    "incomeBeforeTax": 1871000000,
    "incomeBeforeTaxRatio": 0.0309496634,
    "incomeTaxExpense": 14000000,
    "netIncome": 1857000000,
    "netIncomeRatio": 0.0307180785,
    "eps": 0.19,
    "epsdiluted": 0.19,
    "weightedAverageShsOut": 9660000000,
    "weightedAverageShsOutDil": 9920000000,
    "link": "https://www.sec.gov/Archives/edgar/data/1018724/000101872418000005/0001018724-18-000005-index.htm",
    "finalLink": "https://www.sec.gov/Archives/edgar/data/1018724/000101872418000005/amzn-20171231x10k.htm"
  },
  {
    "date": "2017-09-30",
    "symbol": "AMZN",
    "reportedCurrency": "USD",
    "cik": "0001018724",
    "fillingDate": "2017-10-27",
    "acceptedDate": "2017-10-26 19:41:02",
    "calendarYear": "2017",
    "period": "Q3",
    "revenue": 43744000000,
    "costOfRevenue": 27549000000,
    "grossProfit": 16195000000,
    "grossProfitRatio": 0.3702222019,
    "researchAndDevelopmentExpenses": 5944000000,
    "generalAndAdministrativeExpenses": 960000000,
    "sellingAndMarketingExpenses": 2479000000,
    "sellingGeneralAndAdministrativeExpenses": 3439000000,
    "otherExpenses": 6465000000,
    "operatingExpenses": 15848000000,
    "costAndExpenses": 43397000000,
    "interestIncome": 54000000,
    "interestExpense": 228000000,
    "depreciationAndAmortization": 2912000000,
    "ebitda": 3456000000,
    "ebitdaratio": 0.0790051207,
    "operatingIncome": 347000000,
    "operatingIncomeRatio": 0.0079325165,
    "totalOtherIncomeExpensesNet": -33000000,
    "incomeBeforeTax": 314000000,
    "incomeBeforeTaxRatio": 0.0071781273,
    "incomeTaxExpense": 58000000,
    "netIncome": 256000000,
    "netIncomeRatio": 0.0058522312,
    "eps": 0.0265,
    "epsdiluted": 0.026,
    "weightedAverageShsOut": 9620000000,
    "weightedAverageShsOutDil": 9880000000,
    "link": "https://www.sec.gov/Archives/edgar/data/1018724/000101872417000135/0001018724-17-000135-index.htm",
    "finalLink": "https://www.sec.gov/Archives/edgar/data/1018724/000101872417000135/amzn-20170930x10q.htm"
  },
  {
    "date": "2017-06-30",
    "symbol": "AMZN",
    "reportedCurrency": "USD",
    "cik": "0001018724",
    "fillingDate": "2017-07-28",
    "acceptedDate": "2017-07-27 19:19:31",
    "calendarYear": "2017",
    "period": "Q2",
    "revenue": 37955000000,
    "costOfRevenue": 23451000000,
    "grossProfit": 14504000000,
    "grossProfitRatio": 0.3821367409,
    "researchAndDevelopmentExpenses": 5549000000,
    "generalAndAdministrativeExpenses": 874000000,
    "sellingAndMarketingExpenses": 2229000000,
    "sellingGeneralAndAdministrativeExpenses": 3103000000,
    "otherExpenses": 5224000000,
    "operatingExpenses": 13876000000,
    "costAndExpenses": 37327000000,
    "interestIncome": 44000000,
    "interestExpense": 143000000,
    "depreciationAndAmortization": 2633000000,
    "ebitda": 3442000000,
    "ebitdaratio": 0.0906863391,
    "operatingIncome": 628000000,
    "operatingIncomeRatio": 0.0165459096,
    "totalOtherIncomeExpensesNet": 38000000,
    "incomeBeforeTax": 666000000,
    "incomeBeforeTaxRatio": 0.0175470952,
    "incomeTaxExpense": 467000000,
    "netIncome": 197000000,
    "netIncomeRatio": 0.005190357,
    "eps": 0.0205,
    "epsdiluted": 0.02,
    "weightedAverageShsOut": 9580000000,
    "weightedAverageShsOutDil": 9840000000,
    "link": "https://www.sec.gov/Archives/edgar/data/1018724/000101872417000100/0001018724-17-000100-index.htm",
    "finalLink": "https://www.sec.gov/Archives/edgar/data/1018724/000101872417000100/amzn-20170630x10q.htm"
  },
  {
    "date": "2017-03-31",
    "symbol": "AMZN",
    "reportedCurrency": "USD",
    "cik": "0001018724",
    "fillingDate": "2017-04-28",
    "acceptedDate": "2017-04-27 19:05:44",
    "calendarYear": "2017",
    "period": "Q1",
    "revenue": 35714000000,
    "costOfRevenue": 22440000000,
    "grossProfit": 13274000000,
    "grossProfitRatio": 0.3716749734,
    "researchAndDevelopmentExpenses": 4813000000,
    "generalAndAdministrativeExpenses": 795000000,
    "sellingAndMarketingExpenses": 1920000000,
    "sellingGeneralAndAdministrativeExpenses": 2715000000,
    "otherExpenses": 4741000000,
    "operatingExpenses": 12269000000,
    "costAndExpenses": 34709000000,
    "interestIncome": 39000000,
    "interestExpense": 139000000,
    "depreciationAndAmortization": 2435000000,
    "ebitda": 3527000000,
    "ebitdaratio": 0.0987567901,
    "operatingIncome": 1005000000,
    "operatingIncomeRatio": 0.0281402251,
    "totalOtherIncomeExpensesNet": -52000000,
    "incomeBeforeTax": 953000000,
    "incomeBeforeTaxRatio": 0.0266842135,
    "incomeTaxExpense": 229000000,
    "netIncome": 724000000,
    "netIncomeRatio": 0.0202721622,
    "eps": 0.076,
    "epsdiluted": 0.074,
    "weightedAverageShsOut": 9540000000,
    "weightedAverageShsOutDil": 9800000000,
    "link": "https://www.sec.gov/Archives/edgar/data/1018724/000101872417000051/0001018724-17-000051-index.htm",
    "finalLink": "https://www.sec.gov/Archives/edgar/data/1018724/000101872417000051/amzn-20170331x10q.htm"
  },
  {
    "date": "2016-12-31",
    "symbol": "AMZN",
    "reportedCurrency": "USD",
    "cik": "0001018724",
    "fillingDate": "2017-02-10",
    "acceptedDate": "2017-02-09 17:56:36",
    "calendarYear": "2016",
    "period": "Q4",
    "revenue": 43741000000,
    "costOfRevenue": 28959000000,
    "grossProfit": 14782000000,
    "grossProfitRatio": 0.3379438056,
    "researchAndDevelopmentExpenses": 4545000000,
    "generalAndAdministrativeExpenses": 717000000,
    "sellingAndMarketingExpenses": 2513000000,
    "sellingGeneralAndAdministrativeExpenses": 3230000000,
    "otherExpenses": 5753000000,
    "operatingExpenses": 13527000000,
    "costAndExpenses": 42486000000,
    "interestIncome": 29000000,
    "interestExpense": 133000000,
    "depreciationAndAmortization": 2297000000,
    "ebitda": 3596000000,
    "ebitdaratio": 0.0822111977,
    "operatingIncome": 1255000000,
    "operatingIncomeRatio": 0.0286916166,
    "totalOtherIncomeExpensesNet": -89000000,
    "incomeBeforeTax": 1162000000,
    "incomeBeforeTaxRatio": 0.0265654649,
    "incomeTaxExpense": 413000000,
    "netIncome": 749000000,
    "netIncomeRatio": 0.0171235226,
    "eps": 0.0785,
    "epsdiluted": 0.077,
    "weightedAverageShsOut": 9520000000,
    "weightedAverageShsOutDil": 9720000000,
    "link": "https://www.sec.gov/Archives/edgar/data/1018724/000101872417000011/0001018724-17-000011-index.htm",
    "finalLink": "https://www.sec.gov/Archives/edgar/data/1018724/000101872417000011/amzn-20161231x10k.htm"
  },
  {
    "date": "2016-09-30",
    "symbol": "AMZN",
    "reportedCurrency": "USD",
    "cik": "0001018724",
    "fillingDate": "2016-10-28",
    "acceptedDate": "2016-10-27 18:38:58",
    "calendarYear": "2016",
    "period": "Q3",
    "revenue": 32714000000,
    "costOfRevenue": 21260000000,
    "grossProfit": 11454000000,
    "grossProfitRatio": 0.3501253286,
    "researchAndDevelopmentExpenses": 4135000000,
    "generalAndAdministrativeExpenses": 639000000,
    "sellingAndMarketingExpenses": 1738000000,
    "sellingGeneralAndAdministrativeExpenses": 2377000000,
    "otherExpenses": 4367000000,
    "operatingExpenses": 10879000000,
    "costAndExpenses": 32139000000,
    "interestIncome": 26000000,
    "interestExpense": 118000000,
    "depreciationAndAmortization": 2084000000,
    "ebitda": 2693000000,
    "ebitdaratio": 0.0823194962,
    "operatingIncome": 575000000,
    "operatingIncomeRatio": 0.0175765727,
    "totalOtherIncomeExpensesNet": -84000000,
    "incomeBeforeTax": 491000000,
    "incomeBeforeTaxRatio": 0.0150088647,
    "incomeTaxExpense": 229000000,
    "netIncome": 252000000,
    "netIncomeRatio": 0.007703124,
    "eps": 0.0265,
    "epsdiluted": 0.026,
    "weightedAverageShsOut": 9480000000,
    "weightedAverageShsOutDil": 9700000000,
    "link": "https://www.sec.gov/Archives/edgar/data/1018724/000101872416000324/0001018724-16-000324-index.htm",
    "finalLink": "https://www.sec.gov/Archives/edgar/data/1018724/000101872416000324/amzn-20160930x10q.htm"
  },
  {
    "date": "2016-06-30",
    "symbol": "AMZN",
    "reportedCurrency": "USD",
    "cik": "0001018724",
    "fillingDate": "2016-07-29",
    "acceptedDate": "2016-07-28 19:21:05",
    "calendarYear": "2016",
    "period": "Q2",
    "revenue": 30404000000,
    "costOfRevenue": 19180000000,
    "grossProfit": 11224000000,
    "grossProfitRatio": 0.3691619524,
    "researchAndDevelopmentExpenses": 160000000,
    "generalAndAdministrativeExpenses": 580000000,
    "sellingAndMarketingExpenses": 1546000000,
    "sellingGeneralAndAdministrativeExpenses": 2126000000,
    "otherExpenses": 3933000000,
    "operatingExpenses": 9939000000,
    "costAndExpenses": 29119000000,
    "interestIncome": 24000000,
    "interestExpense": 116000000,
    "depreciationAndAmortization": 1909000000,
    "ebitda": 3204000000,
    "ebitdaratio": 0.1053808709,
    "operatingIncome": 1285000000,
    "operatingIncomeRatio": 0.0422641758,
    "totalOtherIncomeExpensesNet": -106000000,
    "incomeBeforeTax": 1179000000,
    "incomeBeforeTaxRatio": 0.0387777924,
    "incomeTaxExpense": 307000000,
    "netIncome": 857000000,
    "netIncomeRatio": 0.0281870806,
    "eps": 0.0905,
    "epsdiluted": 0.089,
    "weightedAverageShsOut": 9460000000,
    "weightedAverageShsOutDil": 9660000000,
    "link": "https://www.sec.gov/Archives/edgar/data/1018724/000101872416000286/0001018724-16-000286-index.htm",
    "finalLink": "https://www.sec.gov/Archives/edgar/data/1018724/000101872416000286/amzn-20160630x10q.htm"
  },
  {
    "date": "2016-03-31",
    "symbol": "AMZN",
    "reportedCurrency": "USD",
    "cik": "0001018724",
    "fillingDate": "2016-04-29",
    "acceptedDate": "2016-04-28 18:27:40",
    "calendarYear": "2016",
    "period": "Q1",
    "revenue": 29128000000,
    "costOfRevenue": 18866000000,
    "grossProfit": 10262000000,
    "grossProfitRatio": 0.3523070585,
    "researchAndDevelopmentExpenses": 161000000,
    "generalAndAdministrativeExpenses": 497000000,
    "sellingAndMarketingExpenses": 1436000000,
    "sellingGeneralAndAdministrativeExpenses": 1933000000,
    "otherExpenses": 3732000000,
    "operatingExpenses": 9191000000,
    "costAndExpenses": 28057000000,
    "interestIncome": 21000000,
    "interestExpense": 117000000,
    "depreciationAndAmortization": 1827000000,
    "ebitda": 3000000000,
    "ebitdaratio": 0.1029936831,
    "operatingIncome": 1071000000,
    "operatingIncomeRatio": 0.0367687449,
    "totalOtherIncomeExpensesNet": -15000000,
    "incomeBeforeTax": 1056000000,
    "incomeBeforeTaxRatio": 0.0362537764,
    "incomeTaxExpense": 475000000,
    "netIncome": 513000000,
    "netIncomeRatio": 0.0176119198,
    "eps": 0.0545,
    "epsdiluted": 0.0535,
    "weightedAverageShsOut": 9420000000,
    "weightedAverageShsOutDil": 9620000000,
    "link": "https://www.sec.gov/Archives/edgar/data/1018724/000101872416000227/0001018724-16-000227-index.htm",
    "finalLink": "https://www.sec.gov/Archives/edgar/data/1018724/000101872416000227/amzn-20160331x10q.htm"
  },
  {
    "date": "2015-12-31",
    "symbol": "AMZN",
    "reportedCurrency": "USD",
    "cik": "0001018724",
    "fillingDate": "2016-01-29",
    "acceptedDate": "2016-01-28 19:38:11",
    "calendarYear": "2015",
    "period": "Q4",
    "revenue": 35747000000,
    "costOfRevenue": 24341000000,
    "grossProfit": 11406000000,
    "grossProfitRatio": 0.3190757266,
    "researchAndDevelopmentExpenses": 167000000,
    "generalAndAdministrativeExpenses": 390000000,
    "sellingAndMarketingExpenses": 1758000000,
    "sellingGeneralAndAdministrativeExpenses": 2148000000,
    "otherExpenses": 4580000000,
    "operatingExpenses": 10297000000,
    "costAndExpenses": 34638000000,
    "interestIncome": 13000000,
    "interestExpense": 115000000,
    "depreciationAndAmortization": 1752000000,
    "ebitda": 2805000000,
    "ebitdaratio": 0.0784681232,
    "operatingIncome": 1109000000,
    "operatingIncomeRatio": 0.0310235824,
    "totalOtherIncomeExpensesNet": -171000000,
    "incomeBeforeTax": 934000000,
    "incomeBeforeTaxRatio": 0.0261280667,
    "incomeTaxExpense": 452000000,
    "netIncome": 482000000,
    "netIncomeRatio": 0.013483649,
    "eps": 0.0515,
    "epsdiluted": 0.05,
    "weightedAverageShsOut": 9400000000,
    "weightedAverageShsOutDil": 9620000000,
    "link": "https://www.sec.gov/Archives/edgar/data/1018724/000101872416000172/0001018724-16-000172-index.htm",
    "finalLink": "https://www.sec.gov/Archives/edgar/data/1018724/000101872416000172/amzn-20151231x10k.htm"
  },
  {
    "date": "2015-09-30",
    "symbol": "AMZN",
    "reportedCurrency": "USD",
    "cik": "0001018724",
    "fillingDate": "2015-10-23",
    "acceptedDate": "2015-10-22 18:50:56",
    "calendarYear": "2015",
    "period": "Q3",
    "revenue": 25358000000,
    "costOfRevenue": 16755000000,
    "grossProfit": 8603000000,
    "grossProfitRatio": 0.3392617714,
    "researchAndDevelopmentExpenses": 159000000,
    "generalAndAdministrativeExpenses": 463000000,
    "sellingAndMarketingExpenses": 1264000000,
    "sellingGeneralAndAdministrativeExpenses": 1727000000,
    "otherExpenses": 3273000000,
    "operatingExpenses": 8197000000,
    "costAndExpenses": 24952000000,
    "interestIncome": 13000000,
    "interestExpense": 116000000,
    "depreciationAndAmortization": 1599000000,
    "ebitda": 1962000000,
    "ebitdaratio": 0.0773720325,
    "operatingIncome": 406000000,
    "operatingIncomeRatio": 0.0160107264,
    "totalOtherIncomeExpensesNet": -159000000,
    "incomeBeforeTax": 247000000,
    "incomeBeforeTaxRatio": 0.0097405158,
    "incomeTaxExpense": 161000000,
    "netIncome": 79000000,
    "netIncomeRatio": 0.0031153876,
    "eps": 0.0085,
    "epsdiluted": 0.0085,
    "weightedAverageShsOut": 9360000000,
    "weightedAverageShsOutDil": 9560000000,
    "link": "https://www.sec.gov/Archives/edgar/data/1018724/000101872415000126/0001018724-15-000126-index.htm",
    "finalLink": "https://www.sec.gov/Archives/edgar/data/1018724/000101872415000126/amzn-20150930x10q.htm"
  },
  {
    "date": "2015-06-30",
    "symbol": "AMZN",
    "reportedCurrency": "USD",
    "cik": "0001018724",
    "fillingDate": "2015-07-24",
    "acceptedDate": "2015-07-23 18:46:09",
    "calendarYear": "2015",
    "period": "Q2",
    "revenue": 23185000000,
    "costOfRevenue": 15160000000,
    "grossProfit": 8025000000,
    "grossProfitRatio": 0.3461289627,
    "researchAndDevelopmentExpenses": 157000000,
    "generalAndAdministrativeExpenses": 467000000,
    "sellingAndMarketingExpenses": 1150000000,
    "sellingGeneralAndAdministrativeExpenses": 1617000000,
    "otherExpenses": 2924000000,
    "operatingExpenses": 7561000000,
    "costAndExpenses": 22721000000,
    "interestIncome": 12000000,
    "interestExpense": 114000000,
    "depreciationAndAmortization": 1504000000,
    "ebitda": 1980000000,
    "ebitdaratio": 0.0854000431,
    "operatingIncome": 464000000,
    "operatingIncomeRatio": 0.0200129394,
    "totalOtherIncomeExpensesNet": -102000000,
    "incomeBeforeTax": 362000000,
    "incomeBeforeTaxRatio": 0.0156135432,
    "incomeTaxExpense": 266000000,
    "netIncome": 92000000,
    "netIncomeRatio": 0.0039680828,
    "eps": 0.01,
    "epsdiluted": 0.0095,
    "weightedAverageShsOut": 9340000000,
    "weightedAverageShsOutDil": 9520000000,
    "link": "https://www.sec.gov/Archives/edgar/data/1018724/000101872415000087/0001018724-15-000087-index.htm",
    "finalLink": "https://www.sec.gov/Archives/edgar/data/1018724/000101872415000087/amzn-20150630x10q.htm"
  },
  {
    "date": "2015-03-31",
    "symbol": "AMZN",
    "reportedCurrency": "USD",
    "cik": "0001018724",
    "fillingDate": "2015-04-24",
    "acceptedDate": "2015-04-23 19:03:23",
    "calendarYear": "2015",
    "period": "Q1",
    "revenue": 22717000000,
    "costOfRevenue": 15395000000,
    "grossProfit": 7322000000,
    "grossProfitRatio": 0.3223136858,
    "researchAndDevelopmentExpenses": 152000000,
    "generalAndAdministrativeExpenses": 427000000,
    "sellingAndMarketingExpenses": 1083000000,
    "sellingGeneralAndAdministrativeExpenses": 1510000000,
    "otherExpenses": 2803000000,
    "operatingExpenses": 7067000000,
    "costAndExpenses": 22462000000,
    "interestIncome": 11000000,
    "interestExpense": 115000000,
    "depreciationAndAmortization": 1426000000,
    "ebitda": 1562000000,
    "ebitdaratio": 0.0687590791,
    "operatingIncome": 255000000,
    "operatingIncomeRatio": 0.0112250737,
    "totalOtherIncomeExpensesNet": -234000000,
    "incomeBeforeTax": 21000000,
    "incomeBeforeTaxRatio": 0.0009244178,
    "incomeTaxExpense": 71000000,
    "netIncome": -57000000,
    "netIncomeRatio": -0.0025091341,
    "eps": -0.006,
    "epsdiluted": -0.006,
    "weightedAverageShsOut": 9300000000,
    "weightedAverageShsOutDil": 9300000000,
    "link": "https://www.sec.gov/Archives/edgar/data/1018724/000101872415000038/0001018724-15-000038-index.htm",
    "finalLink": "https://www.sec.gov/Archives/edgar/data/1018724/000101872415000038/amzn-20150331x10q.htm"
  },
  {
    "date": "2014-12-31",
    "symbol": "AMZN",
    "reportedCurrency": "USD",
    "cik": "0001018724",
    "fillingDate": "2015-01-30",
    "acceptedDate": "2015-01-29 19:38:08",
    "calendarYear": "2014",
    "period": "Q4",
    "revenue": 29329000000,
    "costOfRevenue": 20672000000,
    "grossProfit": 8657000000,
    "grossProfitRatio": 0.2951686045,
    "researchAndDevelopmentExpenses": 148000000,
    "generalAndAdministrativeExpenses": 442000000,
    "sellingAndMarketingExpenses": 1526000000,
    "sellingGeneralAndAdministrativeExpenses": 1968000000,
    "otherExpenses": 3463000000,
    "operatingExpenses": 8067000000,
    "costAndExpenses": 28739000000,
    "interestIncome": 8000000,
    "interestExpense": 74000000,
    "depreciationAndAmortization": 1380000000,
    "ebitda": 1883000000,
    "ebitdaratio": 0.0642026663,
    "operatingIncome": 590000000,
    "operatingIncomeRatio": 0.0201166081,
    "totalOtherIncomeExpensesNet": -161000000,
    "incomeBeforeTax": 429000000,
    "incomeBeforeTaxRatio": 0.0146271608,
    "incomeTaxExpense": 205000000,
    "netIncome": 214000000,
    "netIncomeRatio": 0.0072965324,
    "eps": 0.023,
    "epsdiluted": 0.0225,
    "weightedAverageShsOut": 9280000000,
    "weightedAverageShsOutDil": 9440000000,
    "link": "https://www.sec.gov/Archives/edgar/data/1018724/000101872415000006/0001018724-15-000006-index.htm",
    "finalLink": "https://www.sec.gov/Archives/edgar/data/1018724/000101872415000006/amzn-20141231x10k.htm"
  },
  {
    "date": "2014-09-30",
    "symbol": "AMZN",
    "reportedCurrency": "USD",
    "cik": "0001018724",
    "fillingDate": "2014-10-24",
    "acceptedDate": "2014-10-23 19:33:37",
    "calendarYear": "2014",
    "period": "Q3",
    "revenue": 20579000000,
    "costOfRevenue": 14627000000,
    "grossProfit": 5952000000,
    "grossProfitRatio": 0.2892268818,
    "researchAndDevelopmentExpenses": 138000000,
    "generalAndAdministrativeExpenses": 406000000,
    "sellingAndMarketingExpenses": 993000000,
    "sellingGeneralAndAdministrativeExpenses": 1399000000,
    "otherExpenses": 2674000000,
    "operatingExpenses": 6496000000,
    "costAndExpenses": 21123000000,
    "interestIncome": 9000000,
    "interestExpense": 49000000,
    "depreciationAndAmortization": 1247000000,
    "ebitda": 662000000,
    "ebitdaratio": 0.0321687157,
    "operatingIncome": -544000000,
    "operatingIncomeRatio": -0.026434715,
    "totalOtherIncomeExpensesNet": -90000000,
    "incomeBeforeTax": -634000000,
    "incomeBeforeTaxRatio": -0.0308081054,
    "incomeTaxExpense": 205000000,
    "netIncome": -437000000,
    "netIncomeRatio": -0.0212352398,
    "eps": -0.0475,
    "epsdiluted": -0.0475,
    "weightedAverageShsOut": 9200000000,
    "weightedAverageShsOutDil": 9260000000,
    "link": "https://www.sec.gov/Archives/edgar/data/1018724/000101872414000055/0001018724-14-000055-index.htm",
    "finalLink": "https://www.sec.gov/Archives/edgar/data/1018724/000101872414000055/amzn-20140930x10q.htm"
  },
  {
    "date": "2014-06-30",
    "symbol": "AMZN",
    "reportedCurrency": "USD",
    "cik": "0001018724",
    "fillingDate": "2014-07-25",
    "acceptedDate": "2014-07-24 19:36:23",
    "calendarYear": "2014",
    "period": "Q2",
    "revenue": 19340000000,
    "costOfRevenue": 13399000000,
    "grossProfit": 5941000000,
    "grossProfitRatio": 0.3071871768,
    "researchAndDevelopmentExpenses": 139000000,
    "generalAndAdministrativeExpenses": 377000000,
    "sellingAndMarketingExpenses": 943000000,
    "sellingGeneralAndAdministrativeExpenses": 1320000000,
    "otherExpenses": 2410000000,
    "operatingExpenses": 5956000000,
    "costAndExpenses": 19355000000,
    "interestIncome": 11000000,
    "interestExpense": 45000000,
    "depreciationAndAmortization": 1109000000,
    "ebitda": 1127000000,
    "ebitdaratio": 0.0582730093,
    "operatingIncome": -15000000,
    "operatingIncomeRatio": -0.0007755946,
    "totalOtherIncomeExpensesNet": -12000000,
    "incomeBeforeTax": -27000000,
    "incomeBeforeTaxRatio": -0.0013960703,
    "incomeTaxExpense": 94000000,
    "netIncome": -126000000,
    "netIncomeRatio": -0.0065149948,
    "eps": -0.0135,
    "epsdiluted": -0.0135,
    "weightedAverageShsOut": 9220000000,
    "weightedAverageShsOutDil": 9220000000,
    "link": "https://www.sec.gov/Archives/edgar/data/1018724/000101872414000025/0001018724-14-000025-index.htm",
    "finalLink": "https://www.sec.gov/Archives/edgar/data/1018724/000101872414000025/amzn-20140630x10q.htm"
  },
  {
    "date": "2014-03-31",
    "symbol": "AMZN",
    "reportedCurrency": "USD",
    "cik": "0001018724",
    "fillingDate": "2014-04-25",
    "acceptedDate": "2014-04-24 19:35:02",
    "calendarYear": "2014",
    "period": "Q1",
    "revenue": 19741000000,
    "costOfRevenue": 14055000000,
    "grossProfit": 5686000000,
    "grossProfitRatio": 0.2880299883,
    "researchAndDevelopmentExpenses": 133000000,
    "generalAndAdministrativeExpenses": 327000000,
    "sellingAndMarketingExpenses": 870000000,
    "sellingGeneralAndAdministrativeExpenses": 1197000000,
    "otherExpenses": 2352000000,
    "operatingExpenses": 5540000000,
    "costAndExpenses": 19595000000,
    "interestIncome": 11000000,
    "interestExpense": 42000000,
    "depreciationAndAmortization": 1010000000,
    "ebitda": 1172000000,
    "ebitdaratio": 0.0593688263,
    "operatingIncome": 146000000,
    "operatingIncomeRatio": 0.0073957753,
    "totalOtherIncomeExpensesNet": -26000000,
    "incomeBeforeTax": 120000000,
    "incomeBeforeTaxRatio": 0.0060787194,
    "incomeTaxExpense": 73000000,
    "netIncome": 108000000,
    "netIncomeRatio": 0.0054708475,
    "eps": 0.0115,
    "epsdiluted": 0.0115,
    "weightedAverageShsOut": 9200000000,
    "weightedAverageShsOutDil": 9360000000,
    "link": "https://www.sec.gov/Archives/edgar/data/1018724/000101872414000014/0001018724-14-000014-index.htm",
    "finalLink": "https://www.sec.gov/Archives/edgar/data/1018724/000101872414000014/amzn-20140331x10q.htm"
  },
  {
    "date": "2013-12-31",
    "symbol": "AMZN",
    "reportedCurrency": "USD",
    "cik": "0001018724",
    "fillingDate": "2014-01-31",
    "acceptedDate": "2014-01-30 21:52:38",
    "calendarYear": "2013",
    "period": "Q4",
    "revenue": 25587000000,
    "costOfRevenue": 18806000000,
    "grossProfit": 6781000000,
    "grossProfitRatio": 0.2650173916,
    "researchAndDevelopmentExpenses": 125000000,
    "generalAndAdministrativeExpenses": 319000000,
    "sellingAndMarketingExpenses": 1132000000,
    "sellingGeneralAndAdministrativeExpenses": 1451000000,
    "otherExpenses": 2958000000,
    "operatingExpenses": 6271000000,
    "costAndExpenses": 25077000000,
    "interestIncome": 10000000,
    "interestExpense": 39000000,
    "depreciationAndAmortization": 962000000,
    "ebitda": 1453000000,
    "ebitdaratio": 0.0567866495,
    "operatingIncome": 510000000,
    "operatingIncomeRatio": 0.0199319967,
    "totalOtherIncomeExpensesNet": -58000000,
    "incomeBeforeTax": 452000000,
    "incomeBeforeTaxRatio": 0.0176652206,
    "incomeTaxExpense": 179000000,
    "netIncome": 240000000,
    "netIncomeRatio": 0.0093797632,
    "eps": 0.026,
    "epsdiluted": 0.0255,
    "weightedAverageShsOut": 9160000000,
    "weightedAverageShsOutDil": 9340000000,
    "link": "https://www.sec.gov/Archives/edgar/data/1018724/000101872414000006/0001018724-14-000006-index.htm",
    "finalLink": "https://www.sec.gov/Archives/edgar/data/1018724/000101872414000006/amzn-20131231x10k.htm"
  },
  {
    "date": "2013-09-30",
    "symbol": "AMZN",
    "reportedCurrency": "USD",
    "cik": "0001018724",
    "fillingDate": "2013-10-25",
    "acceptedDate": "2013-10-24 19:56:06",
    "calendarYear": "2013",
    "period": "Q3",
    "revenue": 17092000000,
    "costOfRevenue": 12366000000,
    "grossProfit": 4726000000,
    "grossProfitRatio": 0.2765036274,
    "researchAndDevelopmentExpenses": 117000000,
    "generalAndAdministrativeExpenses": 278000000,
    "sellingAndMarketingExpenses": 694000000,
    "sellingGeneralAndAdministrativeExpenses": 972000000,
    "otherExpenses": 2045000000,
    "operatingExpenses": 4751000000,
    "costAndExpenses": 17117000000,
    "interestIncome": 9000000,
    "interestExpense": 36000000,
    "depreciationAndAmortization": 834000000,
    "ebitda": 827000000,
    "ebitdaratio": 0.0483852095,
    "operatingIncome": -25000000,
    "operatingIncomeRatio": -0.0014626726,
    "totalOtherIncomeExpensesNet": -18000000,
    "incomeBeforeTax": -43000000,
    "incomeBeforeTaxRatio": -0.0025157969,
    "incomeTaxExpense": 12000000,
    "netIncome": -41000000,
    "netIncomeRatio": -0.0023987831,
    "eps": -0.0045,
    "epsdiluted": -0.0045,
    "weightedAverageShsOut": 9111111111,
    "weightedAverageShsOutDil": 9140000000,
    "link": "https://www.sec.gov/Archives/edgar/data/1018724/000144530513002495/0001445305-13-002495-index.htm",
    "finalLink": "https://www.sec.gov/Archives/edgar/data/1018724/000144530513002495/amzn-20130930x10q.htm"
  },
  {
    "date": "2013-06-30",
    "symbol": "AMZN",
    "reportedCurrency": "USD",
    "cik": "0001018724",
    "fillingDate": "2013-07-26",
    "acceptedDate": "2013-07-25 20:13:37",
    "calendarYear": "2013",
    "period": "Q2",
    "revenue": 15704000000,
    "costOfRevenue": 11209000000,
    "grossProfit": 4495000000,
    "grossProfitRatio": 0.2862328069,
    "researchAndDevelopmentExpenses": 107000000,
    "generalAndAdministrativeExpenses": 286000000,
    "sellingAndMarketingExpenses": 675000000,
    "sellingGeneralAndAdministrativeExpenses": 961000000,
    "otherExpenses": 1869000000,
    "operatingExpenses": 4416000000,
    "costAndExpenses": 15625000000,
    "interestIncome": 9000000,
    "interestExpense": 33000000,
    "depreciationAndAmortization": 756000000,
    "ebitda": 806000000,
    "ebitdaratio": 0.0513245033,
    "operatingIncome": 79000000,
    "operatingIncomeRatio": 0.0050305655,
    "totalOtherIncomeExpensesNet": -62000000,
    "incomeBeforeTax": 17000000,
    "incomeBeforeTaxRatio": 0.0010825267,
    "incomeTaxExpense": 13000000,
    "netIncome": -7000000,
    "netIncomeRatio": -0.0004457463,
    "eps": -0.001,
    "epsdiluted": -0.001,
    "weightedAverageShsOut": 9120000000,
    "weightedAverageShsOutDil": 9120000000,
    "link": "https://www.sec.gov/Archives/edgar/data/1018724/000119312513303204/0001193125-13-303204-index.htm",
    "finalLink": "https://www.sec.gov/Archives/edgar/data/1018724/000119312513303204/d542614d10q.htm"
  },
  {
    "date": "2013-03-31",
    "symbol": "AMZN",
    "reportedCurrency": "USD",
    "cik": "0001018724",
    "fillingDate": "2013-04-26",
    "acceptedDate": "2013-04-25 19:36:25",
    "calendarYear": "2013",
    "period": "Q1",
    "revenue": 16070000000,
    "costOfRevenue": 11801000000,
    "grossProfit": 4269000000,
    "grossProfitRatio": 0.26565028,
    "researchAndDevelopmentExpenses": 101000000,
    "generalAndAdministrativeExpenses": 246000000,
    "sellingAndMarketingExpenses": 632000000,
    "sellingGeneralAndAdministrativeExpenses": 878000000,
    "otherExpenses": 1827000000,
    "operatingExpenses": 4088000000,
    "costAndExpenses": 15889000000,
    "interestIncome": 10000000,
    "interestExpense": 33000000,
    "depreciationAndAmortization": 700000000,
    "ebitda": 814000000,
    "ebitdaratio": 0.0506533914,
    "operatingIncome": 181000000,
    "operatingIncomeRatio": 0.0112632234,
    "totalOtherIncomeExpensesNet": -100000000,
    "incomeBeforeTax": 81000000,
    "incomeBeforeTaxRatio": 0.005040448,
    "incomeTaxExpense": 18000000,
    "netIncome": 82000000,
    "netIncomeRatio": 0.0051026758,
    "eps": 0.009,
    "epsdiluted": 0.009,
    "weightedAverageShsOut": 9100000000,
    "weightedAverageShsOutDil": 9260000000,
    "link": "https://www.sec.gov/Archives/edgar/data/1018724/000119312513174667/0001193125-13-174667-index.htm",
    "finalLink": "https://www.sec.gov/Archives/edgar/data/1018724/000119312513174667/d492540d10q.htm"
  },
  {
    "date": "2012-12-31",
    "symbol": "AMZN",
    "reportedCurrency": "USD",
    "cik": "0001018724",
    "fillingDate": "2013-01-30",
    "acceptedDate": "2013-01-29 19:13:32",
    "calendarYear": "2012",
    "period": "Q4",
    "revenue": 21268000000,
    "costOfRevenue": 16137000000,
    "grossProfit": 5131000000,
    "grossProfitRatio": 0.2412544668,
    "researchAndDevelopmentExpenses": 94000000,
    "generalAndAdministrativeExpenses": 234000000,
    "sellingAndMarketingExpenses": 851000000,
    "sellingGeneralAndAdministrativeExpenses": 1085000000,
    "otherExpenses": 2296000000,
    "operatingExpenses": 4726000000,
    "costAndExpenses": 20863000000,
    "interestIncome": 8000000,
    "interestExpense": 27000000,
    "depreciationAndAmortization": 662000000,
    "ebitda": 1026000000,
    "ebitdaratio": 0.0482414896,
    "operatingIncome": 405000000,
    "operatingIncomeRatio": 0.0190426932,
    "totalOtherIncomeExpensesNet": -68000000,
    "incomeBeforeTax": 337000000,
    "incomeBeforeTaxRatio": 0.0158454015,
    "incomeTaxExpense": 194000000,
    "netIncome": 98000000,
    "netIncomeRatio": 0.0046078616,
    "eps": 0.0105,
    "epsdiluted": 0.0105,
    "weightedAverageShsOut": 9080000000,
    "weightedAverageShsOutDil": 9220000000,
    "link": "https://www.sec.gov/Archives/edgar/data/1018724/000119312513028520/0001193125-13-028520-index.htm",
    "finalLink": "https://www.sec.gov/Archives/edgar/data/1018724/000119312513028520/d445434d10k.htm"
  },
  {
    "date": "2012-09-30",
    "symbol": "AMZN",
    "reportedCurrency": "USD",
    "cik": "0001018724",
    "fillingDate": "2012-10-26",
    "acceptedDate": "2012-10-25 19:35:25",
    "calendarYear": "2012",
    "period": "Q3",
    "revenue": 13806000000,
    "costOfRevenue": 10319000000,
    "grossProfit": 3487000000,
    "grossProfitRatio": 0.2525713458,
    "researchAndDevelopmentExpenses": 85000000,
    "generalAndAdministrativeExpenses": 230000000,
    "sellingAndMarketingExpenses": 540000000,
    "sellingGeneralAndAdministrativeExpenses": 770000000,
    "otherExpenses": 1553000000,
    "operatingExpenses": 3515000000,
    "costAndExpenses": 13834000000,
    "interestIncome": 10000000,
    "interestExpense": 22000000,
    "depreciationAndAmortization": 554000000,
    "ebitda": 544000000,
    "ebitdaratio": 0.039403158,
    "operatingIncome": -28000000,
    "operatingIncomeRatio": -0.0020281037,
    "totalOtherIncomeExpensesNet": 6000000,
    "incomeBeforeTax": -22000000,
    "incomeBeforeTaxRatio": -0.0015935101,
    "incomeTaxExpense": 83000000,
    "netIncome": -274000000,
    "netIncomeRatio": -0.0198464436,
    "eps": -0.03,
    "epsdiluted": -0.03,
    "weightedAverageShsOut": 9040000000,
    "weightedAverageShsOutDil": 9200000000,
    "link": "https://www.sec.gov/Archives/edgar/data/1018724/000119312512436012/0001193125-12-436012-index.htm",
    "finalLink": "https://www.sec.gov/Archives/edgar/data/1018724/000119312512436012/d403488d10q.htm"
  },
  {
    "date": "2012-06-30",
    "symbol": "AMZN",
    "reportedCurrency": "USD",
    "cik": "0001018724",
    "fillingDate": "2012-07-27",
    "acceptedDate": "2012-07-26 20:02:00",
    "calendarYear": "2012",
    "period": "Q2",
    "revenue": 12834000000,
    "costOfRevenue": 9488000000,
    "grossProfit": 3346000000,
    "grossProfitRatio": 0.2607137292,
    "researchAndDevelopmentExpenses": 1082000000,
    "generalAndAdministrativeExpenses": 232000000,
    "sellingAndMarketingExpenses": 537000000,
    "sellingGeneralAndAdministrativeExpenses": 769000000,
    "otherExpenses": 1388000000,
    "operatingExpenses": 3239000000,
    "costAndExpenses": 12727000000,
    "interestIncome": 10000000,
    "interestExpense": 21000000,
    "depreciationAndAmortization": 485000000,
    "ebitda": 652000000,
    "ebitdaratio": 0.0508025557,
    "operatingIncome": 107000000,
    "operatingIncomeRatio": 0.0083372292,
    "totalOtherIncomeExpensesNet": 39000000,
    "incomeBeforeTax": 146000000,
    "incomeBeforeTaxRatio": 0.0113760324,
    "incomeTaxExpense": 109000000,
    "netIncome": 7000000,
    "netIncomeRatio": 0.0005454262,
    "eps": 0.001,
    "epsdiluted": 0.0005,
    "weightedAverageShsOut": 9020000000,
    "weightedAverageShsOutDil": 9160000000,
    "link": "https://www.sec.gov/Archives/edgar/data/1018724/000119312512317409/0001193125-12-317409-index.htm",
    "finalLink": "https://www.sec.gov/Archives/edgar/data/1018724/000119312512317409/d363661d10q.htm"
  },
  {
    "date": "2012-03-31",
    "symbol": "AMZN",
    "reportedCurrency": "USD",
    "cik": "0001018724",
    "fillingDate": "2012-04-27",
    "acceptedDate": "2012-04-26 21:25:46",
    "calendarYear": "2012",
    "period": "Q1",
    "revenue": 13185000000,
    "costOfRevenue": 10027000000,
    "grossProfit": 3158000000,
    "grossProfitRatio": 0.2395145999,
    "researchAndDevelopmentExpenses": 945000000,
    "generalAndAdministrativeExpenses": 200000000,
    "sellingAndMarketingExpenses": 480000000,
    "sellingGeneralAndAdministrativeExpenses": 680000000,
    "otherExpenses": 1341000000,
    "operatingExpenses": 2966000000,
    "costAndExpenses": 12993000000,
    "interestIncome": 12000000,
    "interestExpense": 21000000,
    "depreciationAndAmortization": 457000000,
    "ebitda": 562000000,
    "ebitdaratio": 0.0426241942,
    "operatingIncome": 192000000,
    "operatingIncomeRatio": 0.0145620023,
    "totalOtherIncomeExpensesNet": -108000000,
    "incomeBeforeTax": 84000000,
    "incomeBeforeTaxRatio": 0.006370876,
    "incomeTaxExpense": 43000000,
    "netIncome": 130000000,
    "netIncomeRatio": 0.009859689,
    "eps": 0.0145,
    "epsdiluted": 0.014,
    "weightedAverageShsOut": 9060000000,
    "weightedAverageShsOutDil": 9200000000,
    "link": "https://www.sec.gov/Archives/edgar/data/1018724/000119312512187203/0001193125-12-187203-index.htm",
    "finalLink": "https://www.sec.gov/Archives/edgar/data/1018724/000119312512187203/d316991d10q.htm"
  },
  {
    "date": "2011-12-31",
    "symbol": "AMZN",
    "reportedCurrency": "USD",
    "cik": "0001018724",
    "fillingDate": "2012-02-01",
    "acceptedDate": "2012-01-31 21:58:32",
    "calendarYear": "2011",
    "period": "Q4",
    "revenue": 17431000000,
    "costOfRevenue": 13831000000,
    "grossProfit": 3600000000,
    "grossProfitRatio": 0.2065285985,
    "researchAndDevelopmentExpenses": 862000000,
    "generalAndAdministrativeExpenses": 184000000,
    "sellingAndMarketingExpenses": 593000000,
    "sellingGeneralAndAdministrativeExpenses": 777000000,
    "otherExpenses": 1701000000,
    "operatingExpenses": 3340000000,
    "costAndExpenses": 17171000000,
    "interestIncome": 14000000,
    "interestExpense": 20000000,
    "depreciationAndAmortization": 359000000,
    "ebitda": 652000000,
    "ebitdaratio": 0.0374046239,
    "operatingIncome": 260000000,
    "operatingIncomeRatio": 0.0149159543,
    "totalOtherIncomeExpensesNet": 13000000,
    "incomeBeforeTax": 273000000,
    "incomeBeforeTaxRatio": 0.0156617521,
    "incomeTaxExpense": 86000000,
    "netIncome": 177000000,
    "netIncomeRatio": 0.0101543228,
    "eps": 0.0195,
    "epsdiluted": 0.019,
    "weightedAverageShsOut": 9100000000,
    "weightedAverageShsOutDil": 9240000000,
    "link": "https://www.sec.gov/Archives/edgar/data/1018724/000119312512032846/0001193125-12-032846-index.htm",
    "finalLink": "https://www.sec.gov/Archives/edgar/data/1018724/000119312512032846/d269317d10k.htm"
  },
  {
    "date": "2011-09-30",
    "symbol": "AMZN",
    "reportedCurrency": "USD",
    "cik": "0001018724",
    "fillingDate": "2011-10-26",
    "acceptedDate": "2011-10-25 21:10:22",
    "calendarYear": "2011",
    "period": "Q3",
    "revenue": 10876000000,
    "costOfRevenue": 8325000000,
    "grossProfit": 2551000000,
    "grossProfitRatio": 0.2345531445,
    "researchAndDevelopmentExpenses": 769000000,
    "generalAndAdministrativeExpenses": 175000000,
    "sellingAndMarketingExpenses": 370000000,
    "sellingGeneralAndAdministrativeExpenses": 545000000,
    "otherExpenses": 1158000000,
    "operatingExpenses": 2472000000,
    "costAndExpenses": 10797000000,
    "interestIncome": 16000000,
    "interestExpense": 17000000,
    "depreciationAndAmortization": 278000000,
    "ebitda": 425000000,
    "ebitdaratio": 0.0390768665,
    "operatingIncome": 79000000,
    "operatingIncomeRatio": 0.0072636999,
    "totalOtherIncomeExpensesNet": 51000000,
    "incomeBeforeTax": 130000000,
    "incomeBeforeTaxRatio": 0.0119529239,
    "incomeTaxExpense": 67000000,
    "netIncome": 63000000,
    "netIncomeRatio": 0.0057925708,
    "eps": 0.007,
    "epsdiluted": 0.007,
    "weightedAverageShsOut": 9080000000,
    "weightedAverageShsOutDil": 9220000000,
    "link": "https://www.sec.gov/Archives/edgar/data/1018724/000119312511280739/0001193125-11-280739-index.htm",
    "finalLink": "https://www.sec.gov/Archives/edgar/data/1018724/000119312511280739/d233845d10q.htm"
  },
  {
    "date": "2011-06-30",
    "symbol": "AMZN",
    "reportedCurrency": "USD",
    "cik": "0001018724",
    "fillingDate": "2011-07-27",
    "acceptedDate": "2011-07-26 21:56:04",
    "calendarYear": "2011",
    "period": "Q2",
    "revenue": 9913000000,
    "costOfRevenue": 7525000000,
    "grossProfit": 2388000000,
    "grossProfitRatio": 0.2408957934,
    "researchAndDevelopmentExpenses": 698000000,
    "generalAndAdministrativeExpenses": 166000000,
    "sellingAndMarketingExpenses": 341000000,
    "sellingGeneralAndAdministrativeExpenses": 507000000,
    "otherExpenses": 982000000,
    "operatingExpenses": 2187000000,
    "costAndExpenses": 9712000000,
    "interestIncome": 16000000,
    "interestExpense": 15000000,
    "depreciationAndAmortization": 244000000,
    "ebitda": 484000000,
    "ebitdaratio": 0.0488247755,
    "operatingIncome": 201000000,
    "operatingIncomeRatio": 0.0202764047,
    "totalOtherIncomeExpensesNet": 24000000,
    "incomeBeforeTax": 225000000,
    "incomeBeforeTaxRatio": 0.022697468,
    "incomeTaxExpense": 49000000,
    "netIncome": 191000000,
    "netIncomeRatio": 0.0192676284,
    "eps": 0.021,
    "epsdiluted": 0.0205,
    "weightedAverageShsOut": 9060000000,
    "weightedAverageShsOutDil": 9200000000,
    "link": "https://www.sec.gov/Archives/edgar/data/1018724/000119312511197823/0001193125-11-197823-index.htm",
    "finalLink": "https://www.sec.gov/Archives/edgar/data/1018724/000119312511197823/d10q.htm"
  },
  {
    "date": "2011-03-31",
    "symbol": "AMZN",
    "reportedCurrency": "USD",
    "cik": "0001018724",
    "fillingDate": "2011-04-27",
    "acceptedDate": "2011-04-26 21:39:57",
    "calendarYear": "2011",
    "period": "Q1",
    "revenue": 9857000000,
    "costOfRevenue": 7608000000,
    "grossProfit": 2249000000,
    "grossProfitRatio": 0.228162727,
    "researchAndDevelopmentExpenses": 579000000,
    "generalAndAdministrativeExpenses": 133000000,
    "sellingAndMarketingExpenses": 327000000,
    "sellingGeneralAndAdministrativeExpenses": 460000000,
    "otherExpenses": 888000000,
    "operatingExpenses": 1927000000,
    "costAndExpenses": 9535000000,
    "interestIncome": 15000000,
    "interestExpense": 12000000,
    "depreciationAndAmortization": 202000000,
    "ebitda": 521000000,
    "ebitdaratio": 0.0528558385,
    "operatingIncome": 322000000,
    "operatingIncomeRatio": 0.0326671401,
    "totalOtherIncomeExpensesNet": -15000000,
    "incomeBeforeTax": 307000000,
    "incomeBeforeTaxRatio": 0.0311453789,
    "incomeTaxExpense": 89000000,
    "netIncome": 201000000,
    "netIncomeRatio": 0.0203915999,
    "eps": 0.022,
    "epsdiluted": 0.022,
    "weightedAverageShsOut": 9020000000,
    "weightedAverageShsOutDil": 9180000000,
    "link": "https://www.sec.gov/Archives/edgar/data/1018724/000119312511110197/0001193125-11-110197-index.htm",
    "finalLink": "https://www.sec.gov/Archives/edgar/data/1018724/000119312511110197/d10q.htm"
  },
  {
    "date": "2010-12-31",
    "symbol": "AMZN",
    "reportedCurrency": "USD",
    "cik": "0001018724",
    "fillingDate": "2011-01-28",
    "acceptedDate": "2011-01-27 20:08:28",
    "calendarYear": "2010",
    "period": "Q4",
    "revenue": 12947000000,
    "costOfRevenue": 10317000000,
    "grossProfit": 2630000000,
    "grossProfitRatio": 0.2031358616,
    "researchAndDevelopmentExpenses": 518000000,
    "generalAndAdministrativeExpenses": 143000000,
    "sellingAndMarketingExpenses": 376000000,
    "sellingGeneralAndAdministrativeExpenses": 519000000,
    "otherExpenses": 1119000000,
    "operatingExpenses": 2156000000,
    "costAndExpenses": 12473000000,
    "interestIncome": 15000000,
    "interestExpense": 11000000,
    "depreciationAndAmortization": 169000000,
    "ebitda": 687000000,
    "ebitdaratio": 0.0530624855,
    "operatingIncome": 474000000,
    "operatingIncomeRatio": 0.0366107979,
    "totalOtherIncomeExpensesNet": 33000000,
    "incomeBeforeTax": 507000000,
    "incomeBeforeTaxRatio": 0.0391596509,
    "incomeTaxExpense": 85000000,
    "netIncome": 416000000,
    "netIncomeRatio": 0.0321309956,
    "eps": 0.0465,
    "epsdiluted": 0.0455,
    "weightedAverageShsOut": 9000000000,
    "weightedAverageShsOutDil": 9160000000,
    "link": "https://www.sec.gov/Archives/edgar/data/1018724/000119312511016253/0001193125-11-016253-index.htm",
    "finalLink": "https://www.sec.gov/Archives/edgar/data/1018724/000119312511016253/d10k.htm"
  },
  {
    "date": "2010-09-30",
    "symbol": "AMZN",
    "reportedCurrency": "USD",
    "cik": "0001018724",
    "fillingDate": "2010-10-22",
    "acceptedDate": "2010-10-21 20:02:18",
    "calendarYear": "2010",
    "period": "Q3",
    "revenue": 7560000000,
    "costOfRevenue": 5786000000,
    "grossProfit": 1774000000,
    "grossProfitRatio": 0.2346560847,
    "researchAndDevelopmentExpenses": 442000000,
    "generalAndAdministrativeExpenses": 117000000,
    "sellingAndMarketingExpenses": 241000000,
    "sellingGeneralAndAdministrativeExpenses": 358000000,
    "otherExpenses": 706000000,
    "operatingExpenses": 1506000000,
    "costAndExpenses": 7292000000,
    "interestIncome": 13000000,
    "interestExpense": 11000000,
    "depreciationAndAmortization": 150000000,
    "ebitda": 453000000,
    "ebitdaratio": 0.0599206349,
    "operatingIncome": 268000000,
    "operatingIncomeRatio": 0.0354497354,
    "totalOtherIncomeExpensesNet": 24000000,
    "incomeBeforeTax": 292000000,
    "incomeBeforeTaxRatio": 0.0386243386,
    "incomeTaxExpense": 79000000,
    "netIncome": 231000000,
    "netIncomeRatio": 0.0305555556,
    "eps": 0.0255,
    "epsdiluted": 0.0255,
    "weightedAverageShsOut": 8960000000,
    "weightedAverageShsOutDil": 9120000000,
    "link": "https://www.sec.gov/Archives/edgar/data/1018724/000119312510233883/0001193125-10-233883-index.htm",
    "finalLink": "https://www.sec.gov/Archives/edgar/data/1018724/000119312510233883/d10q.htm"
  },
  {
    "date": "2010-06-30",
    "symbol": "AMZN",
    "reportedCurrency": "USD",
    "cik": "0001018724",
    "fillingDate": "2010-07-23",
    "acceptedDate": "2010-07-22 19:45:58",
    "calendarYear": "2010",
    "period": "Q2",
    "revenue": 6566000000,
    "costOfRevenue": 4957000000,
    "grossProfit": 1609000000,
    "grossProfitRatio": 0.2450502589,
    "researchAndDevelopmentExpenses": 408000000,
    "generalAndAdministrativeExpenses": 113000000,
    "sellingAndMarketingExpenses": 211000000,
    "sellingGeneralAndAdministrativeExpenses": 324000000,
    "otherExpenses": 607000000,
    "operatingExpenses": 1339000000,
    "costAndExpenses": 6296000000,
    "interestIncome": 12000000,
    "interestExpense": 9000000,
    "depreciationAndAmortization": 129000000,
    "ebitda": 435000000,
    "ebitdaratio": 0.0662503807,
    "operatingIncome": 270000000,
    "operatingIncomeRatio": 0.041120926,
    "totalOtherIncomeExpensesNet": 27000000,
    "incomeBeforeTax": 297000000,
    "incomeBeforeTaxRatio": 0.0452330186,
    "incomeTaxExpense": 88000000,
    "netIncome": 207000000,
    "netIncomeRatio": 0.0315260433,
    "eps": 0.023,
    "epsdiluted": 0.0225,
    "weightedAverageShsOut": 8940000000,
    "weightedAverageShsOutDil": 9100000000,
    "link": "https://www.sec.gov/Archives/edgar/data/1018724/000119312510164083/0001193125-10-164083-index.htm",
    "finalLink": "https://www.sec.gov/Archives/edgar/data/1018724/000119312510164083/d10q.htm"
  },
  {
    "date": "2010-03-31",
    "symbol": "AMZN",
    "reportedCurrency": "USD",
    "cik": "0001018724",
    "fillingDate": "2010-04-23",
    "acceptedDate": "2010-04-22 18:54:49",
    "calendarYear": "2010",
    "period": "Q1",
    "revenue": 7131000000,
    "costOfRevenue": 5501000000,
    "grossProfit": 1630000000,
    "grossProfitRatio": 0.2285794419,
    "researchAndDevelopmentExpenses": 366000000,
    "generalAndAdministrativeExpenses": 97000000,
    "sellingAndMarketingExpenses": 201000000,
    "sellingGeneralAndAdministrativeExpenses": 298000000,
    "otherExpenses": 572000000,
    "operatingExpenses": 1236000000,
    "costAndExpenses": 6737000000,
    "interestIncome": 11000000,
    "interestExpense": 7000000,
    "depreciationAndAmortization": 119000000,
    "ebitda": 527000000,
    "ebitdaratio": 0.0739026784,
    "operatingIncome": 394000000,
    "operatingIncomeRatio": 0.0552517179,
    "totalOtherIncomeExpensesNet": 7000000,
    "incomeBeforeTax": 401000000,
    "incomeBeforeTaxRatio": 0.0562333474,
    "incomeTaxExpense": 100000000,
    "netIncome": 299000000,
    "netIncomeRatio": 0.0419296031,
    "eps": 0.0335,
    "epsdiluted": 0.033,
    "weightedAverageShsOut": 8900000000,
    "weightedAverageShsOutDil": 9080000000,
    "link": "https://www.sec.gov/Archives/edgar/data/1018724/000119312510090367/0001193125-10-090367-index.htm",
    "finalLink": "https://www.sec.gov/Archives/edgar/data/1018724/000119312510090367/d10q.htm"
  },
  {
    "date": "2009-12-31",
    "symbol": "AMZN",
    "reportedCurrency": "USD",
    "cik": "0001018724",
    "fillingDate": "2010-01-29",
    "acceptedDate": "2010-01-28 21:42:22",
    "calendarYear": "2009",
    "period": "Q4",
    "revenue": 9520000000,
    "costOfRevenue": 7543000000,
    "grossProfit": 1977000000,
    "grossProfitRatio": 0.2076680672,
    "researchAndDevelopmentExpenses": 0,
    "generalAndAdministrativeExpenses": 100000000,
    "sellingAndMarketingExpenses": 274000000,
    "sellingGeneralAndAdministrativeExpenses": 374000000,
    "otherExpenses": 1127000000,
    "operatingExpenses": 1501000000,
    "costAndExpenses": 9044000000,
    "interestIncome": 9000000,
    "interestExpense": 8000000,
    "depreciationAndAmortization": 112000000,
    "ebitda": 591000000,
    "ebitdaratio": 0.0620798319,
    "operatingIncome": 476000000,
    "operatingIncomeRatio": 0.05,
    "totalOtherIncomeExpensesNet": -5000000,
    "incomeBeforeTax": 471000000,
    "incomeBeforeTaxRatio": 0.0494747899,
    "incomeTaxExpense": 84000000,
    "netIncome": 384000000,
    "netIncomeRatio": 0.0403361345,
    "eps": 0.0435,
    "epsdiluted": 0.0425,
    "weightedAverageShsOut": 8800000000,
    "weightedAverageShsOutDil": 9000000000,
    "link": "https://www.sec.gov/Archives/edgar/data/1018724/000119312510016098/0001193125-10-016098-index.htm",
    "finalLink": "https://www.sec.gov/Archives/edgar/data/1018724/000119312510016098/d10k.htm"
  },
  {
    "date": "2009-09-30",
    "symbol": "AMZN",
    "reportedCurrency": "USD",
    "cik": "0001018724",
    "fillingDate": "2009-10-23",
    "acceptedDate": "2009-10-22 18:34:19",
    "calendarYear": "2009",
    "period": "Q3",
    "revenue": 5449000000,
    "costOfRevenue": 4176000000,
    "grossProfit": 1273000000,
    "grossProfitRatio": 0.2336208479,
    "researchAndDevelopmentExpenses": 315000000,
    "generalAndAdministrativeExpenses": 83000000,
    "sellingAndMarketingExpenses": 149000000,
    "sellingGeneralAndAdministrativeExpenses": 232000000,
    "otherExpenses": 475000000,
    "operatingExpenses": 1022000000,
    "costAndExpenses": 5198000000,
    "interestIncome": 7000000,
    "interestExpense": 7000000,
    "depreciationAndAmortization": 96000000,
    "ebitda": 365000000,
    "ebitdaratio": 0.0669847678,
    "operatingIncome": 251000000,
    "operatingIncomeRatio": 0.0460634979,
    "totalOtherIncomeExpensesNet": 11000000,
    "incomeBeforeTax": 262000000,
    "incomeBeforeTaxRatio": 0.0480822169,
    "incomeTaxExpense": 60000000,
    "netIncome": 199000000,
    "netIncomeRatio": 0.0365204625,
    "eps": 0.023,
    "epsdiluted": 0.0225,
    "weightedAverageShsOut": 8640000000,
    "weightedAverageShsOutDil": 8820000000,
    "link": "https://www.sec.gov/Archives/edgar/data/1018724/000119312509212134/0001193125-09-212134-index.htm",
    "finalLink": "https://www.sec.gov/Archives/edgar/data/1018724/000119312509212134/d10q.htm"
  },
  {
    "date": "2009-06-30",
    "symbol": "AMZN",
    "reportedCurrency": "USD",
    "cik": "0001018724",
    "fillingDate": "2009-07-24",
    "acceptedDate": "2009-07-23 18:14:16",
    "calendarYear": "2009",
    "period": "Q2",
    "revenue": 4651000000,
    "costOfRevenue": 3518000000,
    "grossProfit": 1133000000,
    "grossProfitRatio": 0.2436035261,
    "researchAndDevelopmentExpenses": 299000000,
    "generalAndAdministrativeExpenses": 77000000,
    "sellingAndMarketingExpenses": 129000000,
    "sellingGeneralAndAdministrativeExpenses": 206000000,
    "otherExpenses": 469000000,
    "operatingExpenses": 974000000,
    "costAndExpenses": 4492000000,
    "interestIncome": 8000000,
    "interestExpense": 7000000,
    "depreciationAndAmortization": 84000000,
    "ebitda": 270000000,
    "ebitdaratio": 0.0580520318,
    "operatingIncome": 159000000,
    "operatingIncomeRatio": 0.0341861965,
    "totalOtherIncomeExpensesNet": 20000000,
    "incomeBeforeTax": 179000000,
    "incomeBeforeTaxRatio": 0.038486347,
    "incomeTaxExpense": 39000000,
    "netIncome": 142000000,
    "netIncomeRatio": 0.0305310686,
    "eps": 0.0165,
    "epsdiluted": 0.016,
    "weightedAverageShsOut": 8620000000,
    "weightedAverageShsOutDil": 8800000000,
    "link": "https://www.sec.gov/Archives/edgar/data/1018724/000119312509154174/0001193125-09-154174-index.htm",
    "finalLink": "https://www.sec.gov/Archives/edgar/data/1018724/000119312509154174/d10q.htm"
  },
  {
    "date": "2009-03-31",
    "symbol": "AMZN",
    "reportedCurrency": "USD",
    "cik": "0001018724",
    "fillingDate": "2009-04-24",
    "acceptedDate": "2009-04-23 18:54:30",
    "calendarYear": "2009",
    "period": "Q1",
    "revenue": 4889000000,
    "costOfRevenue": 3741000000,
    "grossProfit": 1148000000,
    "grossProfitRatio": 0.2348128452,
    "researchAndDevelopmentExpenses": 0,
    "generalAndAdministrativeExpenses": 68000000,
    "sellingAndMarketingExpenses": 128000000,
    "sellingGeneralAndAdministrativeExpenses": 196000000,
    "otherExpenses": 708000000,
    "operatingExpenses": 904000000,
    "costAndExpenses": 4645000000,
    "interestIncome": 12000000,
    "interestExpense": 12000000,
    "depreciationAndAmortization": 87000000,
    "ebitda": 347000000,
    "ebitdaratio": 0.0709756596,
    "operatingIncome": 244000000,
    "operatingIncomeRatio": 0.0499079566,
    "totalOtherIncomeExpensesNet": 4000000,
    "incomeBeforeTax": 248000000,
    "incomeBeforeTaxRatio": 0.0507261199,
    "incomeTaxExpense": 69000000,
    "netIncome": 177000000,
    "netIncomeRatio": 0.0362037226,
    "eps": 0.0205,
    "epsdiluted": 0.0205,
    "weightedAverageShsOut": 8580000000,
    "weightedAverageShsOutDil": 8740000000,
    "link": "https://www.sec.gov/Archives/edgar/data/1018724/000119312509085983/0001193125-09-085983-index.htm",
    "finalLink": "https://www.sec.gov/Archives/edgar/data/1018724/000119312509085983/d10q.htm"
  },
  {
    "date": "2008-12-31",
    "symbol": "AMZN",
    "reportedCurrency": "USD",
    "cik": "0001018724",
    "fillingDate": "2009-01-30",
    "acceptedDate": "2009-01-29 18:48:15",
    "calendarYear": "2008",
    "period": "Q4",
    "revenue": 6703000000,
    "costOfRevenue": 5355000000,
    "grossProfit": 1348000000,
    "grossProfitRatio": 0.2011039833,
    "researchAndDevelopmentExpenses": 278000000,
    "generalAndAdministrativeExpenses": 71000000,
    "sellingAndMarketingExpenses": 169000000,
    "sellingGeneralAndAdministrativeExpenses": 240000000,
    "otherExpenses": 557000000,
    "operatingExpenses": 1075000000,
    "costAndExpenses": 6430000000,
    "interestIncome": 16000000,
    "interestExpense": 11000000,
    "depreciationAndAmortization": 77000000,
    "ebitda": 391000000,
    "ebitdaratio": 0.0583320901,
    "operatingIncome": 273000000,
    "operatingIncomeRatio": 0.0407280322,
    "totalOtherIncomeExpensesNet": 30000000,
    "incomeBeforeTax": 303000000,
    "incomeBeforeTaxRatio": 0.0452036402,
    "incomeTaxExpense": 80000000,
    "netIncome": 225000000,
    "netIncomeRatio": 0.0335670595,
    "eps": 0.0262237762,
    "epsdiluted": 0.025862069,
    "weightedAverageShsOut": 8580000000,
    "weightedAverageShsOutDil": 8700000000,
    "link": "https://www.sec.gov/Archives/edgar/data/1018724/000119312509014406/0001193125-09-014406-index.htm",
    "finalLink": "https://www.sec.gov/Archives/edgar/data/1018724/000119312509014406/d10k.htm"
  },
  {
    "date": "2008-09-30",
    "symbol": "AMZN",
    "reportedCurrency": "USD",
    "cik": "0001018724",
    "fillingDate": "2008-10-22",
    "acceptedDate": "2008-10-22 17:10:04",
    "calendarYear": "2008",
    "period": "Q3",
    "revenue": 4264000000,
    "costOfRevenue": 3265000000,
    "grossProfit": 999000000,
    "grossProfitRatio": 0.2342870544,
    "researchAndDevelopmentExpenses": 264000000,
    "generalAndAdministrativeExpenses": 73000000,
    "sellingAndMarketingExpenses": 108000000,
    "sellingGeneralAndAdministrativeExpenses": 181000000,
    "otherExpenses": 400000000,
    "operatingExpenses": 845000000,
    "costAndExpenses": 4110000000,
    "interestIncome": 21000000,
    "interestExpense": 17000000,
    "depreciationAndAmortization": 76000000,
    "ebitda": 275000000,
    "ebitdaratio": 0.0644934334,
    "operatingIncome": 154000000,
    "operatingIncomeRatio": 0.0361163227,
    "totalOtherIncomeExpensesNet": 28000000,
    "incomeBeforeTax": 182000000,
    "incomeBeforeTaxRatio": 0.0426829268,
    "incomeTaxExpense": 59000000,
    "netIncome": 118000000,
    "netIncomeRatio": 0.027673546,
    "eps": 0.014,
    "epsdiluted": 0.0135,
    "weightedAverageShsOut": 8540000000,
    "weightedAverageShsOutDil": 8720000000,
    "link": "https://www.sec.gov/Archives/edgar/data/1018724/000119312508214483/0001193125-08-214483-index.htm",
    "finalLink": "https://www.sec.gov/Archives/edgar/data/1018724/000119312508214483/d10q.htm"
  },
  {
    "date": "2008-06-30",
    "symbol": "AMZN",
    "reportedCurrency": "USD",
    "cik": "0001018724",
    "fillingDate": "2008-07-25",
    "acceptedDate": "2008-07-24 20:20:10",
    "calendarYear": "2008",
    "period": "Q2",
    "revenue": 4063000000,
    "costOfRevenue": 3096000000,
    "grossProfit": 967000000,
    "grossProfitRatio": 0.2380014767,
    "researchAndDevelopmentExpenses": 258000000,
    "generalAndAdministrativeExpenses": 74000000,
    "sellingAndMarketingExpenses": 102000000,
    "sellingGeneralAndAdministrativeExpenses": 176000000,
    "otherExpenses": 316000000,
    "operatingExpenses": 750000000,
    "costAndExpenses": 3846000000,
    "interestIncome": 20000000,
    "interestExpense": 21000000,
    "depreciationAndAmortization": 70000000,
    "ebitda": 299000000,
    "ebitdaratio": 0.0735909427,
    "operatingIncome": 217000000,
    "operatingIncomeRatio": 0.0534088112,
    "totalOtherIncomeExpensesNet": -9000000,
    "incomeBeforeTax": 208000000,
    "incomeBeforeTaxRatio": 0.0511936992,
    "incomeTaxExpense": 46000000,
    "netIncome": 158000000,
    "netIncomeRatio": 0.0388875215,
    "eps": 0.019,
    "epsdiluted": 0.0185,
    "weightedAverageShsOut": 8400000000,
    "weightedAverageShsOutDil": 8600000000,
    "link": "https://www.sec.gov/Archives/edgar/data/1018724/000119312508157451/0001193125-08-157451-index.htm",
    "finalLink": "https://www.sec.gov/Archives/edgar/data/1018724/000119312508157451/d10q.htm"
  },
  {
    "date": "2008-03-31",
    "symbol": "AMZN",
    "reportedCurrency": "USD",
    "cik": "0001018724",
    "fillingDate": "2008-04-25",
    "acceptedDate": "2008-04-24 17:33:42",
    "calendarYear": "2008",
    "period": "Q1",
    "revenue": 4135000000,
    "costOfRevenue": 3179000000,
    "grossProfit": 956000000,
    "grossProfitRatio": 0.2311970979,
    "researchAndDevelopmentExpenses": 234000000,
    "generalAndAdministrativeExpenses": 61000000,
    "sellingAndMarketingExpenses": 103000000,
    "sellingGeneralAndAdministrativeExpenses": 164000000,
    "otherExpenses": 360000000,
    "operatingExpenses": 758000000,
    "costAndExpenses": 3937000000,
    "interestIncome": 26000000,
    "interestExpense": 22000000,
    "depreciationAndAmortization": 65000000,
    "ebitda": 294000000,
    "ebitdaratio": 0.0711003628,
    "operatingIncome": 198000000,
    "operatingIncomeRatio": 0.0478839178,
    "totalOtherIncomeExpensesNet": 9000000,
    "incomeBeforeTax": 207000000,
    "incomeBeforeTaxRatio": 0.0500604595,
    "incomeTaxExpense": 62000000,
    "netIncome": 143000000,
    "netIncomeRatio": 0.0345828295,
    "eps": 0.017,
    "epsdiluted": 0.017,
    "weightedAverageShsOut": 8340000000,
    "weightedAverageShsOutDil": 8520000000,
    "link": "https://www.sec.gov/Archives/edgar/data/1018724/000119312508089548/0001193125-08-089548-index.htm",
    "finalLink": "https://www.sec.gov/Archives/edgar/data/1018724/000119312508089548/d10q.htm"
  },
  {
    "date": "2007-12-31",
    "symbol": "AMZN",
    "reportedCurrency": "USD",
    "cik": "0001018724",
    "fillingDate": "2008-02-11",
    "acceptedDate": "2008-02-08 21:43:32",
    "calendarYear": "2007",
    "period": "Q4",
    "revenue": 5672000000,
    "costOfRevenue": 4502000000,
    "grossProfit": 1170000000,
    "grossProfitRatio": 0.2062764457,
    "researchAndDevelopmentExpenses": 222000000,
    "generalAndAdministrativeExpenses": 64000000,
    "sellingAndMarketingExpenses": 133000000,
    "sellingGeneralAndAdministrativeExpenses": 197000000,
    "otherExpenses": 480000000,
    "operatingExpenses": 899000000,
    "costAndExpenses": 5401000000,
    "interestIncome": 28000000,
    "interestExpense": 20000000,
    "depreciationAndAmortization": 63000000,
    "ebitda": 364000000,
    "ebitdaratio": 0.0641748942,
    "operatingIncome": 271000000,
    "operatingIncomeRatio": 0.0477785614,
    "totalOtherIncomeExpensesNet": 10000000,
    "incomeBeforeTax": 281000000,
    "incomeBeforeTaxRatio": 0.0495416079,
    "incomeTaxExpense": 74000000,
    "netIncome": 207000000,
    "netIncomeRatio": 0.0364950635,
    "eps": 0.0248798077,
    "epsdiluted": 0.0242388759,
    "weightedAverageShsOut": 8320000000,
    "weightedAverageShsOutDil": 8540000000,
    "link": "https://www.sec.gov/Archives/edgar/data/1018724/000119312508024707/0001193125-08-024707-index.htm",
    "finalLink": "https://www.sec.gov/Archives/edgar/data/1018724/000119312508024707/d10k.htm"
  },
  {
    "date": "2007-09-30",
    "symbol": "AMZN",
    "reportedCurrency": "USD",
    "cik": "0001018724",
    "fillingDate": "2007-10-25",
    "acceptedDate": "2007-10-25 09:00:24",
    "calendarYear": "2007",
    "period": "Q3",
    "revenue": 3262000000,
    "costOfRevenue": 2500000000,
    "grossProfit": 762000000,
    "grossProfitRatio": 0.233599019,
    "researchAndDevelopmentExpenses": 209000000,
    "generalAndAdministrativeExpenses": 57000000,
    "sellingAndMarketingExpenses": 74000000,
    "sellingGeneralAndAdministrativeExpenses": 131000000,
    "otherExpenses": 299000000,
    "operatingExpenses": 639000000,
    "costAndExpenses": 3139000000,
    "interestIncome": 23000000,
    "interestExpense": 19000000,
    "depreciationAndAmortization": 61000000,
    "ebitda": 204000000,
    "ebitdaratio": 0.06253832,
    "operatingIncome": 123000000,
    "operatingIncomeRatio": 0.0377069283,
    "totalOtherIncomeExpensesNet": 1000000,
    "incomeBeforeTax": 124000000,
    "incomeBeforeTaxRatio": 0.0380134887,
    "incomeTaxExpense": 44000000,
    "netIncome": 80000000,
    "netIncomeRatio": 0.0245248314,
    "eps": 0.0095,
    "epsdiluted": 0.0095,
    "weightedAverageShsOut": 8280000000,
    "weightedAverageShsOutDil": 8500000000,
    "link": "https://www.sec.gov/Archives/edgar/data/1018724/000119312507225370/0001193125-07-225370-index.htm",
    "finalLink": "https://www.sec.gov/Archives/edgar/data/1018724/000119312507225370/d10q.htm"
  },
  {
    "date": "2007-06-30",
    "symbol": "AMZN",
    "reportedCurrency": "USD",
    "cik": "0001018724",
    "fillingDate": "2007-07-26",
    "acceptedDate": "2007-07-26 09:00:48",
    "calendarYear": "2007",
    "period": "Q2",
    "revenue": 2886000000,
    "costOfRevenue": 2185000000,
    "grossProfit": 701000000,
    "grossProfitRatio": 0.2428967429,
    "researchAndDevelopmentExpenses": 201000000,
    "generalAndAdministrativeExpenses": 58000000,
    "sellingAndMarketingExpenses": 65000000,
    "sellingGeneralAndAdministrativeExpenses": 123000000,
    "otherExpenses": 261000000,
    "operatingExpenses": 585000000,
    "costAndExpenses": 2770000000,
    "interestIncome": 20000000,
    "interestExpense": 19000000,
    "depreciationAndAmortization": 60000000,
    "ebitda": 190000000,
    "ebitdaratio": 0.0658350658,
    "operatingIncome": 116000000,
    "operatingIncomeRatio": 0.0401940402,
    "totalOtherIncomeExpensesNet": -5000000,
    "incomeBeforeTax": 111000000,
    "incomeBeforeTaxRatio": 0.0384615385,
    "incomeTaxExpense": 33000000,
    "netIncome": 78000000,
    "netIncomeRatio": 0.027027027,
    "eps": 0.0095,
    "epsdiluted": 0.0095,
    "weightedAverageShsOut": 8240000000,
    "weightedAverageShsOutDil": 8460000000,
    "link": "https://www.sec.gov/Archives/edgar/data/1018724/000119312507162415/0001193125-07-162415-index.htm",
    "finalLink": "https://www.sec.gov/Archives/edgar/data/1018724/000119312507162415/d10q.htm"
  },
  {
    "date": "2007-03-31",
    "symbol": "AMZN",
    "reportedCurrency": "USD",
    "cik": "0001018724",
    "fillingDate": "2007-04-26",
    "acceptedDate": "2007-04-26 06:34:52",
    "calendarYear": "2007",
    "period": "Q1",
    "revenue": 3015000000,
    "costOfRevenue": 2296000000,
    "grossProfit": 719000000,
    "grossProfitRatio": 0.2384742952,
    "researchAndDevelopmentExpenses": 186000000,
    "generalAndAdministrativeExpenses": 56000000,
    "sellingAndMarketingExpenses": 72000000,
    "sellingGeneralAndAdministrativeExpenses": 128000000,
    "otherExpenses": 260000000,
    "operatingExpenses": 574000000,
    "costAndExpenses": 2870000000,
    "interestIncome": 20000000,
    "interestExpense": 19000000,
    "depreciationAndAmortization": 62000000,
    "ebitda": 225000000,
    "ebitdaratio": 0.0746268657,
    "operatingIncome": 145000000,
    "operatingIncomeRatio": 0.048092869,
    "totalOtherIncomeExpensesNet": -1000000,
    "incomeBeforeTax": 144000000,
    "incomeBeforeTaxRatio": 0.047761194,
    "incomeTaxExpense": 33000000,
    "netIncome": 111000000,
    "netIncomeRatio": 0.0368159204,
    "eps": 0.0135,
    "epsdiluted": 0.013,
    "weightedAverageShsOut": 8240000000,
    "weightedAverageShsOutDil": 8400000000,
    "link": "https://www.sec.gov/Archives/edgar/data/1018724/000119312507090895/0001193125-07-090895-index.htm",
    "finalLink": "https://www.sec.gov/Archives/edgar/data/1018724/000119312507090895/d10q.htm"
  },
  {
    "date": "2006-12-31",
    "symbol": "AMZN",
    "reportedCurrency": "USD",
    "cik": "0001018724",
    "fillingDate": "2007-02-16",
    "acceptedDate": "2007-02-16 16:14:12",
    "calendarYear": "2006",
    "period": "Q4",
    "revenue": 3986000000,
    "costOfRevenue": 3136000000,
    "grossProfit": 850000000,
    "grossProfitRatio": 0.2132463623,
    "researchAndDevelopmentExpenses": 177000000,
    "generalAndAdministrativeExpenses": 45000000,
    "sellingAndMarketingExpenses": 92000000,
    "sellingGeneralAndAdministrativeExpenses": 137000000,
    "otherExpenses": 339000000,
    "operatingExpenses": 653000000,
    "costAndExpenses": 3789000000,
    "interestIncome": 18000000,
    "interestExpense": 20000000,
    "depreciationAndAmortization": 59000000,
    "ebitda": 267000000,
    "ebitdaratio": 0.0669844456,
    "operatingIncome": 197000000,
    "operatingIncomeRatio": 0.0494229804,
    "totalOtherIncomeExpensesNet": -9000000,
    "incomeBeforeTax": 188000000,
    "incomeBeforeTaxRatio": 0.0471650778,
    "incomeTaxExpense": 91000000,
    "netIncome": 97000000,
    "netIncomeRatio": 0.0243351731,
    "eps": 0.0117433414,
    "epsdiluted": 0.01152019,
    "weightedAverageShsOut": 8260000000,
    "weightedAverageShsOutDil": 8420000000,
    "link": "https://www.sec.gov/Archives/edgar/data/1018724/000119312507034081/0001193125-07-034081-index.htm",
    "finalLink": "https://www.sec.gov/Archives/edgar/data/1018724/000119312507034081/d10k.htm"
  },
  {
    "date": "2006-09-30",
    "symbol": "AMZN",
    "reportedCurrency": "USD",
    "cik": "0001018724",
    "fillingDate": "2006-10-26",
    "acceptedDate": "2006-10-26 06:16:52",
    "calendarYear": "2006",
    "period": "Q3",
    "revenue": 2307000000,
    "costOfRevenue": 1758000000,
    "grossProfit": 549000000,
    "grossProfitRatio": 0.2379713914,
    "researchAndDevelopmentExpenses": 172000000,
    "generalAndAdministrativeExpenses": 54000000,
    "sellingAndMarketingExpenses": 64000000,
    "sellingGeneralAndAdministrativeExpenses": 118000000,
    "otherExpenses": 219000000,
    "operatingExpenses": 509000000,
    "costAndExpenses": 2267000000,
    "interestIncome": 14000000,
    "interestExpense": 21000000,
    "depreciationAndAmortization": 63000000,
    "ebitda": 122000000,
    "ebitdaratio": 0.0528825314,
    "operatingIncome": 40000000,
    "operatingIncomeRatio": 0.0173385349,
    "totalOtherIncomeExpensesNet": -2000000,
    "incomeBeforeTax": 38000000,
    "incomeBeforeTaxRatio": 0.0164716081,
    "incomeTaxExpense": 19000000,
    "netIncome": 19000000,
    "netIncomeRatio": 0.0082358041,
    "eps": 0.0025,
    "epsdiluted": 0.0025,
    "weightedAverageShsOut": 8340000000,
    "weightedAverageShsOutDil": 8480000000,
    "link": "https://www.sec.gov/Archives/edgar/data/1018724/000119312506215188/0001193125-06-215188-index.htm",
    "finalLink": "https://www.sec.gov/Archives/edgar/data/1018724/000119312506215188/d10q.htm"
  },
  {
    "date": "2006-06-30",
    "symbol": "AMZN",
    "reportedCurrency": "USD",
    "cik": "0001018724",
    "fillingDate": "2006-07-27",
    "acceptedDate": "2006-07-27 09:07:36",
    "calendarYear": "2006",
    "period": "Q2",
    "revenue": 2139000000,
    "costOfRevenue": 1630000000,
    "grossProfit": 509000000,
    "grossProfitRatio": 0.2379616643,
    "researchAndDevelopmentExpenses": 167000000,
    "generalAndAdministrativeExpenses": 50000000,
    "sellingAndMarketingExpenses": 53000000,
    "sellingGeneralAndAdministrativeExpenses": 103000000,
    "otherExpenses": 192000000,
    "operatingExpenses": 462000000,
    "costAndExpenses": 2092000000,
    "interestIncome": 13000000,
    "interestExpense": 19000000,
    "depreciationAndAmortization": 43000000,
    "ebitda": 116000000,
    "ebitdaratio": 0.054230949,
    "operatingIncome": 47000000,
    "operatingIncomeRatio": 0.0219728845,
    "totalOtherIncomeExpensesNet": 7000000,
    "incomeBeforeTax": 54000000,
    "incomeBeforeTaxRatio": 0.0252454418,
    "incomeTaxExpense": 32000000,
    "netIncome": 22000000,
    "netIncomeRatio": 0.01028518,
    "eps": 0.0025,
    "epsdiluted": 0.0025,
    "weightedAverageShsOut": 8360000000,
    "weightedAverageShsOutDil": 8520000000,
    "link": "https://www.sec.gov/Archives/edgar/data/1018724/000119312506154437/0001193125-06-154437-index.htm",
    "finalLink": "https://www.sec.gov/Archives/edgar/data/1018724/000119312506154437/d10q.htm"
  },
  {
    "date": "2006-03-31",
    "symbol": "AMZN",
    "reportedCurrency": "USD",
    "cik": "0001018724",
    "fillingDate": "2006-04-27",
    "acceptedDate": "2006-04-27 06:13:47",
    "calendarYear": "2006",
    "period": "Q1",
    "revenue": 2279000000,
    "costOfRevenue": 1732000000,
    "grossProfit": 547000000,
    "grossProfitRatio": 0.2400175516,
    "researchAndDevelopmentExpenses": 146000000,
    "generalAndAdministrativeExpenses": 45000000,
    "sellingAndMarketingExpenses": 54000000,
    "sellingGeneralAndAdministrativeExpenses": 99000000,
    "otherExpenses": 196000000,
    "operatingExpenses": 441000000,
    "costAndExpenses": 2173000000,
    "interestIncome": 15000000,
    "interestExpense": 21000000,
    "depreciationAndAmortization": 40000000,
    "ebitda": 157000000,
    "ebitdaratio": 0.068889864,
    "operatingIncome": 106000000,
    "operatingIncomeRatio": 0.0465116279,
    "totalOtherIncomeExpensesNet": -10000000,
    "incomeBeforeTax": 96000000,
    "incomeBeforeTaxRatio": 0.0421237385,
    "incomeTaxExpense": 45000000,
    "netIncome": 51000000,
    "netIncomeRatio": 0.0223782361,
    "eps": 0.006,
    "epsdiluted": 0.006,
    "weightedAverageShsOut": 8340000000,
    "weightedAverageShsOutDil": 8520000000,
    "link": "https://www.sec.gov/Archives/edgar/data/1018724/000119312506090088/0001193125-06-090088-index.htm",
    "finalLink": "https://www.sec.gov/Archives/edgar/data/1018724/000119312506090088/d10q.htm"
  },
  {
    "date": "2005-12-31",
    "symbol": "AMZN",
    "reportedCurrency": "USD",
    "cik": "0001018724",
    "fillingDate": "2006-02-17",
    "acceptedDate": "2006-02-17 08:52:50",
    "calendarYear": "2005",
    "period": "Q4",
    "revenue": 2977000000,
    "costOfRevenue": 2310000000,
    "grossProfit": 667000000,
    "grossProfitRatio": 0.2240510581,
    "researchAndDevelopmentExpenses": 0,
    "generalAndAdministrativeExpenses": 49000000,
    "sellingAndMarketingExpenses": 67000000,
    "sellingGeneralAndAdministrativeExpenses": 116000000,
    "otherExpenses": 386000000,
    "operatingExpenses": 502000000,
    "costAndExpenses": 2812000000,
    "interestIncome": 14000000,
    "interestExpense": 22000000,
    "depreciationAndAmortization": 36000000,
    "ebitda": 219000000,
    "ebitdaratio": 0.0735639906,
    "operatingIncome": 165000000,
    "operatingIncomeRatio": 0.0554249244,
    "totalOtherIncomeExpensesNet": -4000000,
    "incomeBeforeTax": 161000000,
    "incomeBeforeTaxRatio": 0.0540812899,
    "incomeTaxExpense": -38000000,
    "netIncome": 173000000,
    "netIncomeRatio": 0.0581121935,
    "eps": 0.0239759036,
    "epsdiluted": 0.0233568075,
    "weightedAverageShsOut": 8300000000,
    "weightedAverageShsOutDil": 8520000000,
    "link": "https://www.sec.gov/Archives/edgar/data/1018724/000119312506034166/0001193125-06-034166-index.htm",
    "finalLink": "https://www.sec.gov/Archives/edgar/data/1018724/000119312506034166/d10k.htm"
  },
  {
    "date": "2005-09-30",
    "symbol": "AMZN",
    "reportedCurrency": "USD",
    "cik": "0001018724",
    "fillingDate": "2005-10-27",
    "acceptedDate": "2005-10-26 20:33:28",
    "calendarYear": "2005",
    "period": "Q3",
    "revenue": 1858000000,
    "costOfRevenue": 1395000000,
    "grossProfit": 463000000,
    "grossProfitRatio": 0.2491926803,
    "researchAndDevelopmentExpenses": 0,
    "generalAndAdministrativeExpenses": 32000000,
    "sellingAndMarketingExpenses": 44000000,
    "sellingGeneralAndAdministrativeExpenses": 76000000,
    "otherExpenses": 332000000,
    "operatingExpenses": 408000000,
    "costAndExpenses": 1803000000,
    "interestIncome": 12000000,
    "interestExpense": 22000000,
    "depreciationAndAmortization": 30000000,
    "ebitda": 103000000,
    "ebitdaratio": 0.0554359526,
    "operatingIncome": 55000000,
    "operatingIncomeRatio": 0.0296017223,
    "totalOtherIncomeExpensesNet": -4000000,
    "incomeBeforeTax": 51000000,
    "incomeBeforeTaxRatio": 0.0274488698,
    "incomeTaxExpense": 21000000,
    "netIncome": 30000000,
    "netIncomeRatio": 0.016146394,
    "eps": 0.0035,
    "epsdiluted": 0.0035,
    "weightedAverageShsOut": 8260000000,
    "weightedAverageShsOutDil": 8560000000,
    "link": "https://www.sec.gov/Archives/edgar/data/1018724/000119312505209085/0001193125-05-209085-index.htm",
    "finalLink": "https://www.sec.gov/Archives/edgar/data/1018724/000119312505209085/d10q.htm"
  },
  {
    "date": "2005-06-30",
    "symbol": "AMZN",
    "reportedCurrency": "USD",
    "cik": "0001018724",
    "fillingDate": "2005-07-28",
    "acceptedDate": "2005-07-27 20:07:17",
    "calendarYear": "2005",
    "period": "Q2",
    "revenue": 1753000000,
    "costOfRevenue": 1303000000,
    "grossProfit": 450000000,
    "grossProfitRatio": 0.2567027952,
    "researchAndDevelopmentExpenses": 106000000,
    "generalAndAdministrativeExpenses": 38000000,
    "sellingAndMarketingExpenses": 42000000,
    "sellingGeneralAndAdministrativeExpenses": 80000000,
    "otherExpenses": 160000000,
    "operatingExpenses": 346000000,
    "costAndExpenses": 1649000000,
    "interestIncome": 9000000,
    "interestExpense": 22000000,
    "depreciationAndAmortization": 26000000,
    "ebitda": 156000000,
    "ebitdaratio": 0.0889903023,
    "operatingIncome": 104000000,
    "operatingIncomeRatio": 0.0593268682,
    "totalOtherIncomeExpensesNet": 4000000,
    "incomeBeforeTax": 108000000,
    "incomeBeforeTaxRatio": 0.0616086708,
    "incomeTaxExpense": 56000000,
    "netIncome": 52000000,
    "netIncomeRatio": 0.0296634341,
    "eps": 0.0065,
    "epsdiluted": 0.006,
    "weightedAverageShsOut": 8220000000,
    "weightedAverageShsOutDil": 8500000000,
    "link": "https://www.sec.gov/Archives/edgar/data/1018724/000119312505150308/0001193125-05-150308-index.htm",
    "finalLink": "https://www.sec.gov/Archives/edgar/data/1018724/000119312505150308/d10q.htm"
  },
  {
    "date": "2005-03-31",
    "symbol": "AMZN",
    "reportedCurrency": "USD",
    "cik": "0001018724",
    "fillingDate": "2005-04-28",
    "acceptedDate": "2005-04-27 17:47:48",
    "calendarYear": "2005",
    "period": "Q1",
    "revenue": 1902000000,
    "costOfRevenue": 1444000000,
    "grossProfit": 458000000,
    "grossProfitRatio": 0.2407991588,
    "researchAndDevelopmentExpenses": 92000000,
    "generalAndAdministrativeExpenses": 46000000,
    "sellingAndMarketingExpenses": 45000000,
    "sellingGeneralAndAdministrativeExpenses": 91000000,
    "otherExpenses": 167000000,
    "operatingExpenses": 350000000,
    "costAndExpenses": 1794000000,
    "interestIncome": 9000000,
    "interestExpense": 26000000,
    "depreciationAndAmortization": 28000000,
    "ebitda": 162000000,
    "ebitdaratio": 0.0851735016,
    "operatingIncome": 108000000,
    "operatingIncomeRatio": 0.0567823344,
    "totalOtherIncomeExpensesNet": 0,
    "incomeBeforeTax": 108000000,
    "incomeBeforeTaxRatio": 0.0567823344,
    "incomeTaxExpense": 56000000,
    "netIncome": 52000000,
    "netIncomeRatio": 0.0273396425,
    "eps": 0.0095,
    "epsdiluted": 0.009,
    "weightedAverageShsOut": 8200000000,
    "weightedAverageShsOutDil": 8480000000,
    "link": "https://www.sec.gov/Archives/edgar/data/1018724/000119312505087021/0001193125-05-087021-index.htm",
    "finalLink": "https://www.sec.gov/Archives/edgar/data/1018724/000119312505087021/d10q.htm"
  },
  {
    "date": "2004-12-31",
    "symbol": "AMZN",
    "reportedCurrency": "USD",
    "cik": "0001018724",
    "fillingDate": "2005-03-11",
    "acceptedDate": "2005-03-11 06:20:27",
    "calendarYear": "2004",
    "period": "Q4",
    "revenue": 2540959000,
    "costOfRevenue": 1996493000,
    "grossProfit": 544466000,
    "grossProfitRatio": 0.2142757911,
    "researchAndDevelopmentExpenses": 72821000,
    "generalAndAdministrativeExpenses": 51326000,
    "sellingAndMarketingExpenses": 58200000,
    "sellingGeneralAndAdministrativeExpenses": 109526000,
    "otherExpenses": 199677000,
    "operatingExpenses": 382024000,
    "costAndExpenses": 2378517000,
    "interestIncome": 9778000,
    "interestExpense": 27134000,
    "depreciationAndAmortization": 20831000,
    "ebitda": 162072000,
    "ebitdaratio": 0.0637837919,
    "operatingIncome": 162442000,
    "operatingIncomeRatio": 0.0639294062,
    "totalOtherIncomeExpensesNet": -48335000,
    "incomeBeforeTax": 114107000,
    "incomeBeforeTaxRatio": 0.0449070607,
    "incomeTaxExpense": 0,
    "netIncome": 346688000,
    "netIncomeRatio": 0.1364398245,
    "eps": 0.0423823961,
    "epsdiluted": 0.0405009346,
    "weightedAverageShsOut": 8180000000,
    "weightedAverageShsOutDil": 8560000000,
    "link": "https://www.sec.gov/Archives/edgar/data/1018724/000119312505047032/0001193125-05-047032-index.htm",
    "finalLink": "https://www.sec.gov/Archives/edgar/data/1018724/000119312505047032/d10k.htm"
  },
  {
    "date": "2004-09-30",
    "symbol": "AMZN",
    "reportedCurrency": "USD",
    "cik": "0001018724",
    "fillingDate": "2004-10-22",
    "acceptedDate": "2004-10-22 16:21:24",
    "calendarYear": "2004",
    "period": "Q3",
    "revenue": 1463000000,
    "costOfRevenue": 1107000000,
    "grossProfit": 356000000,
    "grossProfitRatio": 0.2433356118,
    "researchAndDevelopmentExpenses": 64823000,
    "generalAndAdministrativeExpenses": 29000000,
    "sellingAndMarketingExpenses": 34000000,
    "sellingGeneralAndAdministrativeExpenses": 63000000,
    "otherExpenses": 147177000,
    "operatingExpenses": 275000000,
    "costAndExpenses": 1382000000,
    "interestIncome": 7000000,
    "interestExpense": 26000000,
    "depreciationAndAmortization": 19000000,
    "ebitda": 102000000,
    "ebitdaratio": 0.0697197539,
    "operatingIncome": 81000000,
    "operatingIncomeRatio": 0.0553656869,
    "totalOtherIncomeExpensesNet": -24000000,
    "incomeBeforeTax": 57000000,
    "incomeBeforeTaxRatio": 0.038961039,
    "incomeTaxExpense": 3000000,
    "netIncome": 54000000,
    "netIncomeRatio": 0.036910458,
    "eps": 0.0065,
    "epsdiluted": 0.0065,
    "weightedAverageShsOut": 8140000000,
    "weightedAverageShsOutDil": 8500000000,
    "link": "https://www.sec.gov/Archives/edgar/data/1018724/000119312504176356/0001193125-04-176356-index.htm",
    "finalLink": "https://www.sec.gov/Archives/edgar/data/1018724/000119312504176356/d10q.htm"
  },
  {
    "date": "2004-06-30",
    "symbol": "AMZN",
    "reportedCurrency": "USD",
    "cik": "0001018724",
    "fillingDate": "2004-07-23",
    "acceptedDate": "2004-07-23 06:03:48",
    "calendarYear": "2004",
    "period": "Q2",
    "revenue": 1387000000,
    "costOfRevenue": 1046000000,
    "grossProfit": 341000000,
    "grossProfitRatio": 0.2458543619,
    "researchAndDevelopmentExpenses": 71000000,
    "generalAndAdministrativeExpenses": 31000000,
    "sellingAndMarketingExpenses": 34000000,
    "sellingGeneralAndAdministrativeExpenses": 65000000,
    "otherExpenses": 119000000,
    "operatingExpenses": 255000000,
    "costAndExpenses": 1301000000,
    "interestIncome": 5000000,
    "interestExpense": 26000000,
    "depreciationAndAmortization": 18000000,
    "ebitda": 125000000,
    "ebitdaratio": 0.0901225667,
    "operatingIncome": 86000000,
    "operatingIncomeRatio": 0.0620043259,
    "totalOtherIncomeExpensesNet": -5000000,
    "incomeBeforeTax": 81000000,
    "incomeBeforeTaxRatio": 0.0583994232,
    "incomeTaxExpense": 5000000,
    "netIncome": 76000000,
    "netIncomeRatio": 0.0547945205,
    "eps": 0.0095,
    "epsdiluted": 0.009,
    "weightedAverageShsOut": 8100000000,
    "weightedAverageShsOutDil": 8500000000,
    "link": "https://www.sec.gov/Archives/edgar/data/1018724/000119312504123102/0001193125-04-123102-index.htm",
    "finalLink": "https://www.sec.gov/Archives/edgar/data/1018724/000119312504123102/d10q.htm"
  },
  {
    "date": "2004-03-31",
    "symbol": "AMZN",
    "reportedCurrency": "USD",
    "cik": "0001018724",
    "fillingDate": "2004-04-23",
    "acceptedDate": "2004-04-22 19:57:37",
    "calendarYear": "2004",
    "period": "Q1",
    "revenue": 1530000000,
    "costOfRevenue": 1169000000,
    "grossProfit": 361000000,
    "grossProfitRatio": 0.2359477124,
    "researchAndDevelopmentExpenses": 55076000,
    "generalAndAdministrativeExpenses": 30000000,
    "sellingAndMarketingExpenses": 34000000,
    "sellingGeneralAndAdministrativeExpenses": 64000000,
    "otherExpenses": 131924000,
    "operatingExpenses": 251000000,
    "costAndExpenses": 1420000000,
    "interestIncome": 6000000,
    "interestExpense": 28000000,
    "depreciationAndAmortization": 18000000,
    "ebitda": 155000000,
    "ebitdaratio": 0.1013071895,
    "operatingIncome": 110000000,
    "operatingIncomeRatio": 0.0718954248,
    "totalOtherIncomeExpensesNet": -1000000,
    "incomeBeforeTax": 109000000,
    "incomeBeforeTaxRatio": 0.0712418301,
    "incomeTaxExpense": -2000000,
    "netIncome": 111000000,
    "netIncomeRatio": 0.0725490196,
    "eps": 0.014,
    "epsdiluted": 0.013,
    "weightedAverageShsOut": 8080000000,
    "weightedAverageShsOutDil": 8500000000,
    "link": "https://www.sec.gov/Archives/edgar/data/1018724/000119312504067751/0001193125-04-067751-index.htm",
    "finalLink": "https://www.sec.gov/Archives/edgar/data/1018724/000119312504067751/d10q.htm"
  },
  {
    "date": "2003-12-31",
    "symbol": "AMZN",
    "reportedCurrency": "USD",
    "cik": "0001018724",
    "fillingDate": "2004-02-25",
    "acceptedDate": "2004-02-25 17:25:47",
    "calendarYear": "2003",
    "period": "Q4",
    "revenue": 1945772000,
    "costOfRevenue": 1518935000,
    "grossProfit": 426837000,
    "grossProfitRatio": 0.2193664006,
    "researchAndDevelopmentExpenses": 51811000,
    "generalAndAdministrativeExpenses": 38023000,
    "sellingAndMarketingExpenses": 40291000,
    "sellingGeneralAndAdministrativeExpenses": 78314000,
    "otherExpenses": 159096000,
    "operatingExpenses": 289221000,
    "costAndExpenses": 1808156000,
    "interestIncome": 5330000,
    "interestExpense": 29299000,
    "depreciationAndAmortization": 18608000,
    "ebitda": 121061000,
    "ebitdaratio": 0.0622174643,
    "operatingIncome": 137616000,
    "operatingIncomeRatio": 0.0707256554,
    "totalOtherIncomeExpensesNet": -64462000,
    "incomeBeforeTax": 73154000,
    "incomeBeforeTaxRatio": 0.0375963885,
    "incomeTaxExpense": 0,
    "netIncome": 73154000,
    "netIncomeRatio": 0.0375963885,
    "eps": 0.0091541136,
    "epsdiluted": 0.0073808087,
    "weightedAverageShsOut": 7991380000,
    "weightedAverageShsOutDil": 9911380000,
    "link": "https://www.sec.gov/Archives/edgar/data/1018724/000119312504029488/0001193125-04-029488-index.htm",
    "finalLink": "https://www.sec.gov/Archives/edgar/data/1018724/000119312504029488/d10k.htm"
  },
  {
    "date": "2003-09-30",
    "symbol": "AMZN",
    "reportedCurrency": "USD",
    "cik": "0001018724",
    "fillingDate": "2003-10-24",
    "acceptedDate": "2003-10-24 08:29:33",
    "calendarYear": "2003",
    "period": "Q3",
    "revenue": 1134456000,
    "costOfRevenue": 848635000,
    "grossProfit": 285821000,
    "grossProfitRatio": 0.2519454258,
    "researchAndDevelopmentExpenses": 53775000,
    "generalAndAdministrativeExpenses": 43329000,
    "sellingAndMarketingExpenses": 28943000,
    "sellingGeneralAndAdministrativeExpenses": 72272000,
    "otherExpenses": 107843000,
    "operatingExpenses": 233890000,
    "costAndExpenses": 1082525000,
    "interestIncome": 4324000,
    "interestExpense": 29802000,
    "depreciationAndAmortization": 18338000,
    "ebitda": 63703000,
    "ebitdaratio": 0.056152905,
    "operatingIncome": 51931000,
    "operatingIncomeRatio": 0.0457761253,
    "totalOtherIncomeExpensesNet": -36368000,
    "incomeBeforeTax": 15563000,
    "incomeBeforeTaxRatio": 0.0137184695,
    "incomeTaxExpense": 0,
    "netIncome": 15563000,
    "netIncomeRatio": 0.0137184695,
    "eps": 0.002,
    "epsdiluted": 0.002,
    "weightedAverageShsOut": 7958240000,
    "weightedAverageShsOutDil": 8456040000,
    "link": "https://www.sec.gov/Archives/edgar/data/1018724/000089102003002504/0000891020-03-002504-index.htm",
    "finalLink": "https://www.sec.gov/Archives/edgar/data/1018724/000089102003002504/v93801e10vq.htm"
  },
  {
    "date": "2003-06-30",
    "symbol": "AMZN",
    "reportedCurrency": "USD",
    "cik": "0001018724",
    "fillingDate": "2003-07-24",
    "acceptedDate": "2003-07-23 20:13:11",
    "calendarYear": "2003",
    "period": "Q2",
    "revenue": 1099912000,
    "costOfRevenue": 825984000,
    "grossProfit": 273928000,
    "grossProfitRatio": 0.2490453782,
    "researchAndDevelopmentExpenses": 52135000,
    "generalAndAdministrativeExpenses": 46276000,
    "sellingAndMarketingExpenses": 25326000,
    "sellingGeneralAndAdministrativeExpenses": 71602000,
    "otherExpenses": 108368000,
    "operatingExpenses": 232105000,
    "costAndExpenses": 1058089000,
    "interestIncome": 5761000,
    "interestExpense": 34367000,
    "depreciationAndAmortization": 19003000,
    "ebitda": 10056000,
    "ebitdaratio": 0.0091425496,
    "operatingIncome": 41823000,
    "operatingIncomeRatio": 0.038023951,
    "totalOtherIncomeExpensesNet": -85137000,
    "incomeBeforeTax": -43314000,
    "incomeBeforeTaxRatio": -0.039379514,
    "incomeTaxExpense": 0,
    "netIncome": -43314000,
    "netIncomeRatio": -0.039379514,
    "eps": -0.0055,
    "epsdiluted": -0.0055,
    "weightedAverageShsOut": 7877520000,
    "weightedAverageShsOutDil": 7877520000,
    "link": "https://www.sec.gov/Archives/edgar/data/1018724/000089102003001925/0000891020-03-001925-index.htm",
    "finalLink": "https://www.sec.gov/Archives/edgar/data/1018724/000089102003001925/v91549e10vq.htm"
  },
  {
    "date": "2003-03-31",
    "symbol": "AMZN",
    "reportedCurrency": "USD",
    "cik": "0001018724",
    "fillingDate": "2003-04-25",
    "acceptedDate": "2003-04-25 17:16:59",
    "calendarYear": "2003",
    "period": "Q1",
    "revenue": 1083559000,
    "costOfRevenue": 812977000,
    "grossProfit": 270582000,
    "grossProfitRatio": 0.2497159822,
    "researchAndDevelopmentExpenses": 50088000,
    "generalAndAdministrativeExpenses": 48425000,
    "sellingAndMarketingExpenses": 28227000,
    "sellingGeneralAndAdministrativeExpenses": 76652000,
    "otherExpenses": 104617000,
    "operatingExpenses": 231357000,
    "costAndExpenses": 1044334000,
    "interestIncome": 6540000,
    "interestExpense": 36511000,
    "depreciationAndAmortization": 19750000,
    "ebitda": 46140000,
    "ebitdaratio": 0.0425818991,
    "operatingIncome": 39225000,
    "operatingIncomeRatio": 0.0362001515,
    "totalOtherIncomeExpensesNet": -49346000,
    "incomeBeforeTax": -10121000,
    "incomeBeforeTaxRatio": -0.0093405158,
    "incomeTaxExpense": 0,
    "netIncome": -10121000,
    "netIncomeRatio": -0.0093405158,
    "eps": -0.0015,
    "epsdiluted": -0.0015,
    "weightedAverageShsOut": 7770820000,
    "weightedAverageShsOutDil": 7770820000,
    "link": "https://www.sec.gov/Archives/edgar/data/1018724/000089102003001333/0000891020-03-001333-index.htm",
    "finalLink": "https://www.sec.gov/Archives/edgar/data/1018724/000089102003001333/v89385e10vq.htm"
  },
  {
    "date": "2002-12-31",
    "symbol": "AMZN",
    "reportedCurrency": "USD",
    "cik": "0001018724",
    "fillingDate": "2003-02-19",
    "acceptedDate": "2003-02-19 08:03:25",
    "calendarYear": "2002",
    "period": "Q4",
    "revenue": 1428610000,
    "costOfRevenue": 1093451000,
    "grossProfit": 335159000,
    "grossProfitRatio": 0.2346049657,
    "researchAndDevelopmentExpenses": 49048000,
    "generalAndAdministrativeExpenses": 55695000,
    "sellingAndMarketingExpenses": 37579000,
    "sellingGeneralAndAdministrativeExpenses": 93274000,
    "otherExpenses": 122314000,
    "operatingExpenses": 264636000,
    "costAndExpenses": 1358087000,
    "interestIncome": 6785000,
    "interestExpense": 36108000,
    "depreciationAndAmortization": 20776000,
    "ebitda": 60235000,
    "ebitdaratio": 0.0421633616,
    "operatingIncome": 70523000,
    "operatingIncomeRatio": 0.0493647672,
    "totalOtherIncomeExpensesNet": -67172000,
    "incomeBeforeTax": 3351000,
    "incomeBeforeTaxRatio": 0.0023456367,
    "incomeTaxExpense": 0,
    "netIncome": 2651000,
    "netIncomeRatio": 0.0018556499,
    "eps": 0.0003453982,
    "epsdiluted": 0.0003453982,
    "weightedAverageShsOut": 7675200000,
    "weightedAverageShsOutDil": 7675200000,
    "link": "https://www.sec.gov/Archives/edgar/data/1018724/000095014903000355/0000950149-03-000355-index.htm",
    "finalLink": "https://www.sec.gov/Archives/edgar/data/1018724/000095014903000355/v87419ore10vk.htm"
  },
  {
    "date": "2002-09-30",
    "symbol": "AMZN",
    "reportedCurrency": "USD",
    "cik": "0001018724",
    "fillingDate": "2002-10-25",
    "acceptedDate": "2002-10-25 17:25:25",
    "calendarYear": "2002",
    "period": "Q3",
    "revenue": 851299000,
    "costOfRevenue": 635132000,
    "grossProfit": 216167000,
    "grossProfitRatio": 0.2539260589,
    "researchAndDevelopmentExpenses": 52907000,
    "generalAndAdministrativeExpenses": 17866000,
    "sellingAndMarketingExpenses": 26728000,
    "sellingGeneralAndAdministrativeExpenses": 44594000,
    "otherExpenses": 128311000,
    "operatingExpenses": 225812000,
    "costAndExpenses": 860944000,
    "interestIncome": 5600000,
    "interestExpense": 35922000,
    "depreciationAndAmortization": 21713000,
    "ebitda": 23112000,
    "ebitdaratio": 0.027149098,
    "operatingIncome": -9645000,
    "operatingIncomeRatio": -0.0113297443,
    "totalOtherIncomeExpensesNet": -25435000,
    "incomeBeforeTax": -34523000,
    "incomeBeforeTaxRatio": -0.0405533191,
    "incomeTaxExpense": 0,
    "netIncome": -35080000,
    "netIncomeRatio": -0.0412076133,
    "eps": -0.0045,
    "epsdiluted": -0.0045,
    "weightedAverageShsOut": 7593000000,
    "weightedAverageShsOutDil": 7593000000,
    "link": "https://www.sec.gov/Archives/edgar/data/1018724/000103221002001474/0001032210-02-001474-index.htm",
    "finalLink": "https://www.sec.gov/Archives/edgar/data/1018724/000103221002001474/d10q.htm"
  },
  {
    "date": "2002-06-30",
    "symbol": "AMZN",
    "reportedCurrency": "USD",
    "cik": "0001018724",
    "fillingDate": "2002-07-26",
    "acceptedDate": "2002-07-25 21:45:11",
    "calendarYear": "2002",
    "period": "Q2",
    "revenue": 805605000,
    "costOfRevenue": 587438000,
    "grossProfit": 218167000,
    "grossProfitRatio": 0.2708113778,
    "researchAndDevelopmentExpenses": 58165000,
    "generalAndAdministrativeExpenses": 42573000,
    "sellingAndMarketingExpenses": 28832000,
    "sellingGeneralAndAdministrativeExpenses": 71405000,
    "otherExpenses": 87125000,
    "operatingExpenses": 216695000,
    "costAndExpenses": 804133000,
    "interestIncome": 5650000,
    "interestExpense": 35651000,
    "depreciationAndAmortization": 22344000,
    "ebitda": -34390000,
    "ebitdaratio": -0.0426884143,
    "operatingIncome": 1472000,
    "operatingIncomeRatio": 0.0018271982,
    "totalOtherIncomeExpensesNet": -95025000,
    "incomeBeforeTax": -92385000,
    "incomeBeforeTaxRatio": -0.1146777887,
    "incomeTaxExpense": 0,
    "netIncome": -93553000,
    "netIncomeRatio": -0.1161276308,
    "eps": -0.0125,
    "epsdiluted": -0.0125,
    "weightedAverageShsOut": 7538740000,
    "weightedAverageShsOutDil": 7538740000,
    "link": "https://www.sec.gov/Archives/edgar/data/1018724/000103221002001115/0001032210-02-001115-index.htm",
    "finalLink": "https://www.sec.gov/Archives/edgar/data/1018724/000103221002001115/d10q.htm"
  },
  {
    "date": "2002-03-31",
    "symbol": "AMZN",
    "reportedCurrency": "USD",
    "cik": "0001018724",
    "fillingDate": "2002-04-24",
    "acceptedDate": "2002-04-24 00:00:00",
    "calendarYear": "2002",
    "period": "Q1",
    "revenue": 847422000,
    "costOfRevenue": 624297000,
    "grossProfit": 223125000,
    "grossProfitRatio": 0.2632985691,
    "researchAndDevelopmentExpenses": 55497000,
    "generalAndAdministrativeExpenses": 31842000,
    "sellingAndMarketingExpenses": 32244000,
    "sellingGeneralAndAdministrativeExpenses": 64086000,
    "otherExpenses": 101768000,
    "operatingExpenses": 221351000,
    "costAndExpenses": 845648000,
    "interestIncome": 5652000,
    "interestExpense": 35244000,
    "depreciationAndAmortization": 22919000,
    "ebitda": 35956000,
    "ebitdaratio": 0.0424298638,
    "operatingIncome": 1774000,
    "operatingIncomeRatio": 0.002093408,
    "totalOtherIncomeExpensesNet": -24924000,
    "incomeBeforeTax": -22207000,
    "incomeBeforeTaxRatio": -0.0262053617,
    "incomeTaxExpense": 0,
    "netIncome": -23951000,
    "netIncomeRatio": -0.0282633682,
    "eps": -0.003,
    "epsdiluted": -0.003,
    "weightedAverageShsOut": 7460620000,
    "weightedAverageShsOutDil": 7460620000,
    "link": "https://www.sec.gov/Archives/edgar/data/1018724/000103221002000681/0001032210-02-000681-index.htm",
    "finalLink": "https://www.sec.gov/Archives/edgar/data/1018724/000103221002000681/d10q.htm"
  },
  {
    "date": "2001-12-31",
    "symbol": "AMZN",
    "reportedCurrency": "USD",
    "cik": "0001018724",
    "fillingDate": "2002-01-24",
    "acceptedDate": "2002-01-24 00:00:00",
    "calendarYear": "2001",
    "period": "Q4",
    "revenue": 1115171000,
    "costOfRevenue": 841122000,
    "grossProfit": 274049000,
    "grossProfitRatio": 0.2457461681,
    "researchAndDevelopmentExpenses": 52325000,
    "generalAndAdministrativeExpenses": 21512000,
    "sellingAndMarketingExpenses": 34450000,
    "sellingGeneralAndAdministrativeExpenses": 55962000,
    "otherExpenses": 151237000,
    "operatingExpenses": 259524000,
    "costAndExpenses": 1100646000,
    "interestIncome": 6030000,
    "interestExpense": 35290000,
    "depreciationAndAmortization": 58584000,
    "ebitda": 100816000,
    "ebitdaratio": 0.0904040726,
    "operatingIncome": 14525000,
    "operatingIncomeRatio": 0.0130249083,
    "totalOtherIncomeExpensesNet": -7583000,
    "incomeBeforeTax": 6942000,
    "incomeBeforeTaxRatio": 0.0062250543,
    "incomeTaxExpense": 0,
    "netIncome": 5087000,
    "netIncomeRatio": 0.0045616323,
    "eps": 0.0006846605,
    "epsdiluted": 0.0006846605,
    "weightedAverageShsOut": 7429960000,
    "weightedAverageShsOutDil": 7429960000,
    "link": "https://www.sec.gov/Archives/edgar/data/1018724/000103221002000059/0001032210-02-000059-index.htm",
    "finalLink": "https://www.sec.gov/Archives/edgar/data/1018724/000103221002000059/d10k405.htm"
  },
  {
    "date": "2001-09-30",
    "symbol": "AMZN",
    "reportedCurrency": "USD",
    "cik": "0001018724",
    "fillingDate": "2001-10-30",
    "acceptedDate": "2001-10-30 00:00:00",
    "calendarYear": "2001",
    "period": "Q3",
    "revenue": 639281000,
    "costOfRevenue": 477089000,
    "grossProfit": 162192000,
    "grossProfitRatio": 0.2537100274,
    "researchAndDevelopmentExpenses": 53846000,
    "generalAndAdministrativeExpenses": 18914000,
    "sellingAndMarketingExpenses": 32537000,
    "sellingGeneralAndAdministrativeExpenses": 51451000,
    "otherExpenses": 127229000,
    "operatingExpenses": 232526000,
    "costAndExpenses": 709615000,
    "interestIncome": 6316000,
    "interestExpense": 35046000,
    "depreciationAndAmortization": 61630000,
    "ebitda": -68216000,
    "ebitdaratio": -0.1067073791,
    "operatingIncome": -70334000,
    "operatingIncomeRatio": -0.1100204761,
    "totalOtherIncomeExpensesNet": -94558000,
    "incomeBeforeTax": -164892000,
    "incomeBeforeTaxRatio": -0.2579335222,
    "incomeTaxExpense": 0,
    "netIncome": -169874000,
    "netIncomeRatio": -0.2657266523,
    "eps": -0.023,
    "epsdiluted": -0.023,
    "weightedAverageShsOut": 7361040000,
    "weightedAverageShsOutDil": 7361040000,
    "link": "https://www.sec.gov/Archives/edgar/data/1018724/000103221001501248/0001032210-01-501248-index.htm",
    "finalLink": "https://www.sec.gov/Archives/edgar/data/1018724/000103221001501248/d10q.htm"
  },
  {
    "date": "2001-06-30",
    "symbol": "AMZN",
    "reportedCurrency": "USD",
    "cik": "0001018724",
    "fillingDate": "2001-07-23",
    "acceptedDate": "2001-07-23 00:00:00",
    "calendarYear": "2001",
    "period": "Q2",
    "revenue": 667625000,
    "costOfRevenue": 487905000,
    "grossProfit": 179720000,
    "grossProfitRatio": 0.269193035,
    "researchAndDevelopmentExpenses": 64710000,
    "generalAndAdministrativeExpenses": 25129000,
    "sellingAndMarketingExpenses": 34658000,
    "sellingGeneralAndAdministrativeExpenses": 59787000,
    "otherExpenses": 195063000,
    "operatingExpenses": 319560000,
    "costAndExpenses": 807465000,
    "interestIncome": 6807000,
    "interestExpense": 35148000,
    "depreciationAndAmortization": 71624000,
    "ebitda": -51272000,
    "ebitdaratio": -0.0767976034,
    "operatingIncome": -139840000,
    "operatingIncomeRatio": -0.2094589028,
    "totalOtherIncomeExpensesNet": -18204000,
    "incomeBeforeTax": -158044000,
    "incomeBeforeTaxRatio": -0.2367257068,
    "incomeTaxExpense": 0,
    "netIncome": -168359000,
    "netIncomeRatio": -0.252175997,
    "eps": -0.0235,
    "epsdiluted": -0.0235,
    "weightedAverageShsOut": 7195040000,
    "weightedAverageShsOutDil": 7195040000,
    "link": "https://www.sec.gov/Archives/edgar/data/1018724/000103221001500866/0001032210-01-500866-index.htm",
    "finalLink": "https://www.sec.gov/Archives/edgar/data/1018724/000103221001500866/d10q.htm"
  },
  {
    "date": "2001-03-31",
    "symbol": "AMZN",
    "reportedCurrency": "USD",
    "cik": "0001018724",
    "fillingDate": "2001-04-27",
    "acceptedDate": "2001-04-27 00:00:00",
    "calendarYear": "2001",
    "period": "Q1",
    "revenue": 700356000,
    "costOfRevenue": 517759000,
    "grossProfit": 182597000,
    "grossProfitRatio": 0.2607202623,
    "researchAndDevelopmentExpenses": 70284000,
    "generalAndAdministrativeExpenses": 28944000,
    "sellingAndMarketingExpenses": 36638000,
    "sellingGeneralAndAdministrativeExpenses": 65582000,
    "otherExpenses": 263339000,
    "operatingExpenses": 399205000,
    "costAndExpenses": 916964000,
    "interestIncome": 9950000,
    "interestExpense": 33748000,
    "depreciationAndAmortization": 73904000,
    "ebitda": -102781000,
    "ebitdaratio": -0.1467553644,
    "operatingIncome": -216608000,
    "operatingIncomeRatio": -0.3092827077,
    "totalOtherIncomeExpensesNet": 6175000,
    "incomeBeforeTax": -210433000,
    "incomeBeforeTaxRatio": -0.3004657631,
    "incomeTaxExpense": 0,
    "netIncome": -223608000,
    "netIncomeRatio": -0.3192776245,
    "eps": -0.033,
    "epsdiluted": -0.033,
    "weightedAverageShsOut": 7148480000,
    "weightedAverageShsOutDil": 7148480000,
    "link": "https://www.sec.gov/Archives/edgar/data/1018724/000095010901500823/0000950109-01-500823-index.htm",
    "finalLink": "https://www.sec.gov/Archives/edgar/data/1018724/000095010901500823/d10q.htm"
  },
  {
    "date": "2000-12-31",
    "symbol": "AMZN",
    "reportedCurrency": "USD",
    "cik": "0001018724",
    "fillingDate": "2001-03-23",
    "acceptedDate": "2001-03-23 00:00:00",
    "calendarYear": "2000",
    "period": "Q4",
    "revenue": 972360000,
    "costOfRevenue": 748060000,
    "grossProfit": 224300000,
    "grossProfitRatio": 0.2306758814,
    "researchAndDevelopmentExpenses": 69791000,
    "generalAndAdministrativeExpenses": 27120000,
    "sellingAndMarketingExpenses": 186223000,
    "sellingGeneralAndAdministrativeExpenses": 213343000,
    "otherExpenses": 263262000,
    "operatingExpenses": 546396000,
    "costAndExpenses": 1294456000,
    "interestIncome": 10979000,
    "interestExpense": 36094000,
    "depreciationAndAmortization": 101951000,
    "ebitda": -369536000,
    "ebitdaratio": -0.3800403143,
    "operatingIncome": -322096000,
    "operatingIncomeRatio": -0.3312517997,
    "totalOtherIncomeExpensesNet": -185485000,
    "incomeBeforeTax": -507581000,
    "incomeBeforeTaxRatio": -0.5220093381,
    "incomeTaxExpense": 0,
    "netIncome": -545140000,
    "netIncomeRatio": -0.5606359784,
    "eps": -0.0766253043,
    "epsdiluted": -0.0766253043,
    "weightedAverageShsOut": 7114360000,
    "weightedAverageShsOutDil": 7114360000,
    "link": "https://www.sec.gov/Archives/edgar/data/1018724/000103221001500087/0001032210-01-500087-index.htm",
    "finalLink": "https://www.sec.gov/Archives/edgar/data/1018724/000103221001500087/d10k405.txt"
  },
  {
    "date": "2000-09-30",
    "symbol": "AMZN",
    "reportedCurrency": "USD",
    "cik": "0001018724",
    "fillingDate": "2000-10-30",
    "acceptedDate": "2000-10-30 00:00:00",
    "calendarYear": "2000",
    "period": "Q3",
    "revenue": 637858000,
    "costOfRevenue": 470579000,
    "grossProfit": 167279000,
    "grossProfitRatio": 0.2622511593,
    "researchAndDevelopmentExpenses": 71159000,
    "generalAndAdministrativeExpenses": 30308000,
    "sellingAndMarketingExpenses": 41921000,
    "sellingGeneralAndAdministrativeExpenses": 72229000,
    "otherExpenses": 187406000,
    "operatingExpenses": 330794000,
    "costAndExpenses": 801373000,
    "interestIncome": 9402000,
    "interestExpense": 33809000,
    "depreciationAndAmortization": 102051000,
    "ebitda": -36343000,
    "ebitdaratio": -0.0569766312,
    "operatingIncome": -163515000,
    "operatingIncomeRatio": -0.2563501594,
    "totalOtherIncomeExpensesNet": -8688000,
    "incomeBeforeTax": -172203000,
    "incomeBeforeTaxRatio": -0.2699707458,
    "incomeTaxExpense": 0,
    "netIncome": -240524000,
    "netIncomeRatio": -0.3770807923,
    "eps": -0.034,
    "epsdiluted": -0.034,
    "weightedAverageShsOut": 7079080000,
    "weightedAverageShsOutDil": 7079080000,
    "link": "https://www.sec.gov/Archives/edgar/data/1018724/000089102000001861/0000891020-00-001861-index.htm",
    "finalLink": "https://www.sec.gov/Archives/edgar/data/1018724/000089102000001861/v66555e10-q.txt"
  },
  {
    "date": "2000-06-30",
    "symbol": "AMZN",
    "reportedCurrency": "USD",
    "cik": "0001018724",
    "fillingDate": "2000-08-02",
    "acceptedDate": "2000-08-02 00:00:00",
    "calendarYear": "2000",
    "period": "Q2",
    "revenue": 577876000,
    "costOfRevenue": 441812000,
    "grossProfit": 136064000,
    "grossProfitRatio": 0.2354553572,
    "researchAndDevelopmentExpenses": 67132000,
    "generalAndAdministrativeExpenses": 36634000,
    "sellingAndMarketingExpenses": 42216000,
    "sellingGeneralAndAdministrativeExpenses": 78850000,
    "otherExpenses": 170459000,
    "operatingExpenses": 316441000,
    "costAndExpenses": 758253000,
    "interestIncome": 10314000,
    "interestExpense": 33397000,
    "depreciationAndAmortization": 101095000,
    "ebitda": -72240000,
    "ebitdaratio": -0.1250095176,
    "operatingIncome": -180377000,
    "operatingIncomeRatio": -0.3121378981,
    "totalOtherIncomeExpensesNet": -26355000,
    "incomeBeforeTax": -206732000,
    "incomeBeforeTaxRatio": -0.357744568,
    "incomeTaxExpense": 0,
    "netIncome": -317184000,
    "netIncomeRatio": -0.5488789983,
    "eps": -0.0455,
    "epsdiluted": -0.0455,
    "weightedAverageShsOut": 6997720000,
    "weightedAverageShsOutDil": 6997720000,
    "link": "https://www.sec.gov/Archives/edgar/data/1018724/000089102000001380/0000891020-00-001380-index.htm",
    "finalLink": "https://www.sec.gov/Archives/edgar/data/1018724/000089102000001380/e10-q.txt"
  },
  {
    "date": "2000-03-31",
    "symbol": "AMZN",
    "reportedCurrency": "USD",
    "cik": "0001018724",
    "fillingDate": "2000-05-15",
    "acceptedDate": "2000-05-15 00:00:00",
    "calendarYear": "2000",
    "period": "Q1",
    "revenue": 573889000,
    "costOfRevenue": 445755000,
    "grossProfit": 128134000,
    "grossProfitRatio": 0.2232731417,
    "researchAndDevelopmentExpenses": 61244000,
    "generalAndAdministrativeExpenses": 39697000,
    "sellingAndMarketingExpenses": 40648000,
    "sellingGeneralAndAdministrativeExpenses": 80345000,
    "otherExpenses": 184437000,
    "operatingExpenses": 326026000,
    "costAndExpenses": 771781000,
    "interestIncome": 10126000,
    "interestExpense": 27621000,
    "depreciationAndAmortization": 101135000,
    "ebitda": -91405000,
    "ebitdaratio": -0.1592729605,
    "operatingIncome": -197892000,
    "operatingIncomeRatio": -0.3448262643,
    "totalOtherIncomeExpensesNet": -22269000,
    "incomeBeforeTax": -220161000,
    "incomeBeforeTaxRatio": -0.3836299354,
    "incomeTaxExpense": 0,
    "netIncome": -308425000,
    "netIncomeRatio": -0.537429712,
    "eps": -0.045,
    "epsdiluted": -0.045,
    "weightedAverageShsOut": 6877680000,
    "weightedAverageShsOutDil": 6877680000,
    "link": "https://www.sec.gov/Archives/edgar/data/1018724/000089102000001049/0000891020-00-001049-index.htm",
    "finalLink": "https://www.sec.gov/Archives/edgar/data/1018724/000089102000001049/0000891020-00-001049.txt"
  },
  {
    "date": "1999-12-31",
    "symbol": "AMZN",
    "reportedCurrency": "USD",
    "cik": "0001018724",
    "fillingDate": "2000-03-29",
    "acceptedDate": "2000-03-29 00:00:00",
    "calendarYear": "1999",
    "period": "Q4",
    "revenue": 676042000,
    "costOfRevenue": 588196000,
    "grossProfit": 87846000,
    "grossProfitRatio": 0.1299416308,
    "researchAndDevelopmentExpenses": 57424000,
    "generalAndAdministrativeExpenses": 39891000,
    "sellingAndMarketingExpenses": 179928000,
    "sellingGeneralAndAdministrativeExpenses": 219819000,
    "otherExpenses": 47511000,
    "operatingExpenses": 324754000,
    "costAndExpenses": 912950000,
    "interestIncome": 0,
    "interestExpense": 0,
    "depreciationAndAmortization": 211995000,
    "ebitda": -153046000,
    "ebitdaratio": -0.2263853429,
    "operatingIncome": -236908000,
    "operatingIncomeRatio": -0.3504338488,
    "totalOtherIncomeExpensesNet": 236908000,
    "incomeBeforeTax": 0,
    "incomeBeforeTaxRatio": 0,
    "incomeTaxExpense": 0,
    "netIncome": -323213000,
    "netIncomeRatio": -0.4780960355,
    "eps": -0.0478380498,
    "epsdiluted": -0.0478380498,
    "weightedAverageShsOut": 6756400000,
    "weightedAverageShsOutDil": 6756400000,
    "link": "https://www.sec.gov/Archives/edgar/data/1018724/000089102000000622/0000891020-00-000622-index.htm",
    "finalLink": "https://www.sec.gov/Archives/edgar/data/1018724/000089102000000622/0000891020-00-000622.txt"
  },
  {
    "date": "1999-09-30",
    "symbol": "AMZN",
    "reportedCurrency": "USD",
    "cik": "0001018724",
    "fillingDate": "1999-11-15",
    "acceptedDate": "1999-11-15 00:00:00",
    "calendarYear": "1999",
    "period": "Q3",
    "revenue": 355777000,
    "costOfRevenue": 285300000,
    "grossProfit": 70477000,
    "grossProfitRatio": 0.1980931876,
    "researchAndDevelopmentExpenses": 44600000,
    "generalAndAdministrativeExpenses": 30171000,
    "sellingAndMarketingExpenses": 86842000,
    "sellingGeneralAndAdministrativeExpenses": 117013000,
    "otherExpenses": 75973000,
    "operatingExpenses": 237586000,
    "costAndExpenses": 522886000,
    "interestIncome": 12699000,
    "interestExpense": 21470000,
    "depreciationAndAmortization": 83953000,
    "ebitda": -68298000,
    "ebitdaratio": -0.1919685646,
    "operatingIncome": -167109000,
    "operatingIncomeRatio": -0.4697015265,
    "totalOtherIncomeExpensesNet": -6612000,
    "incomeBeforeTax": -173721000,
    "incomeBeforeTaxRatio": -0.4882862017,
    "incomeTaxExpense": 0,
    "netIncome": -197080000,
    "netIncomeRatio": -0.5539424977,
    "eps": -0.0295,
    "epsdiluted": -0.0295,
    "weightedAverageShsOut": 6649760000,
    "weightedAverageShsOutDil": 6649760000,
    "link": "https://www.sec.gov/Archives/edgar/data/1018724/000089102099001938/0000891020-99-001938-index.htm",
    "finalLink": "https://www.sec.gov/Archives/edgar/data/1018724/000089102099001938/0000891020-99-001938.txt"
  },
  {
    "date": "1999-06-30",
    "symbol": "AMZN",
    "reportedCurrency": "USD",
    "cik": "0001018724",
    "fillingDate": "1999-08-16",
    "acceptedDate": "1999-08-16 00:00:00",
    "calendarYear": "1999",
    "period": "Q2",
    "revenue": 314377000,
    "costOfRevenue": 246846000,
    "grossProfit": 67531000,
    "grossProfitRatio": 0.2148089714,
    "researchAndDevelopmentExpenses": 34300000,
    "generalAndAdministrativeExpenses": 19138000,
    "sellingAndMarketingExpenses": 86165000,
    "sellingGeneralAndAdministrativeExpenses": 105303000,
    "otherExpenses": 40808000,
    "operatingExpenses": 180411000,
    "costAndExpenses": 427257000,
    "interestIncome": 12860000,
    "interestExpense": 28320000,
    "depreciationAndAmortization": 45252000,
    "ebitda": -54842000,
    "ebitdaratio": -0.1744466039,
    "operatingIncome": -112880000,
    "operatingIncomeRatio": -0.3590593459,
    "totalOtherIncomeExpensesNet": -15534000,
    "incomeBeforeTax": -128414000,
    "incomeBeforeTaxRatio": -0.4084713576,
    "incomeTaxExpense": 0,
    "netIncome": -138008000,
    "netIncomeRatio": -0.4389888573,
    "eps": -0.0215,
    "epsdiluted": -0.0215,
    "weightedAverageShsOut": 6446800000,
    "weightedAverageShsOutDil": 6446800000,
    "link": "https://www.sec.gov/Archives/edgar/data/1018724/000089102099001426/0000891020-99-001426-index.htm",
    "finalLink": "https://www.sec.gov/Archives/edgar/data/1018724/000089102099001426/0000891020-99-001426.txt"
  },
  {
    "date": "1999-03-31",
    "symbol": "AMZN",
    "reportedCurrency": "USD",
    "cik": "0001018724",
    "fillingDate": "1999-05-17",
    "acceptedDate": "1999-05-17 00:00:00",
    "calendarYear": "1999",
    "period": "Q1",
    "revenue": 293643000,
    "costOfRevenue": 228852000,
    "grossProfit": 64791000,
    "grossProfitRatio": 0.2206454777,
    "researchAndDevelopmentExpenses": 23500000,
    "generalAndAdministrativeExpenses": 11354000,
    "sellingAndMarketingExpenses": 60717000,
    "sellingGeneralAndAdministrativeExpenses": 72071000,
    "otherExpenses": 21201000,
    "operatingExpenses": 116772000,
    "costAndExpenses": 345624000,
    "interestIncome": 10920000,
    "interestExpense": 16634000,
    "depreciationAndAmortization": 26123000,
    "ebitda": -14987000,
    "ebitdaratio": -0.0510381654,
    "operatingIncome": -51981000,
    "operatingIncomeRatio": -0.1770210766,
    "totalOtherIncomeExpensesNet": -5763000,
    "incomeBeforeTax": -57744000,
    "incomeBeforeTaxRatio": -0.1966469488,
    "incomeTaxExpense": 0,
    "netIncome": -61667000,
    "netIncomeRatio": -0.2100067088,
    "eps": -0.01,
    "epsdiluted": -0.01,
    "weightedAverageShsOut": 6275880000,
    "weightedAverageShsOutDil": 6275880000,
    "link": "https://www.sec.gov/Archives/edgar/data/1018724/000089102099000894/0000891020-99-000894-index.htm",
    "finalLink": "https://www.sec.gov/Archives/edgar/data/1018724/0000891020-99-000894.txt"
  },
  {
    "date": "1998-12-31",
    "symbol": "AMZN",
    "reportedCurrency": "USD",
    "cik": "0001018724",
    "fillingDate": "1999-03-05",
    "acceptedDate": "1999-03-05 00:00:00",
    "calendarYear": "1998",
    "period": "Q4",
    "revenue": 252893000,
    "costOfRevenue": 199476000,
    "grossProfit": 53417000,
    "grossProfitRatio": 0.2112237191,
    "researchAndDevelopmentExpenses": 17281000,
    "generalAndAdministrativeExpenses": 5457000,
    "sellingAndMarketingExpenses": 48501000,
    "sellingGeneralAndAdministrativeExpenses": 53958000,
    "otherExpenses": 24247000,
    "operatingExpenses": 95486000,
    "costAndExpenses": 294962000,
    "interestIncome": 0,
    "interestExpense": 0,
    "depreciationAndAmortization": -21142000,
    "ebitda": -53941000,
    "ebitdaratio": -0.2132957417,
    "operatingIncome": -42069000,
    "operatingIncomeRatio": -0.1663509864,
    "totalOtherIncomeExpensesNet": 42069000,
    "incomeBeforeTax": 0,
    "incomeBeforeTaxRatio": 0,
    "incomeTaxExpense": 0,
    "netIncome": -46427000,
    "netIncomeRatio": -0.1835835709,
    "eps": -0.0073090774,
    "epsdiluted": -0.0073090774,
    "weightedAverageShsOut": 6351964444,
    "weightedAverageShsOutDil": 6351964444,
    "link": "https://www.sec.gov/Archives/edgar/data/1018724/000089102099000375/0000891020-99-000375-index.htm",
    "finalLink": "https://www.sec.gov/Archives/edgar/data/1018724/0000891020-99-000375.txt"
  },
  {
    "date": "1998-09-30",
    "symbol": "AMZN",
    "reportedCurrency": "USD",
    "cik": "0001018724",
    "fillingDate": "1998-11-13",
    "acceptedDate": "1998-11-13 00:00:00",
    "calendarYear": "1998",
    "period": "Q3",
    "revenue": 153600000,
    "costOfRevenue": 117800000,
    "grossProfit": 35800000,
    "grossProfitRatio": 0.2330729167,
    "researchAndDevelopmentExpenses": 13400000,
    "generalAndAdministrativeExpenses": 4978000,
    "sellingAndMarketingExpenses": 37517000,
    "sellingGeneralAndAdministrativeExpenses": 42500000,
    "otherExpenses": 21500000,
    "operatingExpenses": 77400000,
    "costAndExpenses": 195200000,
    "interestIncome": 0,
    "interestExpense": 0,
    "depreciationAndAmortization": 21500000,
    "ebitda": -20100000,
    "ebitdaratio": -0.130859375,
    "operatingIncome": -41600000,
    "operatingIncomeRatio": -0.2708333333,
    "totalOtherIncomeExpensesNet": 41600000,
    "incomeBeforeTax": 0,
    "incomeBeforeTaxRatio": 0,
    "incomeTaxExpense": 0,
    "netIncome": -45200000,
    "netIncomeRatio": -0.2942708333,
    "eps": -0.0075,
    "epsdiluted": -0.0075,
    "weightedAverageShsOut": 6026666667,
    "weightedAverageShsOutDil": 6026666667,
    "link": "https://www.sec.gov/Archives/edgar/data/1018724/000089102098001632/0000891020-98-001632-index.htm",
    "finalLink": "https://www.sec.gov/Archives/edgar/data/1018724/0000891020-98-001632.txt"
  },
  {
    "date": "1998-06-30",
    "symbol": "AMZN",
    "reportedCurrency": "USD",
    "cik": "0001018724",
    "fillingDate": "1998-08-14",
    "acceptedDate": "1998-08-14 00:00:00",
    "calendarYear": "1998",
    "period": "Q2",
    "revenue": 116000000,
    "costOfRevenue": 87800000,
    "grossProfit": 28200000,
    "grossProfitRatio": 0.2431034483,
    "researchAndDevelopmentExpenses": 8100000,
    "generalAndAdministrativeExpenses": 3262000,
    "sellingAndMarketingExpenses": 26452000,
    "sellingGeneralAndAdministrativeExpenses": 29700000,
    "otherExpenses": 7400000,
    "operatingExpenses": 45200000,
    "costAndExpenses": 133000000,
    "interestIncome": 0,
    "interestExpense": 0,
    "depreciationAndAmortization": 7400000,
    "ebitda": -9600000,
    "ebitdaratio": -0.0827586207,
    "operatingIncome": -17000000,
    "operatingIncomeRatio": -0.1465517241,
    "totalOtherIncomeExpensesNet": 17000000,
    "incomeBeforeTax": 0,
    "incomeBeforeTaxRatio": 0,
    "incomeTaxExpense": 0,
    "netIncome": -21200000,
    "netIncomeRatio": -0.1827586207,
    "eps": -0.004,
    "epsdiluted": -0.004,
    "weightedAverageShsOut": 5300000000,
    "weightedAverageShsOutDil": 5300000000,
    "link": "https://www.sec.gov/Archives/edgar/data/1018724/000089102098001313/0000891020-98-001313-index.htm",
    "finalLink": "https://www.sec.gov/Archives/edgar/data/1018724/0000891020-98-001313.txt"
  },
  {
    "date": "1998-03-31",
    "symbol": "AMZN",
    "reportedCurrency": "USD",
    "cik": "0001018724",
    "fillingDate": "1998-05-15",
    "acceptedDate": "1998-05-15 00:00:00",
    "calendarYear": "1998",
    "period": "Q1",
    "revenue": 87400000,
    "costOfRevenue": 66000000,
    "grossProfit": 21400000,
    "grossProfitRatio": 0.2448512586,
    "researchAndDevelopmentExpenses": 7300000,
    "generalAndAdministrativeExpenses": 1963000,
    "sellingAndMarketingExpenses": 19503000,
    "sellingGeneralAndAdministrativeExpenses": 22000000,
    "otherExpenses": 2000000,
    "operatingExpenses": 31300000,
    "costAndExpenses": 97300000,
    "interestIncome": 0,
    "interestExpense": 0,
    "depreciationAndAmortization": 2000000,
    "ebitda": -7900000,
    "ebitdaratio": -0.090389016,
    "operatingIncome": -9900000,
    "operatingIncomeRatio": -0.1132723112,
    "totalOtherIncomeExpensesNet": 9900000,
    "incomeBeforeTax": 0,
    "incomeBeforeTaxRatio": 0,
    "incomeTaxExpense": 0,
    "netIncome": -10400000,
    "netIncomeRatio": -0.118993135,
    "eps": -0.002,
    "epsdiluted": -0.002,
    "weightedAverageShsOut": 5200000000,
    "weightedAverageShsOutDil": 5200000000,
    "link": "https://www.sec.gov/Archives/edgar/data/1018724/000089102098000846/0000891020-98-000846-index.htm",
    "finalLink": "https://www.sec.gov/Archives/edgar/data/1018724/0000891020-98-000846.txt"
  },
  {
    "date": "1997-12-31",
    "symbol": "AMZN",
    "reportedCurrency": "USD",
    "cik": "0001018724",
    "fillingDate": "1998-03-30",
    "acceptedDate": "1998-03-30 00:00:00",
    "calendarYear": "1997",
    "period": "Q4",
    "revenue": 66100000,
    "costOfRevenue": 51400000,
    "grossProfit": 14700000,
    "grossProfitRatio": 0.2223903177,
    "researchAndDevelopmentExpenses": 4500000,
    "generalAndAdministrativeExpenses": 0,
    "sellingAndMarketingExpenses": 0,
    "sellingGeneralAndAdministrativeExpenses": 18200000,
    "otherExpenses": 1700000,
    "operatingExpenses": 24400000,
    "costAndExpenses": 75800000,
    "interestIncome": 0,
    "interestExpense": 0,
    "depreciationAndAmortization": 1700000,
    "ebitda": -8000000,
    "ebitdaratio": -0.1210287443,
    "operatingIncome": -9700000,
    "operatingIncomeRatio": -0.1467473525,
    "totalOtherIncomeExpensesNet": 9700000,
    "incomeBeforeTax": 0,
    "incomeBeforeTaxRatio": 0,
    "incomeTaxExpense": 0,
    "netIncome": -9300000,
    "netIncomeRatio": -0.1406959153,
    "eps": -0.0026269151,
    "epsdiluted": -0.0026269151,
    "weightedAverageShsOut": 3540274286,
    "weightedAverageShsOutDil": 3540274286,
    "link": "https://www.sec.gov/Archives/edgar/data/1018724/000089102098000448/0000891020-98-000448-index.htm",
    "finalLink": "https://www.sec.gov/Archives/edgar/data/1018724/000089102098000448/"
  },
  {
    "date": "1997-09-30",
    "symbol": "AMZN",
    "reportedCurrency": "USD",
    "cik": "0001018724",
    "fillingDate": "1997-11-14",
    "acceptedDate": "1997-11-14 00:00:00",
    "calendarYear": "1997",
    "period": "Q3",
    "revenue": 37900000,
    "costOfRevenue": 29300000,
    "grossProfit": 8600000,
    "grossProfitRatio": 0.2269129288,
    "researchAndDevelopmentExpenses": 3600000,
    "generalAndAdministrativeExpenses": 0,
    "sellingAndMarketingExpenses": 0,
    "sellingGeneralAndAdministrativeExpenses": 12800000,
    "otherExpenses": 1400000,
    "operatingExpenses": 17800000,
    "costAndExpenses": 47100000,
    "interestIncome": 0,
    "interestExpense": 0,
    "depreciationAndAmortization": 1500000,
    "ebitda": -7700000,
    "ebitdaratio": -0.2031662269,
    "operatingIncome": -9200000,
    "operatingIncomeRatio": -0.2427440633,
    "totalOtherIncomeExpensesNet": 9200000,
    "incomeBeforeTax": 0,
    "incomeBeforeTaxRatio": 0,
    "incomeTaxExpense": 0,
    "netIncome": -8500000,
    "netIncomeRatio": -0.2242744063,
    "eps": -0.0015,
    "epsdiluted": -0.0015,
    "weightedAverageShsOut": 5666666667,
    "weightedAverageShsOutDil": 5666666667,
    "link": "https://www.sec.gov/Archives/edgar/data/1018724/000089102097001466/0000891020-97-001466-index.htm",
    "finalLink": "https://www.sec.gov/Archives/edgar/data/1018724/0000891020-97-001466.txt"
  },
  {
    "date": "1997-06-30",
    "symbol": "AMZN",
    "reportedCurrency": "USD",
    "cik": "0001018724",
    "fillingDate": "1997-08-14",
    "acceptedDate": "1997-08-14 00:00:00",
    "calendarYear": "1997",
    "period": "Q2",
    "revenue": 27900000,
    "costOfRevenue": 21700000,
    "grossProfit": 6200000,
    "grossProfitRatio": 0.2222222222,
    "researchAndDevelopmentExpenses": 2800000,
    "generalAndAdministrativeExpenses": 0,
    "sellingAndMarketingExpenses": 0,
    "sellingGeneralAndAdministrativeExpenses": 9500000,
    "otherExpenses": 900000,
    "operatingExpenses": 13200000,
    "costAndExpenses": 34900000,
    "interestIncome": 0,
    "interestExpense": 0,
    "depreciationAndAmortization": 900000,
    "ebitda": -6100000,
    "ebitdaratio": -0.2186379928,
    "operatingIncome": -7000000,
    "operatingIncomeRatio": -0.2508960573,
    "totalOtherIncomeExpensesNet": 7000000,
    "incomeBeforeTax": 0,
    "incomeBeforeTaxRatio": 0,
    "incomeTaxExpense": 0,
    "netIncome": -6700000,
    "netIncomeRatio": -0.2401433692,
    "eps": -0.0015,
    "epsdiluted": -0.0015,
    "weightedAverageShsOut": 4466666667,
    "weightedAverageShsOutDil": 4466666667,
    "link": "https://www.sec.gov/Archives/edgar/data/1018724/000089102097001148/0000891020-97-001148-index.htm",
    "finalLink": "https://www.sec.gov/Archives/edgar/data/1018724/0000891020-97-001148.txt"
  },
  {
    "date": "1997-03-31",
    "symbol": "AMZN",
    "reportedCurrency": "USD",
    "cik": "0001018724",
    "fillingDate": "1997-03-31",
    "acceptedDate": "1997-03-30 19:00:00",
    "calendarYear": "1997",
    "period": "Q1",
    "revenue": 16000000,
    "costOfRevenue": 11800000,
    "grossProfit": 4200000,
    "grossProfitRatio": 0.2625,
    "researchAndDevelopmentExpenses": 1600000,
    "generalAndAdministrativeExpenses": 0,
    "sellingAndMarketingExpenses": 0,
    "sellingGeneralAndAdministrativeExpenses": 5100000,
    "otherExpenses": 700000,
    "operatingExpenses": 7400000,
    "costAndExpenses": 19200000,
    "interestIncome": 0,
    "interestExpense": 0,
    "depreciationAndAmortization": 700000,
    "ebitda": -2500000,
    "ebitdaratio": -0.15625,
    "operatingIncome": -3200000,
    "operatingIncomeRatio": -0.2,
    "totalOtherIncomeExpensesNet": 3200000,
    "incomeBeforeTax": 0,
    "incomeBeforeTaxRatio": 0,
    "incomeTaxExpense": 0,
    "netIncome": -3000000,
    "netIncomeRatio": -0.1875,
    "eps": -0.001,
    "epsdiluted": -0.001,
    "weightedAverageShsOut": 5731880000,
    "weightedAverageShsOutDil": 5731880000,
    "link": "",
    "finalLink": ""
  },
  {
    "date": "1996-12-31",
    "symbol": "AMZN",
    "reportedCurrency": "USD",
    "cik": "0001018724",
    "fillingDate": "1996-12-31",
    "acceptedDate": "1996-12-30 19:00:00",
    "calendarYear": "1996",
    "period": "Q4",
    "revenue": 8400000,
    "costOfRevenue": 0,
    "grossProfit": 8400000,
    "grossProfitRatio": 1,
    "researchAndDevelopmentExpenses": 0,
    "generalAndAdministrativeExpenses": 0,
    "sellingAndMarketingExpenses": 0,
    "sellingGeneralAndAdministrativeExpenses": 0,
    "otherExpenses": 21700000,
    "operatingExpenses": 21700000,
    "costAndExpenses": 21700000,
    "interestIncome": 0,
    "interestExpense": 0,
    "depreciationAndAmortization": 0,
    "ebitda": -13300000,
    "ebitdaratio": -1.5833333333,
    "operatingIncome": 0,
    "operatingIncomeRatio": 0,
    "totalOtherIncomeExpensesNet": 0,
    "incomeBeforeTax": 0,
    "incomeBeforeTaxRatio": 0,
    "incomeTaxExpense": 0,
    "netIncome": -2300000,
    "netIncomeRatio": -0.2738095238,
    "eps": -0.0006571429,
    "epsdiluted": -0.0006571429,
    "weightedAverageShsOut": 3500000000,
    "weightedAverageShsOutDil": 3500000000,
    "link": "",
    "finalLink": ""
  },
  {
    "date": "1996-09-30",
    "symbol": "AMZN",
    "reportedCurrency": "USD",
    "cik": "0001018724",
    "fillingDate": "1996-09-30",
    "acceptedDate": "1996-09-29 20:00:00",
    "calendarYear": "1996",
    "period": "Q3",
    "revenue": 4200000,
    "costOfRevenue": 0,
    "grossProfit": 4200000,
    "grossProfitRatio": 1,
    "researchAndDevelopmentExpenses": 0,
    "generalAndAdministrativeExpenses": 0,
    "sellingAndMarketingExpenses": 0,
    "sellingGeneralAndAdministrativeExpenses": 0,
    "otherExpenses": 4200000,
    "operatingExpenses": 4200000,
    "costAndExpenses": 4200000,
    "interestIncome": 0,
    "interestExpense": 0,
    "depreciationAndAmortization": 0,
    "ebitda": 4200000,
    "ebitdaratio": 1,
    "operatingIncome": 0,
    "operatingIncomeRatio": 0,
    "totalOtherIncomeExpensesNet": 0,
    "incomeBeforeTax": 0,
    "incomeBeforeTaxRatio": 0,
    "incomeTaxExpense": 0,
    "netIncome": -2400000,
    "netIncomeRatio": -0.5714285714,
    "eps": -0.0005,
    "epsdiluted": -0.0005,
    "weightedAverageShsOut": 4800000000,
    "weightedAverageShsOutDil": 4800000000,
    "link": "",
    "finalLink": ""
  },
  {
    "date": "1996-06-30",
    "symbol": "AMZN",
    "reportedCurrency": "USD",
    "cik": "0001018724",
    "fillingDate": "1996-06-30",
    "acceptedDate": "1996-06-29 20:00:00",
    "calendarYear": "1996",
    "period": "Q2",
    "revenue": 2200000,
    "costOfRevenue": 0,
    "grossProfit": 2200000,
    "grossProfitRatio": 1,
    "researchAndDevelopmentExpenses": 0,
    "generalAndAdministrativeExpenses": 0,
    "sellingAndMarketingExpenses": 0,
    "sellingGeneralAndAdministrativeExpenses": 0,
    "otherExpenses": 2200000,
    "operatingExpenses": 2200000,
    "costAndExpenses": 2200000,
    "interestIncome": 0,
    "interestExpense": 0,
    "depreciationAndAmortization": 0,
    "ebitda": 2200000,
    "ebitdaratio": 1,
    "operatingIncome": 0,
    "operatingIncomeRatio": 0,
    "totalOtherIncomeExpensesNet": 0,
    "incomeBeforeTax": 0,
    "incomeBeforeTaxRatio": 0,
    "incomeTaxExpense": 0,
    "netIncome": -800000,
    "netIncomeRatio": -0.3636363636,
    "eps": -0.0002,
    "epsdiluted": -0.0002,
    "weightedAverageShsOut": 4150000000,
    "weightedAverageShsOutDil": 4150000000,
    "link": "",
    "finalLink": ""
  },
  {
    "date": "1996-03-31",
    "symbol": "AMZN",
    "reportedCurrency": "USD",
    "cik": "0001018724",
    "fillingDate": "1996-03-31",
    "acceptedDate": "1996-03-30 19:00:00",
    "calendarYear": "1996",
    "period": "Q1",
    "revenue": 900000,
    "costOfRevenue": 0,
    "grossProfit": 900000,
    "grossProfitRatio": 1,
    "researchAndDevelopmentExpenses": 0,
    "generalAndAdministrativeExpenses": 0,
    "sellingAndMarketingExpenses": 0,
    "sellingGeneralAndAdministrativeExpenses": 0,
    "otherExpenses": 900000,
    "operatingExpenses": 900000,
    "costAndExpenses": 900000,
    "interestIncome": 0,
    "interestExpense": 0,
    "depreciationAndAmortization": 0,
    "ebitda": 900000,
    "ebitdaratio": 1,
    "operatingIncome": 0,
    "operatingIncomeRatio": 0,
    "totalOtherIncomeExpensesNet": 0,
    "incomeBeforeTax": 0,
    "incomeBeforeTaxRatio": 0,
    "incomeTaxExpense": 0,
    "netIncome": -300000,
    "netIncomeRatio": -0.3333333333,
    "eps": -0.0001,
    "epsdiluted": -0.0001,
    "weightedAverageShsOut": 3500000000,
    "weightedAverageShsOutDil": 3500000000,
    "link": "",
    "finalLink": ""
  }
]