[
  {
    "date": "2024-12-31",
    "symbol": "AMZN",
    "reportedCurrency": "USD",
    "cik": "0001018724",
    "fillingDate": "2025-02-07",
    "acceptedDate": "2025-02-06 18:40:29",
    "calendarYear": "2024",
    "period": "FY",
    "revenue": 637959000000,
    "costOfRevenue": 326288000000,
    "grossProfit": 311671000000,
    "grossProfitRatio": 0.4885439346,
    "researchAndDevelopmentExpenses": 88544000000,
    "generalAndAdministrativeExpenses": 11359000000,
    "sellingAndMarketingExpenses": 43907000000,
    "sellingGeneralAndAdministrativeExpenses": 55266000000,
    "otherExpenses": 99268000000,
    "operatingExpenses": 243078000000,
    "costAndExpenses": 569366000000,
    "interestIncome": 4677000000,
    "interestExpense": 2406000000,
    "depreciationAndAmortization": 52795000000,
    "ebitda": 123815000000,
    "ebitdaratio": 0.1940798703,
    "operatingIncome": 68593000000,
    "operatingIncomeRatio": 0.1075194487,
    "totalOtherIncomeExpensesNet": -80000000,
    "incomeBeforeTax": 68513000000,
    "incomeBeforeTaxRatio": 0.1073940488,
    "incomeTaxExpense": 9265000000,
    "netIncome": 59248000000,
    "netIncomeRatio": 0.092871172,
    "eps": 5.66,
    "epsdiluted": 5.53,
    "weightedAverageShsOut": 10473000000,
    "weightedAverageShsOutDil": 10721000000,
    "link": "https://www.sec.gov/Archives/edgar/data/1018724/000101872425000004/0001018724-25-000004-index.htm",
    "finalLink": "https://www.sec.gov/Archives/edgar/data/1018724/000101872425000004/amzn-20241231.htm"
  },
  {
    "date": "2023-12-31",
    "symbol": "AMZN",
    "reportedCurrency": "USD",
    "cik": "0001018724",
    "fillingDate": "2024-02-02",
    "acceptedDate": "2024-02-01 18:48:30",
    "calendarYear": "2023",
    "period": "FY",
    "revenue": 574785000000,
    "costOfRevenue": 304739000000,
    "grossProfit": 270046000000,
    "grossProfitRatio": 0.4698208896,
    "researchAndDevelopmentExpenses": 85622000000,
    "generalAndAdministrativeExpenses": 11816000000,
    "sellingAndMarketingExpenses": 44370000000,
    "sellingGeneralAndAdministrativeExpenses": 56186000000,
    "otherExpenses": 91386000000,
    "operatingExpenses": 233194000000,
    "costAndExpenses": 537933000000,
    "interestIncome": 2949000000,
    "interestExpense": 3182000000,
    "depreciationAndAmortization": 48663000000,
    "ebitda": 89402000000,
    "ebitdaratio": 0.1555398975,
    "operatingIncome": 36852000000,
    "operatingIncomeRatio": 0.064114408,
    "totalOtherIncomeExpensesNet": 705000000,
    "incomeBeforeTax": 37557000000,
    "incomeBeforeTaxRatio": 0.0653409536,
    "incomeTaxExpense": 7120000000,
    "netIncome": 30425000000,
    "netIncomeRatio": 0.0529328358,
    "eps": 2.95,
    "epsdiluted": 2.9,
    "weightedAverageShsOut": 10304000000,
    "weightedAverageShsOutDil": 10492000000,
    "link": "https://www.sec.gov/Archives/edgar/data/1018724/000101872424000008/0001018724-24-000008-index.htm",
    "finalLink": "https://www.sec.gov/Archives/edgar/data/1018724/000101872424000008/amzn-20231231.htm"
  },
  {
    "date": "2022-12-31",
    "symbol": "AMZN",
    "reportedCurrency": "USD",
    "cik": "0001018724",
    "fillingDate": "2023-02-03",
    "acceptedDate": "2023-02-02 18:27:34",
    "calendarYear": "2022",
    "period": "FY",
    "revenue": 513983000000,
    "costOfRevenue": 288831000000,
    "grossProfit": 225152000000,
    "grossProfitRatio": 0.4380533987,
    "researchAndDevelopmentExpenses": 73213000000,
    "generalAndAdministrativeExpenses": 11891000000,
    "sellingAndMarketingExpenses": 42238000000,
    "sellingGeneralAndAdministrativeExpenses": 54129000000,
    "otherExpenses": 85562000000,
    "operatingExpenses": 212904000000,
    "costAndExpenses": 501735000000,
    "interestIncome": 989000000,
    "interestExpense": 2367000000,
    "depreciationAndAmortization": 41921000000,
    "ebitda": 38352000000,
    "ebitdaratio": 0.0746172539,
    "operatingIncome": 12248000000,
    "operatingIncomeRatio": 0.0238295819,
    "totalOtherIncomeExpensesNet": -18184000000,
    "incomeBeforeTax": -5936000000,
    "incomeBeforeTaxRatio": -0.0115490201,
    "incomeTaxExpense": -3217000000,
    "netIncome": -2722000000,
    "netIncomeRatio": -0.005295895,
    "eps": -0.27,
    "epsdiluted": -0.27,
    "weightedAverageShsOut": 10189000000,
    "weightedAverageShsOutDil": 10189000000,
    "link": "https://www.sec.gov/Archives/edgar/data/1018724/000101872423000004/0001018724-23-000004-index.htm",
    "finalLink": "https://www.sec.gov/Archives/edgar/data/1018724/000101872423000004/amzn-20221231.htm"
  },
  {
    "date": "2021-12-31",
    "symbol": "AMZN",
    "reportedCurrency": "USD",
    "cik": "0001018724",
    "fillingDate": "2022-02-04",
    "acceptedDate": "2022-02-03 18:46:51",
    "calendarYear": "2021",
    "period": "FY",
    "revenue": 469822000000,
    "costOfRevenue": 272344000000,
    "grossProfit": 197478000000,
    "grossProfitRatio": 0.4203251444,
    "researchAndDevelopmentExpenses": 56052000000,
    "generalAndAdministrativeExpenses": 8823000000,
    "sellingAndMarketingExpenses": 32551000000,
    "sellingGeneralAndAdministrativeExpenses": 41374000000,
    "otherExpenses": 75173000000,
    "operatingExpenses": 172599000000,
    "costAndExpenses": 444943000000,
    "interestIncome": 448000000,
    "interestExpense": 1809000000,
    "depreciationAndAmortization": 34433000000,
    "ebitda": 74393000000,
    "ebitdaratio": 0.1583429469,
    "operatingIncome": 24879000000,
    "operatingIncomeRatio": 0.0529540975,
    "totalOtherIncomeExpensesNet": 13272000000,
    "incomeBeforeTax": 38151000000,
    "incomeBeforeTaxRatio": 0.0812030939,
    "incomeTaxExpense": 4791000000,
    "netIncome": 33364000000,
    "netIncomeRatio": 0.0710141288,
    "eps": 3.3,
    "epsdiluted": 3.24,
    "weightedAverageShsOut": 10120000000,
    "weightedAverageShsOutDil": 10300000000,
    "link": "https://www.sec.gov/Archives/edgar/data/1018724/000101872422000005/0001018724-22-000005-index.htm",
    "finalLink": "https://www.sec.gov/Archives/edgar/data/1018724/000101872422000005/amzn-20211231.htm"
  },
  {
    "date": "2020-12-31",
    "symbol": "AMZN",
    "reportedCurrency": "USD",
    "cik": "0001018724",
    "fillingDate": "2021-02-03",
    "acceptedDate": "2021-02-02 19:44:10",
    "calendarYear": "2020",
    "period": "FY",
    "revenue": 386064000000,
    "costOfRevenue": 233307000000,
    "grossProfit": 152757000000,
    "grossProfitRatio": 0.3956779187,
    "researchAndDevelopmentExpenses": 42740000000,
    "generalAndAdministrativeExpenses": 6668000000,
    "sellingAndMarketingExpenses": 22008000000,
    "sellingGeneralAndAdministrativeExpenses": 28676000000,
    "otherExpenses": 58442000000,
    "operatingExpenses": 129858000000,
    "costAndExpenses": 363165000000,
    "interestIncome": 555000000,
    "interestExpense": 1647000000,
    "depreciationAndAmortization": 25180000000,
    "ebitda": 51005000000,
    "ebitdaratio": 0.1321154006,
    "operatingIncome": 22899000000,
    "operatingIncomeRatio": 0.0593139998,
    "totalOtherIncomeExpensesNet": 1295000000,
    "incomeBeforeTax": 24194000000,
    "incomeBeforeTaxRatio": 0.0626683659,
    "incomeTaxExpense": 2863000000,
    "netIncome": 21331000000,
    "netIncomeRatio": 0.055252497,
    "eps": 2.13,
    "epsdiluted": 2.09,
    "weightedAverageShsOut": 10000000000,
    "weightedAverageShsOutDil": 10200000000,
    "link": "https://www.sec.gov/Archives/edgar/data/1018724/000101872421000004/0001018724-21-000004-index.htm",
    "finalLink": "https://www.sec.gov/Archives/edgar/data/1018724/000101872421000004/amzn-20201231.htm"
  },
  {
    "date": "2019-12-31",
    "symbol": "AMZN",
    "reportedCurrency": "USD",
    "cik": "0001018724",
    "fillingDate": "2020-01-31",
    "acceptedDate": "2020-01-30 20:46:13",
    "calendarYear": "2019",
    "period": "FY",
    "revenue": 280522000000,
    "costOfRevenue": 165536000000,
    "grossProfit": 114986000000,
    "grossProfitRatio": 0.4099001148,
    "researchAndDevelopmentExpenses": 35931000000,
    "generalAndAdministrativeExpenses": 5203000000,
    "sellingAndMarketingExpenses": 18878000000,
    "sellingGeneralAndAdministrativeExpenses": 24081000000,
    "otherExpenses": 40433000000,
    "operatingExpenses": 100445000000,
    "costAndExpenses": 265981000000,
    "interestIncome": 832000000,
    "interestExpense": 1600000000,
    "depreciationAndAmortization": 21789000000,
    "ebitda": 37365000000,
    "ebitdaratio": 0.1331981092,
    "operatingIncome": 14541000000,
    "operatingIncomeRatio": 0.0518355067,
    "totalOtherIncomeExpensesNet": -579000000,
    "incomeBeforeTax": 13962000000,
    "incomeBeforeTaxRatio": 0.0497714974,
    "incomeTaxExpense": 2374000000,
    "netIncome": 11588000000,
    "netIncomeRatio": 0.0413087031,
    "eps": 1.17,
    "epsdiluted": 1.15,
    "weightedAverageShsOut": 9880000000,
    "weightedAverageShsOutDil": 10080000000,
    "link": "https://www.sec.gov/Archives/edgar/data/1018724/000101872420000004/0001018724-20-000004-index.htm",
    "finalLink": "https://www.sec.gov/Archives/edgar/data/1018724/000101872420000004/amzn-20191231x10k.htm"
  },
  {
    "date": "2018-12-31",
    "symbol": "AMZN",
    "reportedCurrency": "USD",
    "cik": "0001018724",
    "fillingDate": "2019-02-01",
    "acceptedDate": "2019-01-31 20:22:40",
    "calendarYear": "2018",
    "period": "FY",
    "revenue": 232887000000,
    "costOfRevenue": 139156000000,
    "grossProfit": 93731000000,
    "grossProfitRatio": 0.4024741613,
    "researchAndDevelopmentExpenses": 28837000000,
    "generalAndAdministrativeExpenses": 4336000000,
    "sellingAndMarketingExpenses": 13814000000,
    "sellingGeneralAndAdministrativeExpenses": 18150000000,
    "otherExpenses": 34323000000,
    "operatingExpenses": 81310000000,
    "costAndExpenses": 220466000000,
    "interestIncome": 440000000,
    "interestExpense": 1417000000,
    "depreciationAndAmortization": 15341000000,
    "ebitda": 28019000000,
    "ebitdaratio": 0.1203115674,
    "operatingIncome": 12421000000,
    "operatingIncomeRatio": 0.0533348791,
    "totalOtherIncomeExpensesNet": -1151000000,
    "incomeBeforeTax": 11270000000,
    "incomeBeforeTaxRatio": 0.0483925681,
    "incomeTaxExpense": 1197000000,
    "netIncome": 10073000000,
    "netIncomeRatio": 0.0432527363,
    "eps": 1.03,
    "epsdiluted": 1.01,
    "weightedAverageShsOut": 9740000000,
    "weightedAverageShsOutDil": 10000000000,
    "link": "https://www.sec.gov/Archives/edgar/data/1018724/000101872419000004/0001018724-19-000004-index.htm",
    "finalLink": "https://www.sec.gov/Archives/edgar/data/1018724/000101872419000004/amzn-20181231x10k.htm"
  },
  {
    "date": "2017-12-31",
    "symbol": "AMZN",
    "reportedCurrency": "USD",
    "cik": "0001018724",
    "fillingDate": "2018-02-02",
    "acceptedDate": "2018-02-01 20:41:15",
    "calendarYear": "2017",
    "period": "FY",
    "revenue": 177866000000,
    "costOfRevenue": 111934000000,
    "grossProfit": 65932000000,
    "grossProfitRatio": 0.3706835483,
    "researchAndDevelopmentExpenses": 22620000000,
    "generalAndAdministrativeExpenses": 3674000000,
    "sellingAndMarketingExpenses": 10069000000,
    "sellingGeneralAndAdministrativeExpenses": 13743000000,
    "otherExpenses": 25463000000,
    "operatingExpenses": 61826000000,
    "costAndExpenses": 173760000000,
    "interestIncome": 202000000,
    "interestExpense": 848000000,
    "depreciationAndAmortization": 11478000000,
    "ebitda": 16132000000,
    "ebitdaratio": 0.0906974914,
    "operatingIncome": 4106000000,
    "operatingIncomeRatio": 0.0230847942,
    "totalOtherIncomeExpensesNet": -300000000,
    "incomeBeforeTax": 3802000000,
    "incomeBeforeTaxRatio": 0.0213756423,
    "incomeTaxExpense": 769000000,
    "netIncome": 3033000000,
    "netIncomeRatio": 0.0170521629,
    "eps": 0.32,
    "epsdiluted": 0.31,
    "weightedAverageShsOut": 9600000000,
    "weightedAverageShsOutDil": 9860000000,
    "link": "https://www.sec.gov/Archives/edgar/data/1018724/000101872418000005/0001018724-18-000005-index.htm",
    "finalLink": "https://www.sec.gov/Archives/edgar/data/1018724/000101872418000005/amzn-20171231x10k.htm"
  },
  {
    "date": "2016-12-31",
    "symbol": "AMZN",
    "reportedCurrency": "USD",
    "cik": "0001018724",
    "fillingDate": "2017-02-10",
    "acceptedDate": "2017-02-09 17:56:36",
    "calendarYear": "2016",
    "period": "FY",
    "revenue": 135987000000,
    "costOfRevenue": 88265000000,
    "grossProfit": 47722000000,
    "grossProfitRatio": 0.3509306037,
    "researchAndDevelopmentExpenses": 16085000000,
    "generalAndAdministrativeExpenses": 2432000000,
    "sellingAndMarketingExpenses": 7233000000,
    "sellingGeneralAndAdministrativeExpenses": 9665000000,
    "otherExpenses": 17786000000,
    "operatingExpenses": 43536000000,
    "costAndExpenses": 131801000000,
    "interestIncome": 100000000,
    "interestExpense": 484000000,
    "depreciationAndAmortization": 8116000000,
    "ebitda": 12492000000,
    "ebitdaratio": 0.0918617221,
    "operatingIncome": 4353000000,
    "operatingIncomeRatio": 0.0320104128,
    "totalOtherIncomeExpensesNet": -557000000,
    "incomeBeforeTax": 3796000000,
    "incomeBeforeTaxRatio": 0.027914433,
    "incomeTaxExpense": 1425000000,
    "netIncome": 2371000000,
    "netIncomeRatio": 0.0174354902,
    "eps": 0.25,
    "epsdiluted": 0.25,
    "weightedAverageShsOut": 9480000000,
    "weightedAverageShsOutDil": 9680000000,
    "link": "https://www.sec.gov/Archives/edgar/data/1018724/000101872417000011/0001018724-17-000011-index.htm",
    "finalLink": "https://www.sec.gov/Archives/edgar/data/1018724/000101872417000011/amzn-20161231x10k.htm"
  },
  {
    "date": "2015-12-31",
    "symbol": "AMZN",
    "reportedCurrency": "USD",
    "cik": "0001018724",
    "fillingDate": "2016-01-29",
    "acceptedDate": "2016-01-28 19:38:11",
    "calendarYear": "2015",
    "period": "FY",
    "revenue": 107006000000,
    "costOfRevenue": 71651000000,
    "grossProfit": 35355000000,
    "grossProfitRatio": 0.3304020335,
    "researchAndDevelopmentExpenses": 12540000000,
    "generalAndAdministrativeExpenses": 1747000000,
    "sellingAndMarketingExpenses": 5254000000,
    "sellingGeneralAndAdministrativeExpenses": 7001000000,
    "otherExpenses": 13581000000,
    "operatingExpenses": 33122000000,
    "costAndExpenses": 104773000000,
    "interestIncome": 50000000,
    "interestExpense": 459000000,
    "depreciationAndAmortization": 6281000000,
    "ebitda": 8308000000,
    "ebitdaratio": 0.0776405061,
    "operatingIncome": 2233000000,
    "operatingIncomeRatio": 0.0208679887,
    "totalOtherIncomeExpensesNet": -687000000,
    "incomeBeforeTax": 1546000000,
    "incomeBeforeTaxRatio": 0.014447788,
    "incomeTaxExpense": 950000000,
    "netIncome": 596000000,
    "netIncomeRatio": 0.0055697811,
    "eps": 0.064,
    "epsdiluted": 0.0625,
    "weightedAverageShsOut": 9340000000,
    "weightedAverageShsOutDil": 9540000000,
    "link": "https://www.sec.gov/Archives/edgar/data/1018724/000101872416000172/0001018724-16-000172-index.htm",
    "finalLink": "https://www.sec.gov/Archives/edgar/data/1018724/000101872416000172/amzn-20151231x10k.htm"
  },
  {
    "date": "2014-12-31",
    "symbol": "AMZN",
    "reportedCurrency": "USD",
    "cik": "0001018724",
    "fillingDate": "2015-01-30",
    "acceptedDate": "2015-01-29 19:38:08",
    "calendarYear": "2014",
    "period": "FY",
    "revenue": 88988000000,
    "costOfRevenue": 62752000000,
    "grossProfit": 26236000000,
    "grossProfitRatio": 0.2948262687,
    "researchAndDevelopmentExpenses": 9275000000,
    "generalAndAdministrativeExpenses": 1552000000,
    "sellingAndMarketingExpenses": 4332000000,
    "sellingGeneralAndAdministrativeExpenses": 5884000000,
    "otherExpenses": 10899000000,
    "operatingExpenses": 26058000000,
    "costAndExpenses": 88810000000,
    "interestIncome": 39000000,
    "interestExpense": 210000000,
    "depreciationAndAmortization": 4746000000,
    "ebitda": 4845000000,
    "ebitdaratio": 0.0544455432,
    "operatingIncome": 178000000,
    "operatingIncomeRatio": 0.0020002697,
    "totalOtherIncomeExpensesNet": -289000000,
    "incomeBeforeTax": -111000000,
    "incomeBeforeTaxRatio": -0.0012473592,
    "incomeTaxExpense": 167000000,
    "netIncome": -241000000,
    "netIncomeRatio": -0.0027082303,
    "eps": -0.026,
    "epsdiluted": -0.026,
    "weightedAverageShsOut": 9240000000,
    "weightedAverageShsOutDil": 9240000000,
    "link": "https://www.sec.gov/Archives/edgar/data/1018724/000101872415000006/0001018724-15-000006-index.htm",
    "finalLink": "https://www.sec.gov/Archives/edgar/data/1018724/000101872415000006/amzn-20141231x10k.htm"
  },
  {
    "date": "2013-12-31",
    "symbol": "AMZN",
    "reportedCurrency": "USD",
    "cik": "0001018724",
    "fillingDate": "2014-01-31",
    "acceptedDate": "2014-01-30 21:52:38",
    "calendarYear": "2013",
    "period": "FY",
    "revenue": 74452000000,
    "costOfRevenue": 54181000000,
    "grossProfit": 20271000000,
    "grossProfitRatio": 0.2722693816,
    "researchAndDevelopmentExpenses": 6565000000,
    "generalAndAdministrativeExpenses": 1129000000,
    "sellingAndMarketingExpenses": 3133000000,
    "sellingGeneralAndAdministrativeExpenses": 4262000000,
    "otherExpenses": 8699000000,
    "operatingExpenses": 19526000000,
    "costAndExpenses": 73707000000,
    "interestIncome": 38000000,
    "interestExpense": 141000000,
    "depreciationAndAmortization": 3253000000,
    "ebitda": 3900000000,
    "ebitdaratio": 0.0523827432,
    "operatingIncome": 745000000,
    "operatingIncomeRatio": 0.0100064471,
    "totalOtherIncomeExpensesNet": -310000000,
    "incomeBeforeTax": 435000000,
    "incomeBeforeTaxRatio": 0.0058426906,
    "incomeTaxExpense": 161000000,
    "netIncome": 274000000,
    "netIncomeRatio": 0.0036802235,
    "eps": 0.03,
    "epsdiluted": 0.0295,
    "weightedAverageShsOut": 9140000000,
    "weightedAverageShsOutDil": 9300000000,
    "link": "https://www.sec.gov/Archives/edgar/data/1018724/000101872414000006/0001018724-14-000006-index.htm",
    "finalLink": "https://www.sec.gov/Archives/edgar/data/1018724/000101872414000006/amzn-20131231x10k.htm"
  },
  {
    "date": "2012-12-31",
    "symbol": "AMZN",
    "reportedCurrency": "USD",
    "cik": "0001018724",
    "fillingDate": "2013-01-30",
    "acceptedDate": "2013-01-29 19:13:32",
    "calendarYear": "2012",
    "period": "FY",
    "revenue": 61093000000,
    "costOfRevenue": 45971000000,
    "grossProfit": 15122000000,
    "grossProfitRatio": 0.2475242663,
    "researchAndDevelopmentExpenses": 4564000000,
    "generalAndAdministrativeExpenses": 896000000,
    "sellingAndMarketingExpenses": 2408000000,
    "sellingGeneralAndAdministrativeExpenses": 3304000000,
    "otherExpenses": 6578000000,
    "operatingExpenses": 14446000000,
    "costAndExpenses": 60417000000,
    "interestIncome": 40000000,
    "interestExpense": 92000000,
    "depreciationAndAmortization": 2159000000,
    "ebitda": 2795000000,
    "ebitdaratio": 0.0457499222,
    "operatingIncome": 676000000,
    "operatingIncomeRatio": 0.0110650975,
    "totalOtherIncomeExpensesNet": -132000000,
    "incomeBeforeTax": 544000000,
    "incomeBeforeTaxRatio": 0.0089044571,
    "incomeTaxExpense": 428000000,
    "netIncome": -39000000,
    "netIncomeRatio": -0.000638371,
    "eps": -0.0045,
    "epsdiluted": -0.0045,
    "weightedAverageShsOut": 8666666666,
    "weightedAverageShsOutDil": 9060000000,
    "link": "https://www.sec.gov/Archives/edgar/data/1018724/000119312513028520/0001193125-13-028520-index.htm",
    "finalLink": "https://www.sec.gov/Archives/edgar/data/1018724/000119312513028520/d445434d10k.htm"
  },
  {
    "date": "2011-12-31",
    "symbol": "AMZN",
    "reportedCurrency": "USD",
    "cik": "0001018724",
    "fillingDate": "2012-02-01",
    "acceptedDate": "2012-01-31 21:58:32",
    "calendarYear": "2011",
    "period": "FY",
    "revenue": 48077000000,
    "costOfRevenue": 37288000000,
    "grossProfit": 10789000000,
    "grossProfitRatio": 0.2244108409,
    "researchAndDevelopmentExpenses": 2909000000,
    "generalAndAdministrativeExpenses": 658000000,
    "sellingAndMarketingExpenses": 1630000000,
    "sellingGeneralAndAdministrativeExpenses": 2288000000,
    "otherExpenses": 4730000000,
    "operatingExpenses": 9927000000,
    "costAndExpenses": 47215000000,
    "interestIncome": 61000000,
    "interestExpense": 65000000,
    "depreciationAndAmortization": 1083000000,
    "ebitda": 2082000000,
    "ebitdaratio": 0.0433055307,
    "operatingIncome": 862000000,
    "operatingIncomeRatio": 0.0179295713,
    "totalOtherIncomeExpensesNet": 72000000,
    "incomeBeforeTax": 934000000,
    "incomeBeforeTaxRatio": 0.0194271689,
    "incomeTaxExpense": 291000000,
    "netIncome": 631000000,
    "netIncomeRatio": 0.013124779,
    "eps": 0.0695,
    "epsdiluted": 0.0685,
    "weightedAverageShsOut": 9060000000,
    "weightedAverageShsOutDil": 9220000000,
    "link": "https://www.sec.gov/Archives/edgar/data/1018724/000119312512032846/0001193125-12-032846-index.htm",
    "finalLink": "https://www.sec.gov/Archives/edgar/data/1018724/000119312512032846/d269317d10k.htm"
  },
  {
    "date": "2010-12-31",
    "symbol": "AMZN",
    "reportedCurrency": "USD",
    "cik": "0001018724",
    "fillingDate": "2011-01-28",
    "acceptedDate": "2011-01-27 20:08:28",
    "calendarYear": "2010",
    "period": "FY",
    "revenue": 34204000000,
    "costOfRevenue": 26561000000,
    "grossProfit": 7643000000,
    "grossProfitRatio": 0.2234533973,
    "researchAndDevelopmentExpenses": 1734000000,
    "generalAndAdministrativeExpenses": 470000000,
    "sellingAndMarketingExpenses": 1029000000,
    "sellingGeneralAndAdministrativeExpenses": 1499000000,
    "otherExpenses": 3004000000,
    "operatingExpenses": 6237000000,
    "costAndExpenses": 32798000000,
    "interestIncome": 51000000,
    "interestExpense": 39000000,
    "depreciationAndAmortization": 568000000,
    "ebitda": 2104000000,
    "ebitdaratio": 0.0615132733,
    "operatingIncome": 1406000000,
    "operatingIncomeRatio": 0.0411063034,
    "totalOtherIncomeExpensesNet": 91000000,
    "incomeBeforeTax": 1497000000,
    "incomeBeforeTaxRatio": 0.0437668109,
    "incomeTaxExpense": 352000000,
    "netIncome": 1152000000,
    "netIncomeRatio": 0.0336802713,
    "eps": 0.13,
    "epsdiluted": 0.13,
    "weightedAverageShsOut": 8940000000,
    "weightedAverageShsOutDil": 9120000000,
    "link": "https://www.sec.gov/Archives/edgar/data/1018724/000119312511016253/0001193125-11-016253-index.htm",
    "finalLink": "https://www.sec.gov/Archives/edgar/data/1018724/000119312511016253/d10k.htm"
  },
  {
    "date": "2009-12-31",
    "symbol": "AMZN",
    "reportedCurrency": "USD",
    "cik": "0001018724",
    "fillingDate": "2010-01-29",
    "acceptedDate": "2010-01-28 21:42:22",
    "calendarYear": "2009",
    "period": "FY",
    "revenue": 24509000000,
    "costOfRevenue": 18978000000,
    "grossProfit": 5531000000,
    "grossProfitRatio": 0.225672202,
    "researchAndDevelopmentExpenses": 1240000000,
    "generalAndAdministrativeExpenses": 328000000,
    "sellingAndMarketingExpenses": 680000000,
    "sellingGeneralAndAdministrativeExpenses": 1008000000,
    "otherExpenses": 2154000000,
    "operatingExpenses": 4402000000,
    "costAndExpenses": 23380000000,
    "interestIncome": 37000000,
    "interestExpense": 34000000,
    "depreciationAndAmortization": 378000000,
    "ebitda": 1573000000,
    "ebitdaratio": 0.0641805051,
    "operatingIncome": 1129000000,
    "operatingIncomeRatio": 0.0460647109,
    "totalOtherIncomeExpensesNet": 32000000,
    "incomeBeforeTax": 1161000000,
    "incomeBeforeTaxRatio": 0.0473703537,
    "incomeTaxExpense": 253000000,
    "netIncome": 902000000,
    "netIncomeRatio": 0.0368028071,
    "eps": 0.1,
    "epsdiluted": 0.1,
    "weightedAverageShsOut": 8660000000,
    "weightedAverageShsOutDil": 8840000000,
    "link": "https://www.sec.gov/Archives/edgar/data/1018724/000119312510016098/0001193125-10-016098-index.htm",
    "finalLink": "https://www.sec.gov/Archives/edgar/data/1018724/000119312510016098/d10k.htm"
  },
  {
    "date": "2008-12-31",
    "symbol": "AMZN",
    "reportedCurrency": "USD",
    "cik": "0001018724",
    "fillingDate": "2009-01-30",
    "acceptedDate": "2009-01-29 18:48:15",
    "calendarYear": "2008",
    "period": "FY",
    "revenue": 19166000000,
    "costOfRevenue": 14896000000,
    "grossProfit": 4270000000,
    "grossProfitRatio": 0.2227903579,
    "researchAndDevelopmentExpenses": 1033000000,
    "generalAndAdministrativeExpenses": 279000000,
    "sellingAndMarketingExpenses": 482000000,
    "sellingGeneralAndAdministrativeExpenses": 761000000,
    "otherExpenses": 1634000000,
    "operatingExpenses": 3428000000,
    "costAndExpenses": 18324000000,
    "interestIncome": 83000000,
    "interestExpense": 71000000,
    "depreciationAndAmortization": 287000000,
    "ebitda": 1259000000,
    "ebitdaratio": 0.0656892414,
    "operatingIncome": 842000000,
    "operatingIncomeRatio": 0.0439319629,
    "totalOtherIncomeExpensesNet": 59000000,
    "incomeBeforeTax": 901000000,
    "incomeBeforeTaxRatio": 0.0470103308,
    "incomeTaxExpense": 247000000,
    "netIncome": 645000000,
    "netIncomeRatio": 0.0336533445,
    "eps": 0.076,
    "epsdiluted": 0.0745,
    "weightedAverageShsOut": 8460000000,
    "weightedAverageShsOutDil": 8640000000,
    "link": "https://www.sec.gov/Archives/edgar/data/1018724/000119312509014406/0001193125-09-014406-index.htm",
    "finalLink": "https://www.sec.gov/Archives/edgar/data/1018724/000119312509014406/d10k.htm"
  },
  {
    "date": "2007-12-31",
    "symbol": "AMZN",
    "reportedCurrency": "USD",
    "cik": "0001018724",
    "fillingDate": "2008-02-11",
    "acceptedDate": "2008-02-08 21:43:32",
    "calendarYear": "2007",
    "period": "FY",
    "revenue": 14835000000,
    "costOfRevenue": 11482000000,
    "grossProfit": 3353000000,
    "grossProfitRatio": 0.2260195484,
    "researchAndDevelopmentExpenses": 818000000,
    "generalAndAdministrativeExpenses": 235000000,
    "sellingAndMarketingExpenses": 344000000,
    "sellingGeneralAndAdministrativeExpenses": 579000000,
    "otherExpenses": 1301000000,
    "operatingExpenses": 2698000000,
    "costAndExpenses": 14180000000,
    "interestIncome": 90000000,
    "interestExpense": 77000000,
    "depreciationAndAmortization": 246000000,
    "ebitda": 983000000,
    "ebitdaratio": 0.0662622177,
    "operatingIncome": 655000000,
    "operatingIncomeRatio": 0.0441523424,
    "totalOtherIncomeExpensesNet": 5000000,
    "incomeBeforeTax": 660000000,
    "incomeBeforeTaxRatio": 0.0444893832,
    "incomeTaxExpense": 184000000,
    "netIncome": 476000000,
    "netIncomeRatio": 0.0320862824,
    "eps": 0.0575,
    "epsdiluted": 0.056,
    "weightedAverageShsOut": 8260000000,
    "weightedAverageShsOutDil": 8480000000,
    "link": "https://www.sec.gov/Archives/edgar/data/1018724/000119312508024707/0001193125-08-024707-index.htm",
    "finalLink": "https://www.sec.gov/Archives/edgar/data/1018724/000119312508024707/d10k.htm"
  },
  {
    "date": "2006-12-31",
    "symbol": "AMZN",
    "reportedCurrency": "USD",
    "cik": "0001018724",
    "fillingDate": "2007-02-16",
    "acceptedDate": "2007-02-16 16:14:12",
    "calendarYear": "2006",
    "period": "FY",
    "revenue": 10711000000,
    "costOfRevenue": 8255000000,
    "grossProfit": 2456000000,
    "grossProfitRatio": 0.2292969844,
    "researchAndDevelopmentExpenses": 662000000,
    "generalAndAdministrativeExpenses": 195000000,
    "sellingAndMarketingExpenses": 263000000,
    "sellingGeneralAndAdministrativeExpenses": 458000000,
    "otherExpenses": 947000000,
    "operatingExpenses": 2067000000,
    "costAndExpenses": 10322000000,
    "interestIncome": 59000000,
    "interestExpense": 78000000,
    "depreciationAndAmortization": 205000000,
    "ebitda": 660000000,
    "ebitdaratio": 0.0616188965,
    "operatingIncome": 389000000,
    "operatingIncomeRatio": 0.0363178041,
    "totalOtherIncomeExpensesNet": -12000000,
    "incomeBeforeTax": 377000000,
    "incomeBeforeTaxRatio": 0.0351974606,
    "incomeTaxExpense": 187000000,
    "netIncome": 190000000,
    "netIncomeRatio": 0.0177387732,
    "eps": 0.023,
    "epsdiluted": 0.0225,
    "weightedAverageShsOut": 8320000000,
    "weightedAverageShsOutDil": 8480000000,
    "link": "https://www.sec.gov/Archives/edgar/data/1018724/000119312507034081/0001193125-07-034081-index.htm",
    "finalLink": "https://www.sec.gov/Archives/edgar/data/1018724/000119312507034081/d10k.htm"
  },
  {
    "date": "2005-12-31",
    "symbol": "AMZN",
    "reportedCurrency": "USD",
    "cik": "0001018724",
    "fillingDate": "2006-02-17",
    "acceptedDate": "2006-02-17 08:52:50",
    "calendarYear": "2005",
    "period": "FY",
    "revenue": 8490000000,
    "costOfRevenue": 6451000000,
    "grossProfit": 2039000000,
    "grossProfitRatio": 0.2401648999,
    "researchAndDevelopmentExpenses": 451000000,
    "generalAndAdministrativeExpenses": 166000000,
    "sellingAndMarketingExpenses": 198000000,
    "sellingGeneralAndAdministrativeExpenses": 364000000,
    "otherExpenses": 792000000,
    "operatingExpenses": 1607000000,
    "costAndExpenses": 8058000000,
    "interestIncome": 44000000,
    "interestExpense": 92000000,
    "depreciationAndAmortization": 121000000,
    "ebitda": 641000000,
    "ebitdaratio": 0.0755005889,
    "operatingIncome": 432000000,
    "operatingIncomeRatio": 0.0508833922,
    "totalOtherIncomeExpensesNet": -4000000,
    "incomeBeforeTax": 428000000,
    "incomeBeforeTaxRatio": 0.0504122497,
    "incomeTaxExpense": 95000000,
    "netIncome": 333000000,
    "netIncomeRatio": 0.0392226148,
    "eps": 0.0435,
    "epsdiluted": 0.042,
    "weightedAverageShsOut": 8240000000,
    "weightedAverageShsOutDil": 8520000000,
    "link": "https://www.sec.gov/Archives/edgar/data/1018724/000119312506034166/0001193125-06-034166-index.htm",
    "finalLink": "https://www.sec.gov/Archives/edgar/data/1018724/000119312506034166/d10k.htm"
  },
  {
    "date": "2004-12-31",
    "symbol": "AMZN",
    "reportedCurrency": "USD",
    "cik": "0001018724",
    "fillingDate": "2005-03-11",
    "acceptedDate": "2005-03-11 06:20:27",
    "calendarYear": "2004",
    "period": "FY",
    "revenue": 6921000000,
    "costOfRevenue": 5319000000,
    "grossProfit": 1602000000,
    "grossProfitRatio": 0.2314694408,
    "researchAndDevelopmentExpenses": 251195000,
    "generalAndAdministrativeExpenses": 124000000,
    "sellingAndMarketingExpenses": 162000000,
    "sellingGeneralAndAdministrativeExpenses": 286000000,
    "otherExpenses": 593000000,
    "operatingExpenses": 1169536000,
    "costAndExpenses": 6481000000,
    "interestIncome": 28000000,
    "interestExpense": 107000000,
    "depreciationAndAmortization": 76000000,
    "ebitda": 538000000,
    "ebitdaratio": 0.0777344314,
    "operatingIncome": 440000000,
    "operatingIncomeRatio": 0.0635746279,
    "totalOtherIncomeExpensesNet": -85000000,
    "incomeBeforeTax": 355000000,
    "incomeBeforeTaxRatio": 0.0512931657,
    "incomeTaxExpense": -233000000,
    "netIncome": 588000000,
    "netIncomeRatio": 0.084958821,
    "eps": 0.0725,
    "epsdiluted": 0.0695,
    "weightedAverageShsOut": 8120000000,
    "weightedAverageShsOutDil": 8500000000,
    "link": "https://www.sec.gov/Archives/edgar/data/1018724/000119312505047032/0001193125-05-047032-index.htm",
    "finalLink": "https://www.sec.gov/Archives/edgar/data/1018724/000119312505047032/d10k.htm"
  },
  {
    "date": "2003-12-31",
    "symbol": "AMZN",
    "reportedCurrency": "USD",
    "cik": "0001018724",
    "fillingDate": "2004-02-25",
    "acceptedDate": "2004-02-25 17:25:47",
    "calendarYear": "2003",
    "period": "FY",
    "revenue": 5264000000,
    "costOfRevenue": 4007000000,
    "grossProfit": 1257000000,
    "grossProfitRatio": 0.2387917933,
    "researchAndDevelopmentExpenses": 207809000,
    "generalAndAdministrativeExpenses": 104000000,
    "sellingAndMarketingExpenses": 128000000,
    "sellingGeneralAndAdministrativeExpenses": 232000000,
    "otherExpenses": 547191000,
    "operatingExpenses": 987000000,
    "costAndExpenses": 4994000000,
    "interestIncome": 22000000,
    "interestExpense": 130000000,
    "depreciationAndAmortization": 76000000,
    "ebitda": 245000000,
    "ebitdaratio": 0.0465425532,
    "operatingIncome": 270000000,
    "operatingIncomeRatio": 0.0512917933,
    "totalOtherIncomeExpensesNet": -231000000,
    "incomeBeforeTax": 39000000,
    "incomeBeforeTaxRatio": 0.0074088146,
    "incomeTaxExpense": 4000000,
    "netIncome": 35000000,
    "netIncomeRatio": 0.0066489362,
    "eps": 0.0045,
    "epsdiluted": 0.004,
    "weightedAverageShsOut": 7900000000,
    "weightedAverageShsOutDil": 8380000000,
    "link": "https://www.sec.gov/Archives/edgar/data/1018724/000119312504029488/0001193125-04-029488-index.htm",
    "finalLink": "https://www.sec.gov/Archives/edgar/data/1018724/000119312504029488/d10k.htm"
  },
  {
    "date": "2002-12-31",
    "symbol": "AMZN",
    "reportedCurrency": "USD",
    "cik": "0001018724",
    "fillingDate": "2003-02-19",
    "acceptedDate": "2003-02-19 08:03:25",
    "calendarYear": "2002",
    "period": "FY",
    "revenue": 3932936000,
    "costOfRevenue": 2940318000,
    "grossProfit": 992618000,
    "grossProfitRatio": 0.2523860037,
    "researchAndDevelopmentExpenses": 215617000,
    "generalAndAdministrativeExpenses": 147976000,
    "sellingAndMarketingExpenses": 125383000,
    "sellingGeneralAndAdministrativeExpenses": 273359000,
    "otherExpenses": 439518000,
    "operatingExpenses": 928494000,
    "costAndExpenses": 3868812000,
    "interestIncome": 23687000,
    "interestExpense": 142925000,
    "depreciationAndAmortization": 82274000,
    "ebitda": 74566000,
    "ebitdaratio": 0.0189593728,
    "operatingIncome": 64124000,
    "operatingIncomeRatio": 0.0163043589,
    "totalOtherIncomeExpensesNet": -214757000,
    "incomeBeforeTax": -150633000,
    "incomeBeforeTaxRatio": -0.0383003944,
    "incomeTaxExpense": -700000,
    "netIncome": -149933000,
    "netIncomeRatio": -0.0381224103,
    "eps": -0.0195,
    "epsdiluted": -0.0195,
    "weightedAverageShsOut": 7567260000,
    "weightedAverageShsOutDil": 7567260000,
    "link": "https://www.sec.gov/Archives/edgar/data/1018724/000095014903000355/0000950149-03-000355-index.htm",
    "finalLink": "https://www.sec.gov/Archives/edgar/data/1018724/000095014903000355/v87419ore10vk.htm"
  },
  {
    "date": "2001-12-31",
    "symbol": "AMZN",
    "reportedCurrency": "USD",
    "cik": "0001018724",
    "fillingDate": "2002-01-24",
    "acceptedDate": "2002-01-24 00:00:00",
    "calendarYear": "2001",
    "period": "FY",
    "revenue": 3122433000,
    "costOfRevenue": 2323875000,
    "grossProfit": 798558000,
    "grossProfitRatio": 0.2557486422,
    "researchAndDevelopmentExpenses": 241165000,
    "generalAndAdministrativeExpenses": 94499000,
    "sellingAndMarketingExpenses": 138283000,
    "sellingGeneralAndAdministrativeExpenses": 232782000,
    "otherExpenses": 736868000,
    "operatingExpenses": 1210815000,
    "costAndExpenses": 3534690000,
    "interestIncome": 29103000,
    "interestExpense": 139232000,
    "depreciationAndAmortization": 265742000,
    "ebitda": -121453000,
    "ebitdaratio": -0.0388969115,
    "operatingIncome": -412257000,
    "operatingIncomeRatio": -0.1320306953,
    "totalOtherIncomeExpensesNet": -114170000,
    "incomeBeforeTax": -526427000,
    "incomeBeforeTaxRatio": -0.1685951308,
    "incomeTaxExpense": 0,
    "netIncome": -556754000,
    "netIncomeRatio": -0.1783077491,
    "eps": -0.078,
    "epsdiluted": -0.078,
    "weightedAverageShsOut": 7284220000,
    "weightedAverageShsOutDil": 7284220000,
    "link": "https://www.sec.gov/Archives/edgar/data/1018724/000103221002000059/0001032210-02-000059-index.htm",
    "finalLink": "https://www.sec.gov/Archives/edgar/data/1018724/000103221002000059/d10k405.htm"
  },
  {
    "date": "2000-12-31",
    "symbol": "AMZN",
    "reportedCurrency": "USD",
    "cik": "0001018724",
    "fillingDate": "2001-03-23",
    "acceptedDate": "2001-03-23 00:00:00",
    "calendarYear": "2000",
    "period": "FY",
    "revenue": 2761983000,
    "costOfRevenue": 2106206000,
    "grossProfit": 655777000,
    "grossProfitRatio": 0.2374297742,
    "researchAndDevelopmentExpenses": 269326000,
    "generalAndAdministrativeExpenses": 133759000,
    "sellingAndMarketingExpenses": 179980000,
    "sellingGeneralAndAdministrativeExpenses": 313739000,
    "otherExpenses": 936592000,
    "operatingExpenses": 1519657000,
    "costAndExpenses": 3625863000,
    "interestIncome": 40821000,
    "interestExpense": 130921000,
    "depreciationAndAmortization": 406232000,
    "ebitda": -569524000,
    "ebitdaratio": -0.2062011243,
    "operatingIncome": -863880000,
    "operatingIncomeRatio": -0.3127752778,
    "totalOtherIncomeExpensesNet": -242797000,
    "incomeBeforeTax": -1106677000,
    "incomeBeforeTaxRatio": -0.4006820462,
    "incomeTaxExpense": 0,
    "netIncome": -1411273000,
    "netIncomeRatio": -0.5109636808,
    "eps": -0.2,
    "epsdiluted": -0.2,
    "weightedAverageShsOut": 7017460000,
    "weightedAverageShsOutDil": 7017460000,
    "link": "https://www.sec.gov/Archives/edgar/data/1018724/000103221001500087/0001032210-01-500087-index.htm",
    "finalLink": "https://www.sec.gov/Archives/edgar/data/1018724/000103221001500087/d10k405.txt"
  },
  {
    "date": "1999-12-31",
    "symbol": "AMZN",
    "reportedCurrency": "USD",
    "cik": "0001018724",
    "fillingDate": "2000-03-29",
    "acceptedDate": "2000-03-29 00:00:00",
    "calendarYear": "1999",
    "period": "FY",
    "revenue": 1639839000,
    "costOfRevenue": 1349194000,
    "grossProfit": 290645000,
    "grossProfitRatio": 0.1772399608,
    "researchAndDevelopmentExpenses": 159700000,
    "generalAndAdministrativeExpenses": 100762000,
    "sellingAndMarketingExpenses": 175838000,
    "sellingGeneralAndAdministrativeExpenses": 276600000,
    "otherExpenses": 460100000,
    "operatingExpenses": 896400000,
    "costAndExpenses": 2245594000,
    "interestIncome": 45451000,
    "interestExpense": 84566000,
    "depreciationAndAmortization": 251500000,
    "ebitda": -307133000,
    "ebitdaratio": -0.1872946064,
    "operatingIncome": -605755000,
    "operatingIncomeRatio": -0.3693990691,
    "totalOtherIncomeExpensesNet": -37444000,
    "incomeBeforeTax": -643199000,
    "incomeBeforeTaxRatio": -0.392233018,
    "incomeTaxExpense": 0,
    "netIncome": -719968000,
    "netIncomeRatio": -0.4390479797,
    "eps": -0.11,
    "epsdiluted": -0.11,
    "weightedAverageShsOut": 6535060000,
    "weightedAverageShsOutDil": 6535060000,
    "link": "https://www.sec.gov/Archives/edgar/data/1018724/000089102000000622/0000891020-00-000622-index.htm",
    "finalLink": "https://www.sec.gov/Archives/edgar/data/1018724/000089102000000622/0000891020-00-000622.txt"
  },
  {
    "date": "1998-12-31",
    "symbol": "AMZN",
    "reportedCurrency": "USD",
    "cik": "0001018724",
    "fillingDate": "1999-03-05",
    "acceptedDate": "1999-03-05 00:00:00",
    "calendarYear": "1998",
    "period": "FY",
    "revenue": 609819000,
    "costOfRevenue": 476155000,
    "grossProfit": 133664000,
    "grossProfitRatio": 0.2191863487,
    "researchAndDevelopmentExpenses": 46807000,
    "generalAndAdministrativeExpenses": 17507000,
    "sellingAndMarketingExpenses": 132654000,
    "sellingGeneralAndAdministrativeExpenses": 150161000,
    "otherExpenses": 45751000,
    "operatingExpenses": 242719000,
    "costAndExpenses": 718874000,
    "interestIncome": 14053000,
    "interestExpense": 26639000,
    "depreciationAndAmortization": 52020000,
    "ebitda": -42982000,
    "ebitdaratio": -0.070483209,
    "operatingIncome": -109055000,
    "operatingIncomeRatio": -0.1788317517,
    "totalOtherIncomeExpensesNet": -12586000,
    "incomeBeforeTax": -121641000,
    "incomeBeforeTaxRatio": -0.1994706626,
    "incomeTaxExpense": 0,
    "netIncome": -124546000,
    "netIncomeRatio": -0.2042343712,
    "eps": -0.021,
    "epsdiluted": -0.021,
    "weightedAverageShsOut": 5926880000,
    "weightedAverageShsOutDil": 5926880000,
    "link": "https://www.sec.gov/Archives/edgar/data/1018724/000089102099000375/0000891020-99-000375-index.htm",
    "finalLink": "https://www.sec.gov/Archives/edgar/data/1018724/0000891020-99-000375.txt"
  },
  {
    "date": "1997-12-31",
    "symbol": "AMZN",
    "reportedCurrency": "USD",
    "cik": "0001018724",
    "fillingDate": "1998-03-30",
    "acceptedDate": "1998-03-30 00:00:00",
    "calendarYear": "1997",
    "period": "FY",
    "revenue": 147787000,
    "costOfRevenue": 118969000,
    "grossProfit": 28818000,
    "grossProfitRatio": 0.1949968536,
    "researchAndDevelopmentExpenses": 12500000,
    "generalAndAdministrativeExpenses": 7952000,
    "sellingAndMarketingExpenses": 40077000,
    "sellingGeneralAndAdministrativeExpenses": 48029000,
    "otherExpenses": 884000,
    "operatingExpenses": 61413000,
    "costAndExpenses": 180382000,
    "interestIncome": 1901000,
    "interestExpense": 326000,
    "depreciationAndAmortization": 3442000,
    "ebitda": -27252000,
    "ebitdaratio": -0.1844005224,
    "operatingIncome": -32595000,
    "operatingIncomeRatio": -0.2205539053,
    "totalOtherIncomeExpensesNet": 1575000,
    "incomeBeforeTax": -31020000,
    "incomeBeforeTaxRatio": -0.2098966756,
    "incomeTaxExpense": 0,
    "netIncome": -31020000,
    "netIncomeRatio": -0.2098966756,
    "eps": -0.006,
    "epsdiluted": -0.006,
    "weightedAverageShsOut": 5213640000,
    "weightedAverageShsOutDil": 5213640000,
    "link": "https://www.sec.gov/Archives/edgar/data/1018724/000089102098000448/0000891020-98-000448-index.htm",
    "finalLink": "https://www.sec.gov/Archives/edgar/data/1018724/000089102098000448/"
  },
  {
    "date": "1996-12-31",
    "symbol": "AMZN",
    "reportedCurrency": "USD",
    "cik": "0001018724",
    "fillingDate": "1996-12-31",
    "acceptedDate": "1996-12-30 19:00:00",
    "calendarYear": "1996",
    "period": "FY",
    "revenue": 15746000,
    "costOfRevenue": 12287000,
    "grossProfit": 3459000,
    "grossProfitRatio": 0.2196748381,
    "researchAndDevelopmentExpenses": 2401000,
    "generalAndAdministrativeExpenses": 1411000,
    "sellingAndMarketingExpenses": 6090000,
    "sellingGeneralAndAdministrativeExpenses": 7501000,
    "otherExpenses": 0,
    "operatingExpenses": 9902000,
    "costAndExpenses": 22189000,
    "interestIncome": 202000,
    "interestExpense": 5000,
    "depreciationAndAmortization": 296000,
    "ebitda": -5945000,
    "ebitdaratio": -0.3775562048,
    "operatingIncome": -6443000,
    "operatingIncomeRatio": -0.4091832846,
    "totalOtherIncomeExpensesNet": 197000,
    "incomeBeforeTax": -6246000,
    "incomeBeforeTaxRatio": -0.3966721707,
    "incomeTaxExpense": 0,
    "netIncome": -6246000,
    "netIncomeRatio": -0.3966721707,
    "eps": -0.0018,
    "epsdiluted": -0.0018,
    "weightedAverageShsOut": 3500000000,
    "weightedAverageShsOutDil": 3500000000,
    "link": "",
    "finalLink": ""
  }
]