[
  {
    "date": "2025-06-30",
    "symbol": "ANET",
    "reportedCurrency": "USD",
    "cik": "0001596532",
    "fillingDate": "2025-08-06",
    "acceptedDate": "2025-08-05 18:02:14",
    "calendarYear": "2025",
    "period": "Q2",
    "revenue": 2204800000,
    "costOfRevenue": 766200000,
    "grossProfit": 1438600000,
    "grossProfitRatio": 0.6524854862,
    "researchAndDevelopmentExpenses": 296500000,
    "generalAndAdministrativeExpenses": 29400000,
    "sellingAndMarketingExpenses": 126500000,
    "sellingGeneralAndAdministrativeExpenses": 155900000,
    "otherExpenses": 0,
    "operatingExpenses": 452400000,
    "costAndExpenses": 1218600000,
    "interestIncome": 90400000,
    "interestExpense": 0,
    "depreciationAndAmortization": 12800000,
    "ebitda": 1093000000,
    "ebitdaratio": 0.4957365747,
    "operatingIncome": 986200000,
    "operatingIncomeRatio": 0.447296807,
    "totalOtherIncomeExpensesNet": 94000000,
    "incomeBeforeTax": 1080200000,
    "incomeBeforeTaxRatio": 0.4899310595,
    "incomeTaxExpense": 191400000,
    "netIncome": 888800000,
    "netIncomeRatio": 0.4031204644,
    "eps": 0.71,
    "epsdiluted": 0.7,
    "weightedAverageShsOut": 1256300000,
    "weightedAverageShsOutDil": 1271200000,
    "link": "https://www.sec.gov/Archives/edgar/data/1596532/000159653225000216/0001596532-25-000216-index.htm",
    "finalLink": "https://www.sec.gov/Archives/edgar/data/1596532/000159653225000216/anet-20250630.htm"
  },
  {
    "date": "2025-03-31",
    "symbol": "ANET",
    "reportedCurrency": "USD",
    "cik": "0001596532",
    "fillingDate": "2025-05-07",
    "acceptedDate": "2025-05-06 18:07:56",
    "calendarYear": "2025",
    "period": "Q1",
    "revenue": 2004800000,
    "costOfRevenue": 728700000,
    "grossProfit": 1276100000,
    "grossProfitRatio": 0.6365223464,
    "researchAndDevelopmentExpenses": 266400000,
    "generalAndAdministrativeExpenses": 34300000,
    "sellingAndMarketingExpenses": 116600000,
    "sellingGeneralAndAdministrativeExpenses": 150900000,
    "otherExpenses": 0,
    "operatingExpenses": 417300000,
    "costAndExpenses": 1146000000,
    "interestIncome": 90200000,
    "interestExpense": 0,
    "depreciationAndAmortization": 13800000,
    "ebitda": 872600000,
    "ebitdaratio": 0.4352553871,
    "operatingIncome": 858800000,
    "operatingIncomeRatio": 0.4283719074,
    "totalOtherIncomeExpensesNet": 96200000,
    "incomeBeforeTax": 955000000,
    "incomeBeforeTaxRatio": 0.4763567438,
    "incomeTaxExpense": 141200000,
    "netIncome": 813800000,
    "netIncomeRatio": 0.4059257781,
    "eps": 0.65,
    "epsdiluted": 0.64,
    "weightedAverageShsOut": 1260000000,
    "weightedAverageShsOutDil": 1279200000,
    "link": "https://www.sec.gov/Archives/edgar/data/1596532/000159653225000106/0001596532-25-000106-index.htm",
    "finalLink": "https://www.sec.gov/Archives/edgar/data/1596532/000159653225000106/anet-20250331.htm"
  },
  {
    "date": "2024-12-31",
    "symbol": "ANET",
    "reportedCurrency": "USD",
    "cik": "0001596532",
    "fillingDate": "2025-02-19",
    "acceptedDate": "2025-02-18 19:50:17",
    "calendarYear": "2024",
    "period": "Q4",
    "revenue": 1930436000,
    "costOfRevenue": 699442000,
    "grossProfit": 1230994000,
    "grossProfitRatio": 0.6376766699,
    "researchAndDevelopmentExpenses": 285016000,
    "generalAndAdministrativeExpenses": 35377000,
    "sellingAndMarketingExpenses": 110949000,
    "sellingGeneralAndAdministrativeExpenses": 146326000,
    "otherExpenses": 0,
    "operatingExpenses": 431342000,
    "costAndExpenses": 1130784000,
    "interestIncome": 90353000,
    "interestExpense": 0,
    "depreciationAndAmortization": 15388000,
    "ebitda": 815040000,
    "ebitdaratio": 0.4222051391,
    "operatingIncome": 799652000,
    "operatingIncomeRatio": 0.4142338829,
    "totalOtherIncomeExpensesNet": 89275000,
    "incomeBeforeTax": 888927000,
    "incomeBeforeTaxRatio": 0.4604799123,
    "incomeTaxExpense": 87931000,
    "netIncome": 800996000,
    "netIncomeRatio": 0.4149300987,
    "eps": 0.64,
    "epsdiluted": 0.62,
    "weightedAverageShsOut": 1260309000,
    "weightedAverageShsOutDil": 1283370000,
    "link": "https://www.sec.gov/Archives/edgar/data/1596532/000159653225000028/0001596532-25-000028-index.htm",
    "finalLink": "https://www.sec.gov/Archives/edgar/data/1596532/000159653225000028/anet-20241231.htm"
  },
  {
    "date": "2024-09-30",
    "symbol": "ANET",
    "reportedCurrency": "USD",
    "cik": "0001596532",
    "fillingDate": "2024-11-08",
    "acceptedDate": "2024-11-07 17:52:31",
    "calendarYear": "2024",
    "period": "Q3",
    "revenue": 1810936000,
    "costOfRevenue": 649219000,
    "grossProfit": 1161717000,
    "grossProfitRatio": 0.6415008592,
    "researchAndDevelopmentExpenses": 235824000,
    "generalAndAdministrativeExpenses": 33811000,
    "sellingAndMarketingExpenses": 106832000,
    "sellingGeneralAndAdministrativeExpenses": 140643000,
    "otherExpenses": 0,
    "operatingExpenses": 376467000,
    "costAndExpenses": 1025686000,
    "interestIncome": 85374000,
    "interestExpense": 0,
    "depreciationAndAmortization": 15538000,
    "ebitda": 800788000,
    "ebitdaratio": 0.4421956381,
    "operatingIncome": 785250000,
    "operatingIncomeRatio": 0.4336155447,
    "totalOtherIncomeExpensesNet": 97660000,
    "incomeBeforeTax": 882910000,
    "incomeBeforeTaxRatio": 0.4875434582,
    "incomeTaxExpense": 134972000,
    "netIncome": 747938000,
    "netIncomeRatio": 0.4130118348,
    "eps": 0.6,
    "epsdiluted": 0.58,
    "weightedAverageShsOut": 1257928000,
    "weightedAverageShsOutDil": 1281792000,
    "link": "https://www.sec.gov/Archives/edgar/data/1596532/000159653224000368/0001596532-24-000368-index.htm",
    "finalLink": "https://www.sec.gov/Archives/edgar/data/1596532/000159653224000368/anet-20240930.htm"
  },
  {
    "date": "2024-06-30",
    "symbol": "ANET",
    "reportedCurrency": "USD",
    "cik": "0001596532",
    "fillingDate": "2024-07-31",
    "acceptedDate": "2024-07-30 18:00:23",
    "calendarYear": "2024",
    "period": "Q2",
    "revenue": 1690400000,
    "costOfRevenue": 593187000,
    "grossProfit": 1097213000,
    "grossProfitRatio": 0.649084832,
    "researchAndDevelopmentExpenses": 267482000,
    "generalAndAdministrativeExpenses": 25755000,
    "sellingAndMarketingExpenses": 104403000,
    "sellingGeneralAndAdministrativeExpenses": 130158000,
    "otherExpenses": 0,
    "operatingExpenses": 397640000,
    "costAndExpenses": 990827000,
    "interestIncome": 71448000,
    "interestExpense": 0,
    "depreciationAndAmortization": 15512000,
    "ebitda": 715085000,
    "ebitdaratio": 0.4230270942,
    "operatingIncome": 699573000,
    "operatingIncomeRatio": 0.4138505679,
    "totalOtherIncomeExpensesNet": 70863000,
    "incomeBeforeTax": 770436000,
    "incomeBeforeTaxRatio": 0.455771415,
    "incomeTaxExpense": 105008000,
    "netIncome": 665428000,
    "netIncomeRatio": 0.3936512068,
    "eps": 0.53,
    "epsdiluted": 0.52,
    "weightedAverageShsOut": 1254844000,
    "weightedAverageShsOutDil": 1279684000,
    "link": "https://www.sec.gov/Archives/edgar/data/1596532/000159653224000279/0001596532-24-000279-index.htm",
    "finalLink": "https://www.sec.gov/Archives/edgar/data/1596532/000159653224000279/anet-20240630.htm"
  },
  {
    "date": "2024-03-31",
    "symbol": "ANET",
    "reportedCurrency": "USD",
    "cik": "0001596532",
    "fillingDate": "2024-05-08",
    "acceptedDate": "2024-05-07 18:11:10",
    "calendarYear": "2024",
    "period": "Q1",
    "revenue": 1571400000,
    "costOfRevenue": 570000000,
    "grossProfit": 1001400000,
    "grossProfitRatio": 0.6372661321,
    "researchAndDevelopmentExpenses": 208400000,
    "generalAndAdministrativeExpenses": 27700000,
    "sellingAndMarketingExpenses": 105100000,
    "sellingGeneralAndAdministrativeExpenses": 132800000,
    "otherExpenses": 0,
    "operatingExpenses": 341200000,
    "costAndExpenses": 911200000,
    "interestIncome": 63800000,
    "interestExpense": 0,
    "depreciationAndAmortization": 15600000,
    "ebitda": 675800000,
    "ebitdaratio": 0.4300623648,
    "operatingIncome": 660200000,
    "operatingIncomeRatio": 0.4201349115,
    "totalOtherIncomeExpensesNet": 62600000,
    "incomeBeforeTax": 722800000,
    "incomeBeforeTaxRatio": 0.4599719995,
    "incomeTaxExpense": 85100000,
    "netIncome": 637700000,
    "netIncomeRatio": 0.4058164694,
    "eps": 0.51,
    "epsdiluted": 0.5,
    "weightedAverageShsOut": 1252128000,
    "weightedAverageShsOutDil": 1279460000,
    "link": "https://www.sec.gov/Archives/edgar/data/1596532/000159653224000173/0001596532-24-000173-index.htm",
    "finalLink": "https://www.sec.gov/Archives/edgar/data/1596532/000159653224000173/anet-20240331.htm"
  },
  {
    "date": "2023-12-31",
    "symbol": "ANET",
    "reportedCurrency": "USD",
    "cik": "0001596532",
    "fillingDate": "2024-02-13",
    "acceptedDate": "2024-02-12 18:01:35",
    "calendarYear": "2023",
    "period": "Q4",
    "revenue": 1540437000,
    "costOfRevenue": 541211000,
    "grossProfit": 999226000,
    "grossProfitRatio": 0.648663983,
    "researchAndDevelopmentExpenses": 211481000,
    "generalAndAdministrativeExpenses": 42293000,
    "sellingAndMarketingExpenses": 105538000,
    "sellingGeneralAndAdministrativeExpenses": 147831000,
    "otherExpenses": 0,
    "operatingExpenses": 359312000,
    "costAndExpenses": 900523000,
    "interestIncome": 54030000,
    "interestExpense": 0,
    "depreciationAndAmortization": 14397000,
    "ebitda": 654311000,
    "ebitdaratio": 0.4247567411,
    "operatingIncome": 639914000,
    "operatingIncomeRatio": 0.4154106919,
    "totalOtherIncomeExpensesNet": 54477000,
    "incomeBeforeTax": 694391000,
    "incomeBeforeTaxRatio": 0.4507753319,
    "incomeTaxExpense": 80755000,
    "netIncome": 613636000,
    "netIncomeRatio": 0.3983518962,
    "eps": 0.49,
    "epsdiluted": 0.48,
    "weightedAverageShsOut": 1246448000,
    "weightedAverageShsOutDil": 1275380000,
    "link": "https://www.sec.gov/Archives/edgar/data/1596532/000159653224000043/0001596532-24-000043-index.htm",
    "finalLink": "https://www.sec.gov/Archives/edgar/data/1596532/000159653224000043/anet-20231231.htm"
  },
  {
    "date": "2023-09-30",
    "symbol": "ANET",
    "reportedCurrency": "USD",
    "cik": "0001596532",
    "fillingDate": "2023-10-31",
    "acceptedDate": "2023-10-30 18:05:46",
    "calendarYear": "2023",
    "period": "Q3",
    "revenue": 1509456000,
    "costOfRevenue": 567037000,
    "grossProfit": 942419000,
    "grossProfitRatio": 0.6243434721,
    "researchAndDevelopmentExpenses": 212353000,
    "generalAndAdministrativeExpenses": 25338000,
    "sellingAndMarketingExpenses": 102033000,
    "sellingGeneralAndAdministrativeExpenses": 127371000,
    "otherExpenses": 0,
    "operatingExpenses": 339724000,
    "costAndExpenses": 906761000,
    "interestIncome": 43676000,
    "interestExpense": 0,
    "depreciationAndAmortization": 17006000,
    "ebitda": 619701000,
    "ebitdaratio": 0.4105459185,
    "operatingIncome": 602695000,
    "operatingIncomeRatio": 0.399279608,
    "totalOtherIncomeExpensesNet": 41815000,
    "incomeBeforeTax": 644510000,
    "incomeBeforeTaxRatio": 0.4269816411,
    "incomeTaxExpense": 99183000,
    "netIncome": 545327000,
    "netIncomeRatio": 0.3612738629,
    "eps": 0.44,
    "epsdiluted": 0.43,
    "weightedAverageShsOut": 1240740000,
    "weightedAverageShsOutDil": 1270524000,
    "link": "https://www.sec.gov/Archives/edgar/data/1596532/000159653223000274/0001596532-23-000274-index.htm",
    "finalLink": "https://www.sec.gov/Archives/edgar/data/1596532/000159653223000274/anet-20230930.htm"
  },
  {
    "date": "2023-06-30",
    "symbol": "ANET",
    "reportedCurrency": "USD",
    "cik": "0001596532",
    "fillingDate": "2023-08-01",
    "acceptedDate": "2023-07-31 17:47:39",
    "calendarYear": "2023",
    "period": "Q2",
    "revenue": 1458924000,
    "costOfRevenue": 574795000,
    "grossProfit": 884129000,
    "grossProfitRatio": 0.6060144326,
    "researchAndDevelopmentExpenses": 229676000,
    "generalAndAdministrativeExpenses": 26420000,
    "sellingAndMarketingExpenses": 97971000,
    "sellingGeneralAndAdministrativeExpenses": 124391000,
    "otherExpenses": 0,
    "operatingExpenses": 354067000,
    "costAndExpenses": 928862000,
    "interestIncome": 32206000,
    "interestExpense": 0,
    "depreciationAndAmortization": 18322000,
    "ebitda": 548384000,
    "ebitdaratio": 0.3758824997,
    "operatingIncome": 530062000,
    "operatingIncomeRatio": 0.3633239291,
    "totalOtherIncomeExpensesNet": 56339000,
    "incomeBeforeTax": 586401000,
    "incomeBeforeTaxRatio": 0.4019407454,
    "incomeTaxExpense": 94516000,
    "netIncome": 491885000,
    "netIncomeRatio": 0.3371560136,
    "eps": 0.4,
    "epsdiluted": 0.39,
    "weightedAverageShsOut": 1234544000,
    "weightedAverageShsOutDil": 1265940000,
    "link": "https://www.sec.gov/Archives/edgar/data/1596532/000159653223000197/0001596532-23-000197-index.htm",
    "finalLink": "https://www.sec.gov/Archives/edgar/data/1596532/000159653223000197/anet-20230630.htm"
  },
  {
    "date": "2023-03-31",
    "symbol": "ANET",
    "reportedCurrency": "USD",
    "cik": "0001596532",
    "fillingDate": "2023-05-02",
    "acceptedDate": "2023-05-01 18:24:42",
    "calendarYear": "2023",
    "period": "Q1",
    "revenue": 1351351000,
    "costOfRevenue": 546844000,
    "grossProfit": 804507000,
    "grossProfitRatio": 0.5953353348,
    "researchAndDevelopmentExpenses": 201408000,
    "generalAndAdministrativeExpenses": 25029000,
    "sellingAndMarketingExpenses": 93492000,
    "sellingGeneralAndAdministrativeExpenses": 118521000,
    "otherExpenses": 0,
    "operatingExpenses": 319929000,
    "costAndExpenses": 866773000,
    "interestIncome": 22509000,
    "interestExpense": 0,
    "depreciationAndAmortization": 20905000,
    "ebitda": 505483000,
    "ebitdaratio": 0.3740575173,
    "operatingIncome": 484578000,
    "operatingIncomeRatio": 0.3585878132,
    "totalOtherIncomeExpensesNet": 12146000,
    "incomeBeforeTax": 496724000,
    "incomeBeforeTaxRatio": 0.3675758556,
    "incomeTaxExpense": 60251000,
    "netIncome": 436473000,
    "netIncomeRatio": 0.322990104,
    "eps": 0.36,
    "epsdiluted": 0.35,
    "weightedAverageShsOut": 1227940000,
    "weightedAverageShsOutDil": 1262312000,
    "link": "https://www.sec.gov/Archives/edgar/data/1596532/000159653223000104/0001596532-23-000104-index.htm",
    "finalLink": "https://www.sec.gov/Archives/edgar/data/1596532/000159653223000104/anet-20230331.htm"
  },
  {
    "date": "2022-12-31",
    "symbol": "ANET",
    "reportedCurrency": "USD",
    "cik": "0001596532",
    "fillingDate": "2023-02-14",
    "acceptedDate": "2023-02-13 18:10:10",
    "calendarYear": "2022",
    "period": "Q4",
    "revenue": 1275552000,
    "costOfRevenue": 506946000,
    "grossProfit": 768606000,
    "grossProfitRatio": 0.6025673591,
    "researchAndDevelopmentExpenses": 190423000,
    "generalAndAdministrativeExpenses": 23821000,
    "sellingAndMarketingExpenses": 85443000,
    "sellingGeneralAndAdministrativeExpenses": 109264000,
    "otherExpenses": 0,
    "operatingExpenses": 299687000,
    "costAndExpenses": 806633000,
    "interestIncome": 13773000,
    "interestExpense": 0,
    "depreciationAndAmortization": 17531000,
    "ebitda": 486450000,
    "ebitdaratio": 0.3813643035,
    "operatingIncome": 468919000,
    "operatingIncomeRatio": 0.3676204498,
    "totalOtherIncomeExpensesNet": 16926000,
    "incomeBeforeTax": 485845000,
    "incomeBeforeTaxRatio": 0.380889999,
    "incomeTaxExpense": 58756000,
    "netIncome": 427089000,
    "netIncomeRatio": 0.3348268044,
    "eps": 0.35,
    "epsdiluted": 0.34,
    "weightedAverageShsOut": 1224648000,
    "weightedAverageShsOutDil": 1260804000,
    "link": "https://www.sec.gov/Archives/edgar/data/1596532/000159653223000016/0001596532-23-000016-index.htm",
    "finalLink": "https://www.sec.gov/Archives/edgar/data/1596532/000159653223000016/anet-20221231.htm"
  },
  {
    "date": "2022-09-30",
    "symbol": "ANET",
    "reportedCurrency": "USD",
    "cik": "0001596532",
    "fillingDate": "2022-11-01",
    "acceptedDate": "2022-10-31 18:20:47",
    "calendarYear": "2022",
    "period": "Q3",
    "revenue": 1176801000,
    "costOfRevenue": 466821000,
    "grossProfit": 709980000,
    "grossProfitRatio": 0.6033135594,
    "researchAndDevelopmentExpenses": 187807000,
    "generalAndAdministrativeExpenses": 23425000,
    "sellingAndMarketingExpenses": 81401000,
    "sellingGeneralAndAdministrativeExpenses": 104826000,
    "otherExpenses": 0,
    "operatingExpenses": 292633000,
    "costAndExpenses": 759454000,
    "interestIncome": 6929000,
    "interestExpense": 0,
    "depreciationAndAmortization": 17157000,
    "ebitda": 434504000,
    "ebitdaratio": 0.3692247032,
    "operatingIncome": 417347000,
    "operatingIncomeRatio": 0.3546453479,
    "totalOtherIncomeExpensesNet": 6817000,
    "incomeBeforeTax": 424164000,
    "incomeBeforeTaxRatio": 0.3604381709,
    "incomeTaxExpense": 70165000,
    "netIncome": 353999000,
    "netIncomeRatio": 0.3008146662,
    "eps": 0.29,
    "epsdiluted": 0.28,
    "weightedAverageShsOut": 1219724000,
    "weightedAverageShsOutDil": 1257604000,
    "link": "https://www.sec.gov/Archives/edgar/data/1596532/000159653222000294/0001596532-22-000294-index.htm",
    "finalLink": "https://www.sec.gov/Archives/edgar/data/1596532/000159653222000294/anet-20220930.htm"
  },
  {
    "date": "2022-06-30",
    "symbol": "ANET",
    "reportedCurrency": "USD",
    "cik": "0001596532",
    "fillingDate": "2022-08-02",
    "acceptedDate": "2022-08-01 18:31:00",
    "calendarYear": "2022",
    "period": "Q2",
    "revenue": 1051891000,
    "costOfRevenue": 408626000,
    "grossProfit": 643265000,
    "grossProfitRatio": 0.6115319933,
    "researchAndDevelopmentExpenses": 178158000,
    "generalAndAdministrativeExpenses": 22882000,
    "sellingAndMarketingExpenses": 79372000,
    "sellingGeneralAndAdministrativeExpenses": 102254000,
    "otherExpenses": 0,
    "operatingExpenses": 280412000,
    "costAndExpenses": 689038000,
    "interestIncome": 4427000,
    "interestExpense": 0,
    "depreciationAndAmortization": 14921000,
    "ebitda": 377774000,
    "ebitdaratio": 0.3591379715,
    "operatingIncome": 362853000,
    "operatingIncomeRatio": 0.3449530417,
    "totalOtherIncomeExpensesNet": -533000,
    "incomeBeforeTax": 362320000,
    "incomeBeforeTaxRatio": 0.3444463352,
    "incomeTaxExpense": 63221000,
    "netIncome": 299099000,
    "netIncomeRatio": 0.2843441003,
    "eps": 0.25,
    "epsdiluted": 0.24,
    "weightedAverageShsOut": 1227016000,
    "weightedAverageShsOutDil": 1266324000,
    "link": "https://www.sec.gov/Archives/edgar/data/1596532/000159653222000220/0001596532-22-000220-index.htm",
    "finalLink": "https://www.sec.gov/Archives/edgar/data/1596532/000159653222000220/anet-20220630.htm"
  },
  {
    "date": "2022-03-31",
    "symbol": "ANET",
    "reportedCurrency": "USD",
    "cik": "0001596532",
    "fillingDate": "2022-05-03",
    "acceptedDate": "2022-05-02 18:57:58",
    "calendarYear": "2022",
    "period": "Q1",
    "revenue": 877066000,
    "costOfRevenue": 323221000,
    "grossProfit": 553845000,
    "grossProfitRatio": 0.6314747123,
    "researchAndDevelopmentExpenses": 172006000,
    "generalAndAdministrativeExpenses": 23113000,
    "sellingAndMarketingExpenses": 80739000,
    "sellingGeneralAndAdministrativeExpenses": 103852000,
    "otherExpenses": 0,
    "operatingExpenses": 275858000,
    "costAndExpenses": 599079000,
    "interestIncome": 2428000,
    "interestExpense": 0,
    "depreciationAndAmortization": 13091000,
    "ebitda": 291078000,
    "ebitdaratio": 0.3318769625,
    "operatingIncome": 277987000,
    "operatingIncomeRatio": 0.3169510618,
    "totalOtherIncomeExpensesNet": 31480000,
    "incomeBeforeTax": 309467000,
    "incomeBeforeTaxRatio": 0.3528434576,
    "incomeTaxExpense": 37208000,
    "netIncome": 272259000,
    "netIncomeRatio": 0.3104201964,
    "eps": 0.22,
    "epsdiluted": 0.21,
    "weightedAverageShsOut": 1232180000,
    "weightedAverageShsOutDil": 1278608000,
    "link": "https://www.sec.gov/Archives/edgar/data/1596532/000159653222000112/0001596532-22-000112-index.htm",
    "finalLink": "https://www.sec.gov/Archives/edgar/data/1596532/000159653222000112/anet-20220331.htm"
  },
  {
    "date": "2021-12-31",
    "symbol": "ANET",
    "reportedCurrency": "USD",
    "cik": "0001596532",
    "fillingDate": "2022-02-15",
    "acceptedDate": "2022-02-14 19:10:53",
    "calendarYear": "2021",
    "period": "Q4",
    "revenue": 824459000,
    "costOfRevenue": 301745000,
    "grossProfit": 522714000,
    "grossProfitRatio": 0.6340084831,
    "researchAndDevelopmentExpenses": 157879000,
    "generalAndAdministrativeExpenses": 24261000,
    "sellingAndMarketingExpenses": 74786000,
    "sellingGeneralAndAdministrativeExpenses": 99047000,
    "otherExpenses": 0,
    "operatingExpenses": 256926000,
    "costAndExpenses": 558671000,
    "interestIncome": 1662000,
    "interestExpense": 0,
    "depreciationAndAmortization": 12470000,
    "ebitda": 278258000,
    "ebitdaratio": 0.3375037449,
    "operatingIncome": 265788000,
    "operatingIncomeRatio": 0.322378675,
    "totalOtherIncomeExpensesNet": 1500000,
    "incomeBeforeTax": 267288000,
    "incomeBeforeTaxRatio": 0.3241980499,
    "incomeTaxExpense": 27993000,
    "netIncome": 239295000,
    "netIncomeRatio": 0.2902448757,
    "eps": 0.2,
    "epsdiluted": 0.19,
    "weightedAverageShsOut": 1230084000,
    "weightedAverageShsOutDil": 1279012000,
    "link": "https://www.sec.gov/Archives/edgar/data/1596532/000159653222000026/0001596532-22-000026-index.htm",
    "finalLink": "https://www.sec.gov/Archives/edgar/data/1596532/000159653222000026/anet-20211231.htm"
  },
  {
    "date": "2021-09-30",
    "symbol": "ANET",
    "reportedCurrency": "USD",
    "cik": "0001596532",
    "fillingDate": "2021-11-02",
    "acceptedDate": "2021-11-01 21:21:14",
    "calendarYear": "2021",
    "period": "Q3",
    "revenue": 748697000,
    "costOfRevenue": 270082000,
    "grossProfit": 478615000,
    "grossProfitRatio": 0.6392639479,
    "researchAndDevelopmentExpenses": 153093000,
    "generalAndAdministrativeExpenses": 22488000,
    "sellingAndMarketingExpenses": 69740000,
    "sellingGeneralAndAdministrativeExpenses": 92228000,
    "otherExpenses": 0,
    "operatingExpenses": 245321000,
    "costAndExpenses": 515403000,
    "interestIncome": 1636000,
    "interestExpense": 0,
    "depreciationAndAmortization": 12629000,
    "ebitda": 245923000,
    "ebitdaratio": 0.3284679917,
    "operatingIncome": 233294000,
    "operatingIncomeRatio": 0.3116000198,
    "totalOtherIncomeExpensesNet": 1346000,
    "incomeBeforeTax": 234640000,
    "incomeBeforeTaxRatio": 0.3133978098,
    "incomeTaxExpense": 10335000,
    "netIncome": 224305000,
    "netIncomeRatio": 0.2995938277,
    "eps": 0.18,
    "epsdiluted": 0.18,
    "weightedAverageShsOut": 1229824000,
    "weightedAverageShsOutDil": 1278544000,
    "link": "https://www.sec.gov/Archives/edgar/data/1596532/000159653221000354/0001596532-21-000354-index.htm",
    "finalLink": "https://www.sec.gov/Archives/edgar/data/1596532/000159653221000354/anet-20210930.htm"
  },
  {
    "date": "2021-06-30",
    "symbol": "ANET",
    "reportedCurrency": "USD",
    "cik": "0001596532",
    "fillingDate": "2021-08-03",
    "acceptedDate": "2021-08-02 18:35:00",
    "calendarYear": "2021",
    "period": "Q2",
    "revenue": 707319000,
    "costOfRevenue": 253141000,
    "grossProfit": 454178000,
    "grossProfitRatio": 0.6421119749,
    "researchAndDevelopmentExpenses": 143293000,
    "generalAndAdministrativeExpenses": 20895000,
    "sellingAndMarketingExpenses": 70625000,
    "sellingGeneralAndAdministrativeExpenses": 91520000,
    "otherExpenses": 0,
    "operatingExpenses": 234813000,
    "costAndExpenses": 487954000,
    "interestIncome": 1872000,
    "interestExpense": 0,
    "depreciationAndAmortization": 12577000,
    "ebitda": 231942000,
    "ebitdaratio": 0.3279171067,
    "operatingIncome": 219365000,
    "operatingIncomeRatio": 0.3101358793,
    "totalOtherIncomeExpensesNet": 1719000,
    "incomeBeforeTax": 221084000,
    "incomeBeforeTaxRatio": 0.312566183,
    "incomeTaxExpense": 24196000,
    "netIncome": 196888000,
    "netIncomeRatio": 0.2783581383,
    "eps": 0.16,
    "epsdiluted": 0.15,
    "weightedAverageShsOut": 1223376000,
    "weightedAverageShsOutDil": 1275360000,
    "link": "https://www.sec.gov/Archives/edgar/data/1596532/000159653221000255/0001596532-21-000255-index.htm",
    "finalLink": "https://www.sec.gov/Archives/edgar/data/1596532/000159653221000255/anet-20210630.htm"
  },
  {
    "date": "2021-03-31",
    "symbol": "ANET",
    "reportedCurrency": "USD",
    "cik": "0001596532",
    "fillingDate": "2021-05-06",
    "acceptedDate": "2021-05-05 20:18:57",
    "calendarYear": "2021",
    "period": "Q1",
    "revenue": 667562000,
    "costOfRevenue": 242290000,
    "grossProfit": 425272000,
    "grossProfitRatio": 0.6370524386,
    "researchAndDevelopmentExpenses": 132487000,
    "generalAndAdministrativeExpenses": 15473000,
    "sellingAndMarketingExpenses": 71020000,
    "sellingGeneralAndAdministrativeExpenses": 86493000,
    "otherExpenses": 0,
    "operatingExpenses": 218980000,
    "costAndExpenses": 461270000,
    "interestIncome": 2045000,
    "interestExpense": 0,
    "depreciationAndAmortization": 12658000,
    "ebitda": 218950000,
    "ebitdaratio": 0.3279845168,
    "operatingIncome": 206292000,
    "operatingIncomeRatio": 0.3090229821,
    "totalOtherIncomeExpensesNet": 1575000,
    "incomeBeforeTax": 207867000,
    "incomeBeforeTaxRatio": 0.3113823136,
    "incomeTaxExpense": 27501000,
    "netIncome": 180366000,
    "netIncomeRatio": 0.27018614,
    "eps": 0.15,
    "epsdiluted": 0.14,
    "weightedAverageShsOut": 1220896000,
    "weightedAverageShsOutDil": 1273968000,
    "link": "https://www.sec.gov/Archives/edgar/data/1596532/000159653221000149/0001596532-21-000149-index.htm",
    "finalLink": "https://www.sec.gov/Archives/edgar/data/1596532/000159653221000149/anet-20210331.htm"
  },
  {
    "date": "2020-12-31",
    "symbol": "ANET",
    "reportedCurrency": "USD",
    "cik": "0001596532",
    "fillingDate": "2021-02-19",
    "acceptedDate": "2021-02-18 19:04:33",
    "calendarYear": "2020",
    "period": "Q4",
    "revenue": 648482000,
    "costOfRevenue": 233898000,
    "grossProfit": 414584000,
    "grossProfitRatio": 0.6393145839,
    "researchAndDevelopmentExpenses": 133847000,
    "generalAndAdministrativeExpenses": 18428000,
    "sellingAndMarketingExpenses": 67671000,
    "sellingGeneralAndAdministrativeExpenses": 86099000,
    "otherExpenses": 0,
    "operatingExpenses": 219946000,
    "costAndExpenses": 453844000,
    "interestIncome": 2490000,
    "interestExpense": 0,
    "depreciationAndAmortization": 12615000,
    "ebitda": 246432000,
    "ebitdaratio": 0.3800136318,
    "operatingIncome": 194638000,
    "operatingIncomeRatio": 0.3001440287,
    "totalOtherIncomeExpensesNet": 5542000,
    "incomeBeforeTax": 200180000,
    "incomeBeforeTaxRatio": 0.308690141,
    "incomeTaxExpense": 17222000,
    "netIncome": 182958000,
    "netIncomeRatio": 0.2821327346,
    "eps": 0.15,
    "epsdiluted": 0.14,
    "weightedAverageShsOut": 1213824000,
    "weightedAverageShsOutDil": 1268176000,
    "link": "https://www.sec.gov/Archives/edgar/data/1596532/000159653221000049/0001596532-21-000049-index.htm",
    "finalLink": "https://www.sec.gov/Archives/edgar/data/1596532/000159653221000049/anet-20201231.htm"
  },
  {
    "date": "2020-09-30",
    "symbol": "ANET",
    "reportedCurrency": "USD",
    "cik": "0001596532",
    "fillingDate": "2020-11-03",
    "acceptedDate": "2020-11-02 18:19:25",
    "calendarYear": "2020",
    "period": "Q3",
    "revenue": 605431000,
    "costOfRevenue": 220469000,
    "grossProfit": 384962000,
    "grossProfitRatio": 0.6358478505,
    "researchAndDevelopmentExpenses": 128049000,
    "generalAndAdministrativeExpenses": 15146000,
    "sellingAndMarketingExpenses": 53372000,
    "sellingGeneralAndAdministrativeExpenses": 68518000,
    "otherExpenses": 0,
    "operatingExpenses": 196567000,
    "costAndExpenses": 417036000,
    "interestIncome": 4319000,
    "interestExpense": 0,
    "depreciationAndAmortization": 10805000,
    "ebitda": 199200000,
    "ebitdaratio": 0.3290218043,
    "operatingIncome": 188395000,
    "operatingIncomeRatio": 0.3111750142,
    "totalOtherIncomeExpensesNet": 13224000,
    "incomeBeforeTax": 201619000,
    "incomeBeforeTaxRatio": 0.333017305,
    "incomeTaxExpense": 33244000,
    "netIncome": 168375000,
    "netIncomeRatio": 0.2781076621,
    "eps": 0.14,
    "epsdiluted": 0.13,
    "weightedAverageShsOut": 1215984000,
    "weightedAverageShsOutDil": 1269008000,
    "link": "https://www.sec.gov/Archives/edgar/data/1596532/000159653220000226/0001596532-20-000226-index.htm",
    "finalLink": "https://www.sec.gov/Archives/edgar/data/1596532/000159653220000226/anet-20200930.htm"
  },
  {
    "date": "2020-06-30",
    "symbol": "ANET",
    "reportedCurrency": "USD",
    "cik": "0001596532",
    "fillingDate": "2020-08-05",
    "acceptedDate": "2020-08-04 19:48:51",
    "calendarYear": "2020",
    "period": "Q2",
    "revenue": 540570000,
    "costOfRevenue": 196481000,
    "grossProfit": 344089000,
    "grossProfitRatio": 0.6365299591,
    "researchAndDevelopmentExpenses": 111544000,
    "generalAndAdministrativeExpenses": 14319000,
    "sellingAndMarketingExpenses": 51237000,
    "sellingGeneralAndAdministrativeExpenses": 65556000,
    "otherExpenses": 0,
    "operatingExpenses": 177100000,
    "costAndExpenses": 373581000,
    "interestIncome": 8668000,
    "interestExpense": 0,
    "depreciationAndAmortization": 10962000,
    "ebitda": 177951000,
    "ebitdaratio": 0.3291914091,
    "operatingIncome": 166989000,
    "operatingIncomeRatio": 0.3089128143,
    "totalOtherIncomeExpensesNet": 8256000,
    "incomeBeforeTax": 175245000,
    "incomeBeforeTaxRatio": 0.3241855819,
    "incomeTaxExpense": 30452000,
    "netIncome": 144793000,
    "netIncomeRatio": 0.267852452,
    "eps": 0.12,
    "epsdiluted": 0.11,
    "weightedAverageShsOut": 1212928000,
    "weightedAverageShsOutDil": 1268768000,
    "link": "https://www.sec.gov/Archives/edgar/data/1596532/000159653220000148/0001596532-20-000148-index.htm",
    "finalLink": "https://www.sec.gov/Archives/edgar/data/1596532/000159653220000148/anetq22020-10q.htm"
  },
  {
    "date": "2020-03-31",
    "symbol": "ANET",
    "reportedCurrency": "USD",
    "cik": "0001596532",
    "fillingDate": "2020-05-06",
    "acceptedDate": "2020-05-05 19:21:42",
    "calendarYear": "2020",
    "period": "Q1",
    "revenue": 523029000,
    "costOfRevenue": 184778000,
    "grossProfit": 338251000,
    "grossProfitRatio": 0.6467155741,
    "researchAndDevelopmentExpenses": 113154000,
    "generalAndAdministrativeExpenses": 18349000,
    "sellingAndMarketingExpenses": 57086000,
    "sellingGeneralAndAdministrativeExpenses": 75435000,
    "otherExpenses": 0,
    "operatingExpenses": 188589000,
    "costAndExpenses": 373367000,
    "interestIncome": 11662000,
    "interestExpense": 0,
    "depreciationAndAmortization": 10208000,
    "ebitda": 159870000,
    "ebitdaratio": 0.3056618275,
    "operatingIncome": 149662000,
    "operatingIncomeRatio": 0.2861447453,
    "totalOtherIncomeExpensesNet": 12157000,
    "incomeBeforeTax": 161819000,
    "incomeBeforeTaxRatio": 0.3093881984,
    "incomeTaxExpense": 23388000,
    "netIncome": 138431000,
    "netIncomeRatio": 0.2646717486,
    "eps": 0.11,
    "epsdiluted": 0.11,
    "weightedAverageShsOut": 1220224000,
    "weightedAverageShsOutDil": 1279024000,
    "link": "https://www.sec.gov/Archives/edgar/data/1596532/000162828020006504/0001628280-20-006504-index.htm",
    "finalLink": "https://www.sec.gov/Archives/edgar/data/1596532/000162828020006504/anetq12020-10q.htm"
  },
  {
    "date": "2019-12-31",
    "symbol": "ANET",
    "reportedCurrency": "USD",
    "cik": "0001596532",
    "fillingDate": "2020-02-14",
    "acceptedDate": "2020-02-13 19:39:57",
    "calendarYear": "2019",
    "period": "Q4",
    "revenue": 552546000,
    "costOfRevenue": 196243000,
    "grossProfit": 356303000,
    "grossProfitRatio": 0.6448386198,
    "researchAndDevelopmentExpenses": 110063000,
    "generalAndAdministrativeExpenses": 15716000,
    "sellingAndMarketingExpenses": 54535000,
    "sellingGeneralAndAdministrativeExpenses": 70251000,
    "otherExpenses": 0,
    "operatingExpenses": 180314000,
    "costAndExpenses": 376557000,
    "interestIncome": 12693000,
    "interestExpense": 0,
    "depreciationAndAmortization": 7901000,
    "ebitda": 183890000,
    "ebitdaratio": 0.3328048705,
    "operatingIncome": 175989000,
    "operatingIncomeRatio": 0.3185056086,
    "totalOtherIncomeExpensesNet": 11183000,
    "incomeBeforeTax": 187172000,
    "incomeBeforeTaxRatio": 0.3387446475,
    "incomeTaxExpense": -73520000,
    "netIncome": 260692000,
    "netIncomeRatio": 0.4718014428,
    "eps": 0.21,
    "epsdiluted": 0.2,
    "weightedAverageShsOut": 1221520000,
    "weightedAverageShsOutDil": 1284176000,
    "link": "https://www.sec.gov/Archives/edgar/data/1596532/000159653220000024/0001596532-20-000024-index.htm",
    "finalLink": "https://www.sec.gov/Archives/edgar/data/1596532/000159653220000024/anet20191231-10k.htm"
  },
  {
    "date": "2019-09-30",
    "symbol": "ANET",
    "reportedCurrency": "USD",
    "cik": "0001596532",
    "fillingDate": "2019-11-01",
    "acceptedDate": "2019-10-31 19:15:23",
    "calendarYear": "2019",
    "period": "Q3",
    "revenue": 654415000,
    "costOfRevenue": 237141000,
    "grossProfit": 417274000,
    "grossProfitRatio": 0.6376290275,
    "researchAndDevelopmentExpenses": 118732000,
    "generalAndAdministrativeExpenses": 14657000,
    "sellingAndMarketingExpenses": 55279000,
    "sellingGeneralAndAdministrativeExpenses": 69936000,
    "otherExpenses": 0,
    "operatingExpenses": 188668000,
    "costAndExpenses": 425809000,
    "interestIncome": 13446000,
    "interestExpense": 0,
    "depreciationAndAmortization": 8191000,
    "ebitda": 236797000,
    "ebitdaratio": 0.3618453122,
    "operatingIncome": 228606000,
    "operatingIncomeRatio": 0.3493287898,
    "totalOtherIncomeExpensesNet": 19169000,
    "incomeBeforeTax": 247775000,
    "incomeBeforeTaxRatio": 0.3786206001,
    "incomeTaxExpense": 38880000,
    "netIncome": 208895000,
    "netIncomeRatio": 0.319208759,
    "eps": 0.17,
    "epsdiluted": 0.16,
    "weightedAverageShsOut": 1222816000,
    "weightedAverageShsOutDil": 1292048000,
    "link": "https://www.sec.gov/Archives/edgar/data/1596532/000159653219000230/0001596532-19-000230-index.htm",
    "finalLink": "https://www.sec.gov/Archives/edgar/data/1596532/000159653219000230/anet20190930-10q.htm"
  },
  {
    "date": "2019-06-30",
    "symbol": "ANET",
    "reportedCurrency": "USD",
    "cik": "0001596532",
    "fillingDate": "2019-08-02",
    "acceptedDate": "2019-08-02 16:39:41",
    "calendarYear": "2019",
    "period": "Q2",
    "revenue": 608321000,
    "costOfRevenue": 218130000,
    "grossProfit": 390191000,
    "grossProfitRatio": 0.6414228672,
    "researchAndDevelopmentExpenses": 114295000,
    "generalAndAdministrativeExpenses": 16019000,
    "sellingAndMarketingExpenses": 53040000,
    "sellingGeneralAndAdministrativeExpenses": 69059000,
    "otherExpenses": 0,
    "operatingExpenses": 183354000,
    "costAndExpenses": 401484000,
    "interestIncome": 13107000,
    "interestExpense": 0,
    "depreciationAndAmortization": 8395000,
    "ebitda": 215232000,
    "ebitdaratio": 0.3538132006,
    "operatingIncome": 206837000,
    "operatingIncomeRatio": 0.3400129208,
    "totalOtherIncomeExpensesNet": 13811000,
    "incomeBeforeTax": 220648000,
    "incomeBeforeTaxRatio": 0.3627163948,
    "incomeTaxExpense": 31397000,
    "netIncome": 189251000,
    "netIncomeRatio": 0.3111038416,
    "eps": 0.15,
    "epsdiluted": 0.15,
    "weightedAverageShsOut": 1224832000,
    "weightedAverageShsOutDil": 1301360000,
    "link": "https://www.sec.gov/Archives/edgar/data/1596532/000159653219000184/0001596532-19-000184-index.htm",
    "finalLink": "https://www.sec.gov/Archives/edgar/data/1596532/000159653219000184/anet20190630-10q.htm"
  },
  {
    "date": "2019-03-31",
    "symbol": "ANET",
    "reportedCurrency": "USD",
    "cik": "0001596532",
    "fillingDate": "2019-05-06",
    "acceptedDate": "2019-05-03 19:21:42",
    "calendarYear": "2019",
    "period": "Q1",
    "revenue": 595424000,
    "costOfRevenue": 214854000,
    "grossProfit": 380570000,
    "grossProfitRatio": 0.6391579782,
    "researchAndDevelopmentExpenses": 119669000,
    "generalAndAdministrativeExpenses": 15506000,
    "sellingAndMarketingExpenses": 51053000,
    "sellingGeneralAndAdministrativeExpenses": 66559000,
    "otherExpenses": 0,
    "operatingExpenses": 186228000,
    "costAndExpenses": 401082000,
    "interestIncome": 11898000,
    "interestExpense": 0,
    "depreciationAndAmortization": 8362000,
    "ebitda": 202704000,
    "ebitdaratio": 0.3404363949,
    "operatingIncome": 194342000,
    "operatingIncomeRatio": 0.3263926211,
    "totalOtherIncomeExpensesNet": 12333000,
    "incomeBeforeTax": 206675000,
    "incomeBeforeTaxRatio": 0.347105592,
    "incomeTaxExpense": 5646000,
    "netIncome": 201029000,
    "netIncomeRatio": 0.3376232735,
    "eps": 0.17,
    "epsdiluted": 0.15,
    "weightedAverageShsOut": 1214720000,
    "weightedAverageShsOutDil": 1299216000,
    "link": "https://www.sec.gov/Archives/edgar/data/1596532/000159653219000104/0001596532-19-000104-index.htm",
    "finalLink": "https://www.sec.gov/Archives/edgar/data/1596532/000159653219000104/anet20190331-10q.htm"
  },
  {
    "date": "2018-12-31",
    "symbol": "ANET",
    "reportedCurrency": "USD",
    "cik": "0001596532",
    "fillingDate": "2019-02-15",
    "acceptedDate": "2019-02-15 17:26:01",
    "calendarYear": "2018",
    "period": "Q4",
    "revenue": 595726000,
    "costOfRevenue": 220734000,
    "grossProfit": 374992000,
    "grossProfitRatio": 0.6294705955,
    "researchAndDevelopmentExpenses": 118439000,
    "generalAndAdministrativeExpenses": 12000000,
    "sellingAndMarketingExpenses": 50911000,
    "sellingGeneralAndAdministrativeExpenses": 62911000,
    "otherExpenses": 0,
    "operatingExpenses": 181350000,
    "costAndExpenses": 402084000,
    "interestIncome": 9733000,
    "interestExpense": 661000,
    "depreciationAndAmortization": 9231000,
    "ebitda": 208382000,
    "ebitdaratio": 0.34979504,
    "operatingIncome": 193642000,
    "operatingIncomeRatio": 0.3250521213,
    "totalOtherIncomeExpensesNet": 4848000,
    "incomeBeforeTax": 198490000,
    "incomeBeforeTaxRatio": 0.3331900907,
    "incomeTaxExpense": 28168000,
    "netIncome": 170322000,
    "netIncomeRatio": 0.2859066081,
    "eps": 0.14,
    "epsdiluted": 0.13,
    "weightedAverageShsOut": 1207568000,
    "weightedAverageShsOutDil": 1294848000,
    "link": "https://www.sec.gov/Archives/edgar/data/1596532/000159653219000027/0001596532-19-000027-index.htm",
    "finalLink": "https://www.sec.gov/Archives/edgar/data/1596532/000159653219000027/anet20181231-10k.htm"
  },
  {
    "date": "2018-09-30",
    "symbol": "ANET",
    "reportedCurrency": "USD",
    "cik": "0001596532",
    "fillingDate": "2018-11-05",
    "acceptedDate": "2018-11-05 06:52:34",
    "calendarYear": "2018",
    "period": "Q3",
    "revenue": 563309000,
    "costOfRevenue": 201726000,
    "grossProfit": 361583000,
    "grossProfitRatio": 0.6418910403,
    "researchAndDevelopmentExpenses": 117589000,
    "generalAndAdministrativeExpenses": 15321000,
    "sellingAndMarketingExpenses": 47903000,
    "sellingGeneralAndAdministrativeExpenses": 63224000,
    "otherExpenses": 0,
    "operatingExpenses": 180813000,
    "costAndExpenses": 382539000,
    "interestIncome": 8585000,
    "interestExpense": 673000,
    "depreciationAndAmortization": 7112000,
    "ebitda": 197174000,
    "ebitdaratio": 0.3500281373,
    "operatingIncome": 180770000,
    "operatingIncomeRatio": 0.3209073528,
    "totalOtherIncomeExpensesNet": 8619000,
    "incomeBeforeTax": 189389000,
    "incomeBeforeTaxRatio": 0.3362080137,
    "incomeTaxExpense": 20865000,
    "netIncome": 168524000,
    "netIncomeRatio": 0.2991679522,
    "eps": 0.14,
    "epsdiluted": 0.13,
    "weightedAverageShsOut": 1200176000,
    "weightedAverageShsOutDil": 1296288000,
    "link": "https://www.sec.gov/Archives/edgar/data/1596532/000159653218000233/0001596532-18-000233-index.htm",
    "finalLink": "https://www.sec.gov/Archives/edgar/data/1596532/000159653218000233/anet20180930-10q.htm"
  },
  {
    "date": "2018-06-30",
    "symbol": "ANET",
    "reportedCurrency": "USD",
    "cik": "0001596532",
    "fillingDate": "2018-08-08",
    "acceptedDate": "2018-08-07 21:40:03",
    "calendarYear": "2018",
    "period": "Q2",
    "revenue": 519845000,
    "costOfRevenue": 185962000,
    "grossProfit": 333883000,
    "grossProfitRatio": 0.6422741394,
    "researchAndDevelopmentExpenses": 104078000,
    "generalAndAdministrativeExpenses": 18420000,
    "sellingAndMarketingExpenses": 46188000,
    "sellingGeneralAndAdministrativeExpenses": 64608000,
    "otherExpenses": 405000000,
    "operatingExpenses": 573686000,
    "costAndExpenses": 759648000,
    "interestIncome": 7964000,
    "interestExpense": 680000,
    "depreciationAndAmortization": 5631000,
    "ebitda": -235661000,
    "ebitdaratio": -0.4533293578,
    "operatingIncome": -239803000,
    "operatingIncomeRatio": -0.4612971174,
    "totalOtherIncomeExpensesNet": -2169000,
    "incomeBeforeTax": -241972000,
    "incomeBeforeTaxRatio": -0.465469515,
    "incomeTaxExpense": -86703000,
    "netIncome": -155269000,
    "netIncomeRatio": -0.2986832614,
    "eps": 0.13,
    "epsdiluted": 0.12,
    "weightedAverageShsOut": 1192048000,
    "weightedAverageShsOutDil": 1293216000,
    "link": "https://www.sec.gov/Archives/edgar/data/1596532/000159653218000174/0001596532-18-000174-index.htm",
    "finalLink": "https://www.sec.gov/Archives/edgar/data/1596532/000159653218000174/anet20180630-10q.htm"
  },
  {
    "date": "2018-03-31",
    "symbol": "ANET",
    "reportedCurrency": "USD",
    "cik": "0001596532",
    "fillingDate": "2018-05-04",
    "acceptedDate": "2018-05-04 17:22:41",
    "calendarYear": "2018",
    "period": "Q1",
    "revenue": 472489000,
    "costOfRevenue": 169570000,
    "grossProfit": 302919000,
    "grossProfitRatio": 0.6411133381,
    "researchAndDevelopmentExpenses": 102362000,
    "generalAndAdministrativeExpenses": 19679000,
    "sellingAndMarketingExpenses": 42140000,
    "sellingGeneralAndAdministrativeExpenses": 61819000,
    "otherExpenses": 0,
    "operatingExpenses": 164181000,
    "costAndExpenses": 333751000,
    "interestIncome": 5385000,
    "interestExpense": 687000,
    "depreciationAndAmortization": 5697000,
    "ebitda": 149278000,
    "ebitdaratio": 0.3159396303,
    "operatingIncome": 138738000,
    "operatingIncomeRatio": 0.2936322327,
    "totalOtherIncomeExpensesNet": 4156000,
    "incomeBeforeTax": 142894000,
    "incomeBeforeTaxRatio": 0.3024282047,
    "incomeTaxExpense": -1644000,
    "netIncome": 144538000,
    "netIncomeRatio": 0.3059076508,
    "eps": 0.12,
    "epsdiluted": 0.11,
    "weightedAverageShsOut": 1183904000,
    "weightedAverageShsOutDil": 1291536000,
    "link": "https://www.sec.gov/Archives/edgar/data/1596532/000159653218000109/0001596532-18-000109-index.htm",
    "finalLink": "https://www.sec.gov/Archives/edgar/data/1596532/000159653218000109/anet20180331-10q.htm"
  },
  {
    "date": "2017-12-31",
    "symbol": "ANET",
    "reportedCurrency": "USD",
    "cik": "0001596532",
    "fillingDate": "2018-02-20",
    "acceptedDate": "2018-02-16 18:08:29",
    "calendarYear": "2017",
    "period": "Q4",
    "revenue": 467867000,
    "costOfRevenue": 160702000,
    "grossProfit": 307165000,
    "grossProfitRatio": 0.6565220458,
    "researchAndDevelopmentExpenses": 107180000,
    "generalAndAdministrativeExpenses": 21789000,
    "sellingAndMarketingExpenses": 38808000,
    "sellingGeneralAndAdministrativeExpenses": 60597000,
    "otherExpenses": 0,
    "operatingExpenses": 167777000,
    "costAndExpenses": 328479000,
    "interestIncome": 0,
    "interestExpense": 741000,
    "depreciationAndAmortization": 5285000,
    "ebitda": 147661000,
    "ebitdaratio": 0.3156046483,
    "operatingIncome": 139388000,
    "operatingIncomeRatio": 0.2979222728,
    "totalOtherIncomeExpensesNet": 2247000,
    "incomeBeforeTax": 141635000,
    "incomeBeforeTaxRatio": 0.3027249197,
    "incomeTaxExpense": 37802000,
    "netIncome": 103833000,
    "netIncomeRatio": 0.221928454,
    "eps": 0.0888,
    "epsdiluted": 0.0806,
    "weightedAverageShsOut": 1172960000,
    "weightedAverageShsOutDil": 1283888000,
    "link": "https://www.sec.gov/Archives/edgar/data/1596532/000159653218000018/0001596532-18-000018-index.htm",
    "finalLink": "https://www.sec.gov/Archives/edgar/data/1596532/000159653218000018/anet20171231-10k.htm"
  },
  {
    "date": "2017-09-30",
    "symbol": "ANET",
    "reportedCurrency": "USD",
    "cik": "0001596532",
    "fillingDate": "2017-11-03",
    "acceptedDate": "2017-11-02 19:27:15",
    "calendarYear": "2017",
    "period": "Q3",
    "revenue": 437633000,
    "costOfRevenue": 157016000,
    "grossProfit": 280617000,
    "grossProfitRatio": 0.6412153562,
    "researchAndDevelopmentExpenses": 79610000,
    "generalAndAdministrativeExpenses": 19535000,
    "sellingAndMarketingExpenses": 40640000,
    "sellingGeneralAndAdministrativeExpenses": 60175000,
    "otherExpenses": 0,
    "operatingExpenses": 139785000,
    "costAndExpenses": 296801000,
    "interestIncome": 2332000,
    "interestExpense": 701000,
    "depreciationAndAmortization": 5322000,
    "ebitda": 148290000,
    "ebitdaratio": 0.3388455624,
    "operatingIncome": 140832000,
    "operatingIncomeRatio": 0.3218038859,
    "totalOtherIncomeExpensesNet": 1435000,
    "incomeBeforeTax": 142267000,
    "incomeBeforeTaxRatio": 0.3250828891,
    "incomeTaxExpense": 8545000,
    "netIncome": 133722000,
    "netIncomeRatio": 0.3055573963,
    "eps": 0.12,
    "epsdiluted": 0.11,
    "weightedAverageShsOut": 1161408000,
    "weightedAverageShsOutDil": 1269152000,
    "link": "https://www.sec.gov/Archives/edgar/data/1596532/000159653217000251/0001596532-17-000251-index.htm",
    "finalLink": "https://www.sec.gov/Archives/edgar/data/1596532/000159653217000251/aristanetworksincq317-10q.htm"
  },
  {
    "date": "2017-06-30",
    "symbol": "ANET",
    "reportedCurrency": "USD",
    "cik": "0001596532",
    "fillingDate": "2017-08-04",
    "acceptedDate": "2017-08-04 16:18:08",
    "calendarYear": "2017",
    "period": "Q2",
    "revenue": 405211000,
    "costOfRevenue": 145434000,
    "grossProfit": 259777000,
    "grossProfitRatio": 0.641090691,
    "researchAndDevelopmentExpenses": 81194000,
    "generalAndAdministrativeExpenses": 23319000,
    "sellingAndMarketingExpenses": 38630000,
    "sellingGeneralAndAdministrativeExpenses": 61949000,
    "otherExpenses": 0,
    "operatingExpenses": 143143000,
    "costAndExpenses": 288577000,
    "interestIncome": 1425000,
    "interestExpense": 623000,
    "depreciationAndAmortization": 5094000,
    "ebitda": 122847000,
    "ebitdaratio": 0.3031679792,
    "operatingIncome": 116634000,
    "operatingIncomeRatio": 0.2878352266,
    "totalOtherIncomeExpensesNet": 496000,
    "incomeBeforeTax": 117130000,
    "incomeBeforeTaxRatio": 0.2890592802,
    "incomeTaxExpense": 14445000,
    "netIncome": 102685000,
    "netIncomeRatio": 0.2534111858,
    "eps": 0.0888,
    "epsdiluted": 0.0813,
    "weightedAverageShsOut": 1151872000,
    "weightedAverageShsOutDil": 1260096000,
    "link": "https://www.sec.gov/Archives/edgar/data/1596532/000159653217000201/0001596532-17-000201-index.htm",
    "finalLink": "https://www.sec.gov/Archives/edgar/data/1596532/000159653217000201/aristanetworksincq217-10q.htm"
  },
  {
    "date": "2017-03-31",
    "symbol": "ANET",
    "reportedCurrency": "USD",
    "cik": "0001596532",
    "fillingDate": "2017-05-08",
    "acceptedDate": "2017-05-05 21:16:04",
    "calendarYear": "2017",
    "period": "Q1",
    "revenue": 335475000,
    "costOfRevenue": 121265000,
    "grossProfit": 214210000,
    "grossProfitRatio": 0.6385274611,
    "researchAndDevelopmentExpenses": 81610000,
    "generalAndAdministrativeExpenses": 22155000,
    "sellingAndMarketingExpenses": 37027000,
    "sellingGeneralAndAdministrativeExpenses": 59182000,
    "otherExpenses": 0,
    "operatingExpenses": 140792000,
    "costAndExpenses": 262057000,
    "interestIncome": 0,
    "interestExpense": 715000,
    "depreciationAndAmortization": 4939000,
    "ebitda": 79382000,
    "ebitdaratio": 0.23662568,
    "operatingIncome": 73418000,
    "operatingIncomeRatio": 0.2188479022,
    "totalOtherIncomeExpensesNet": 310000,
    "incomeBeforeTax": 73728000,
    "incomeBeforeTaxRatio": 0.2197719651,
    "incomeTaxExpense": -9233000,
    "netIncome": 82961000,
    "netIncomeRatio": 0.2472941352,
    "eps": 0.0725,
    "epsdiluted": 0.0669,
    "weightedAverageShsOut": 1137824000,
    "weightedAverageShsOutDil": 1240256000,
    "link": "https://www.sec.gov/Archives/edgar/data/1596532/000159653217000088/0001596532-17-000088-index.htm",
    "finalLink": "https://www.sec.gov/Archives/edgar/data/1596532/000159653217000088/aristanetworksincq117-10q.htm"
  },
  {
    "date": "2016-12-31",
    "symbol": "ANET",
    "reportedCurrency": "USD",
    "cik": "0001596532",
    "fillingDate": "2017-02-17",
    "acceptedDate": "2017-02-17 17:17:51",
    "calendarYear": "2016",
    "period": "Q4",
    "revenue": 327969000,
    "costOfRevenue": 117814000,
    "grossProfit": 210155000,
    "grossProfitRatio": 0.6407770247,
    "researchAndDevelopmentExpenses": 71398000,
    "generalAndAdministrativeExpenses": 22941000,
    "sellingAndMarketingExpenses": 38321000,
    "sellingGeneralAndAdministrativeExpenses": 61262000,
    "otherExpenses": 0,
    "operatingExpenses": 132660000,
    "costAndExpenses": 250474000,
    "interestIncome": 0,
    "interestExpense": 918000,
    "depreciationAndAmortization": 4942000,
    "ebitda": 82997000,
    "ebitdaratio": 0.2530635517,
    "operatingIncome": 77495000,
    "operatingIncomeRatio": 0.236287576,
    "totalOtherIncomeExpensesNet": -358000,
    "incomeBeforeTax": 77137000,
    "incomeBeforeTaxRatio": 0.2351960094,
    "incomeTaxExpense": 18354000,
    "netIncome": 58783000,
    "netIncomeRatio": 0.1792334032,
    "eps": 0.0525,
    "epsdiluted": 0.0494,
    "weightedAverageShsOut": 1119680000,
    "weightedAverageShsOutDil": 1190144000,
    "link": "https://www.sec.gov/Archives/edgar/data/1596532/000159653217000019/0001596532-17-000019-index.htm",
    "finalLink": "https://www.sec.gov/Archives/edgar/data/1596532/000159653217000019/anet20161231-10k.htm"
  },
  {
    "date": "2016-09-30",
    "symbol": "ANET",
    "reportedCurrency": "USD",
    "cik": "0001596532",
    "fillingDate": "2016-11-03",
    "acceptedDate": "2016-11-03 17:30:19",
    "calendarYear": "2016",
    "period": "Q3",
    "revenue": 290261000,
    "costOfRevenue": 103841000,
    "grossProfit": 186420000,
    "grossProfitRatio": 0.6422495616,
    "researchAndDevelopmentExpenses": 70648000,
    "generalAndAdministrativeExpenses": 19535000,
    "sellingAndMarketingExpenses": 33216000,
    "sellingGeneralAndAdministrativeExpenses": 52751000,
    "otherExpenses": 0,
    "operatingExpenses": 123399000,
    "costAndExpenses": 227240000,
    "interestIncome": 0,
    "interestExpense": 735000,
    "depreciationAndAmortization": 5145000,
    "ebitda": 68805000,
    "ebitdaratio": 0.2370452799,
    "operatingIncome": 63021000,
    "operatingIncomeRatio": 0.2171183866,
    "totalOtherIncomeExpensesNet": -96000,
    "incomeBeforeTax": 62925000,
    "incomeBeforeTaxRatio": 0.2167876497,
    "incomeTaxExpense": 11668000,
    "netIncome": 51257000,
    "netIncomeRatio": 0.1765893455,
    "eps": 0.0463,
    "epsdiluted": 0.0431,
    "weightedAverageShsOut": 1105216000,
    "weightedAverageShsOutDil": 1175248000,
    "link": "https://www.sec.gov/Archives/edgar/data/1596532/000159653216000331/0001596532-16-000331-index.htm",
    "finalLink": "https://www.sec.gov/Archives/edgar/data/1596532/000159653216000331/aristanetworksincq316-10q.htm"
  },
  {
    "date": "2016-06-30",
    "symbol": "ANET",
    "reportedCurrency": "USD",
    "cik": "0001596532",
    "fillingDate": "2016-08-05",
    "acceptedDate": "2016-08-04 20:18:15",
    "calendarYear": "2016",
    "period": "Q2",
    "revenue": 268741000,
    "costOfRevenue": 97290000,
    "grossProfit": 171451000,
    "grossProfitRatio": 0.6379785742,
    "researchAndDevelopmentExpenses": 69020000,
    "generalAndAdministrativeExpenses": 17529000,
    "sellingAndMarketingExpenses": 31744000,
    "sellingGeneralAndAdministrativeExpenses": 49273000,
    "otherExpenses": 0,
    "operatingExpenses": 118293000,
    "costAndExpenses": 215583000,
    "interestIncome": 0,
    "interestExpense": 732000,
    "depreciationAndAmortization": 4883000,
    "ebitda": 58457000,
    "ebitdaratio": 0.2175217031,
    "operatingIncome": 53158000,
    "operatingIncomeRatio": 0.1978038334,
    "totalOtherIncomeExpensesNet": -316000,
    "incomeBeforeTax": 52842000,
    "incomeBeforeTaxRatio": 0.1966279801,
    "incomeTaxExpense": 13938000,
    "netIncome": 38904000,
    "netIncomeRatio": 0.1447639177,
    "eps": 0.0356,
    "epsdiluted": 0.0331,
    "weightedAverageShsOut": 1092400000,
    "weightedAverageShsOutDil": 1165072000,
    "link": "https://www.sec.gov/Archives/edgar/data/1596532/000159653216000291/0001596532-16-000291-index.htm",
    "finalLink": "https://www.sec.gov/Archives/edgar/data/1596532/000159653216000291/aristanetworksincq216-10q.htm"
  },
  {
    "date": "2016-03-31",
    "symbol": "ANET",
    "reportedCurrency": "USD",
    "cik": "0001596532",
    "fillingDate": "2016-05-05",
    "acceptedDate": "2016-05-05 17:19:50",
    "calendarYear": "2016",
    "period": "Q1",
    "revenue": 242196000,
    "costOfRevenue": 87106000,
    "grossProfit": 155090000,
    "grossProfitRatio": 0.6403491387,
    "researchAndDevelopmentExpenses": 62515000,
    "generalAndAdministrativeExpenses": 15234000,
    "sellingAndMarketingExpenses": 27606000,
    "sellingGeneralAndAdministrativeExpenses": 42840000,
    "otherExpenses": 0,
    "operatingExpenses": 105355000,
    "costAndExpenses": 192461000,
    "interestIncome": 0,
    "interestExpense": 751000,
    "depreciationAndAmortization": 4779000,
    "ebitda": 54851000,
    "ebitdaratio": 0.2264735999,
    "operatingIncome": 49735000,
    "operatingIncomeRatio": 0.2053502122,
    "totalOtherIncomeExpensesNet": -414000,
    "incomeBeforeTax": 49321000,
    "incomeBeforeTaxRatio": 0.2036408529,
    "incomeTaxExpense": 14076000,
    "netIncome": 35245000,
    "netIncomeRatio": 0.1455226346,
    "eps": 0.0325,
    "epsdiluted": 0.03,
    "weightedAverageShsOut": 1083792000,
    "weightedAverageShsOutDil": 1155424000,
    "link": "https://www.sec.gov/Archives/edgar/data/1596532/000159653216000255/0001596532-16-000255-index.htm",
    "finalLink": "https://www.sec.gov/Archives/edgar/data/1596532/000159653216000255/aristanetworksincq116-10q.htm"
  },
  {
    "date": "2015-12-31",
    "symbol": "ANET",
    "reportedCurrency": "USD",
    "cik": "0001596532",
    "fillingDate": "2016-02-25",
    "acceptedDate": "2016-02-25 17:08:19",
    "calendarYear": "2015",
    "period": "Q4",
    "revenue": 245446000,
    "costOfRevenue": 89278000,
    "grossProfit": 156168000,
    "grossProfitRatio": 0.6362621513,
    "researchAndDevelopmentExpenses": 57413000,
    "generalAndAdministrativeExpenses": 18050000,
    "sellingAndMarketingExpenses": 31308000,
    "sellingGeneralAndAdministrativeExpenses": 49358000,
    "otherExpenses": 0,
    "operatingExpenses": 106771000,
    "costAndExpenses": 196049000,
    "interestIncome": 0,
    "interestExpense": 746000,
    "depreciationAndAmortization": 3947000,
    "ebitda": 53235000,
    "ebitdaratio": 0.2168908843,
    "operatingIncome": 49397000,
    "operatingIncomeRatio": 0.2012540437,
    "totalOtherIncomeExpensesNet": -855000,
    "incomeBeforeTax": 48542000,
    "incomeBeforeTaxRatio": 0.1977705891,
    "incomeTaxExpense": 4618000,
    "netIncome": 43924000,
    "netIncomeRatio": 0.1789558599,
    "eps": 0.0406,
    "epsdiluted": 0.0375,
    "weightedAverageShsOut": 1073776000,
    "weightedAverageShsOutDil": 1152992000,
    "link": "https://www.sec.gov/Archives/edgar/data/1596532/000159653216000244/0001596532-16-000244-index.htm",
    "finalLink": "https://www.sec.gov/Archives/edgar/data/1596532/000159653216000244/anet20151231-10k.htm"
  },
  {
    "date": "2015-09-30",
    "symbol": "ANET",
    "reportedCurrency": "USD",
    "cik": "0001596532",
    "fillingDate": "2015-11-06",
    "acceptedDate": "2015-11-05 18:24:38",
    "calendarYear": "2015",
    "period": "Q3",
    "revenue": 217548000,
    "costOfRevenue": 75800000,
    "grossProfit": 141748000,
    "grossProfitRatio": 0.6515711475,
    "researchAndDevelopmentExpenses": 58748000,
    "generalAndAdministrativeExpenses": 25195000,
    "sellingAndMarketingExpenses": 26508000,
    "sellingGeneralAndAdministrativeExpenses": 51703000,
    "otherExpenses": 0,
    "operatingExpenses": 110451000,
    "costAndExpenses": 186251000,
    "interestIncome": 0,
    "interestExpense": 753000,
    "depreciationAndAmortization": 3478000,
    "ebitda": 34788000,
    "ebitdaratio": 0.1599095372,
    "operatingIncome": 31297000,
    "operatingIncomeRatio": 0.1438625039,
    "totalOtherIncomeExpensesNet": -740000,
    "incomeBeforeTax": 30557000,
    "incomeBeforeTaxRatio": 0.1404609557,
    "incomeTaxExpense": 1867000,
    "netIncome": 28690000,
    "netIncomeRatio": 0.1318789417,
    "eps": 0.0263,
    "epsdiluted": 0.0244,
    "weightedAverageShsOut": 1066064000,
    "weightedAverageShsOutDil": 1150192000,
    "link": "https://www.sec.gov/Archives/edgar/data/1596532/000159653215000176/0001596532-15-000176-index.htm",
    "finalLink": "https://www.sec.gov/Archives/edgar/data/1596532/000159653215000176/aristanetworksinc2015930-1.htm"
  },
  {
    "date": "2015-06-30",
    "symbol": "ANET",
    "reportedCurrency": "USD",
    "cik": "0001596532",
    "fillingDate": "2015-08-07",
    "acceptedDate": "2015-08-06 18:37:02",
    "calendarYear": "2015",
    "period": "Q2",
    "revenue": 195552000,
    "costOfRevenue": 67662000,
    "grossProfit": 127890000,
    "grossProfitRatio": 0.6539948454,
    "researchAndDevelopmentExpenses": 49947000,
    "generalAndAdministrativeExpenses": 18403000,
    "sellingAndMarketingExpenses": 26681000,
    "sellingGeneralAndAdministrativeExpenses": 45084000,
    "otherExpenses": 0,
    "operatingExpenses": 95031000,
    "costAndExpenses": 162693000,
    "interestIncome": 0,
    "interestExpense": 832000,
    "depreciationAndAmortization": 3353000,
    "ebitda": 36629000,
    "ebitdaratio": 0.187310792,
    "operatingIncome": 32859000,
    "operatingIncomeRatio": 0.1680320324,
    "totalOtherIncomeExpensesNet": -415000,
    "incomeBeforeTax": 32444000,
    "incomeBeforeTaxRatio": 0.1659098347,
    "incomeTaxExpense": 8448000,
    "netIncome": 23996000,
    "netIncomeRatio": 0.1227090493,
    "eps": 0.0225,
    "epsdiluted": 0.0206,
    "weightedAverageShsOut": 1048384000,
    "weightedAverageShsOutDil": 1139440000,
    "link": "https://www.sec.gov/Archives/edgar/data/1596532/000159653215000112/0001596532-15-000112-index.htm",
    "finalLink": "https://www.sec.gov/Archives/edgar/data/1596532/000159653215000112/aristanetworksinc2015630-1.htm"
  },
  {
    "date": "2015-03-31",
    "symbol": "ANET",
    "reportedCurrency": "USD",
    "cik": "0001596532",
    "fillingDate": "2015-05-15",
    "acceptedDate": "2015-05-14 19:24:37",
    "calendarYear": "2015",
    "period": "Q1",
    "revenue": 179045000,
    "costOfRevenue": 61291000,
    "grossProfit": 117754000,
    "grossProfitRatio": 0.6576782373,
    "researchAndDevelopmentExpenses": 43340000,
    "generalAndAdministrativeExpenses": 14072000,
    "sellingAndMarketingExpenses": 24587000,
    "sellingGeneralAndAdministrativeExpenses": 38659000,
    "otherExpenses": 0,
    "operatingExpenses": 81999000,
    "costAndExpenses": 143290000,
    "interestIncome": 0,
    "interestExpense": 821000,
    "depreciationAndAmortization": 2893000,
    "ebitda": 38180000,
    "ebitdaratio": 0.2132424809,
    "operatingIncome": 35755000,
    "operatingIncomeRatio": 0.1996983998,
    "totalOtherIncomeExpensesNet": -1289000,
    "incomeBeforeTax": 34466000,
    "incomeBeforeTaxRatio": 0.1924990924,
    "incomeTaxExpense": 9974000,
    "netIncome": 24492000,
    "netIncomeRatio": 0.1367924265,
    "eps": 0.0231,
    "epsdiluted": 0.0213,
    "weightedAverageShsOut": 1034160000,
    "weightedAverageShsOutDil": 1131552000,
    "link": "https://www.sec.gov/Archives/edgar/data/1596532/000159653215000013/0001596532-15-000013-index.htm",
    "finalLink": "https://www.sec.gov/Archives/edgar/data/1596532/000159653215000013/aristanetworksinc2015331-1.htm"
  },
  {
    "date": "2014-12-31",
    "symbol": "ANET",
    "reportedCurrency": "USD",
    "cik": "0001596532",
    "fillingDate": "2015-03-12",
    "acceptedDate": "2015-03-11 21:55:45",
    "calendarYear": "2014",
    "period": "Q4",
    "revenue": 173489000,
    "costOfRevenue": 57049000,
    "grossProfit": 116440000,
    "grossProfitRatio": 0.6711664716,
    "researchAndDevelopmentExpenses": 44344000,
    "generalAndAdministrativeExpenses": 8078000,
    "sellingAndMarketingExpenses": 25016000,
    "sellingGeneralAndAdministrativeExpenses": 33094000,
    "otherExpenses": 0,
    "operatingExpenses": 77438000,
    "costAndExpenses": 134487000,
    "interestIncome": 0,
    "interestExpense": 768000,
    "depreciationAndAmortization": 2655000,
    "ebitda": 41506000,
    "ebitdaratio": 0.2392428338,
    "operatingIncome": 39002000,
    "operatingIncomeRatio": 0.2248096421,
    "totalOtherIncomeExpensesNet": -919000,
    "incomeBeforeTax": 38083000,
    "incomeBeforeTaxRatio": 0.2195124763,
    "incomeTaxExpense": 7046000,
    "netIncome": 31037000,
    "netIncomeRatio": 0.1788989504,
    "eps": 0.03,
    "epsdiluted": 0.0269,
    "weightedAverageShsOut": 1010976000,
    "weightedAverageShsOutDil": 1123504000,
    "link": "https://www.sec.gov/Archives/edgar/data/1596532/000159653215000004/0001596532-15-000004-index.htm",
    "finalLink": "https://www.sec.gov/Archives/edgar/data/1596532/000159653215000004/anet20141231-10k.htm"
  },
  {
    "date": "2014-09-30",
    "symbol": "ANET",
    "reportedCurrency": "USD",
    "cik": "0001596532",
    "fillingDate": "2014-11-07",
    "acceptedDate": "2014-11-06 19:16:18",
    "calendarYear": "2014",
    "period": "Q3",
    "revenue": 155463000,
    "costOfRevenue": 54506000,
    "grossProfit": 100957000,
    "grossProfitRatio": 0.6493956761,
    "researchAndDevelopmentExpenses": 36231000,
    "generalAndAdministrativeExpenses": 9896000,
    "sellingAndMarketingExpenses": 20956000,
    "sellingGeneralAndAdministrativeExpenses": 30852000,
    "otherExpenses": 0,
    "operatingExpenses": 67083000,
    "costAndExpenses": 121589000,
    "interestIncome": 0,
    "interestExpense": 764000,
    "depreciationAndAmortization": 2653000,
    "ebitda": 35703000,
    "ebitdaratio": 0.229655931,
    "operatingIncome": 33874000,
    "operatingIncomeRatio": 0.2178910738,
    "totalOtherIncomeExpensesNet": -1588000,
    "incomeBeforeTax": 32286000,
    "incomeBeforeTaxRatio": 0.2076764246,
    "incomeTaxExpense": 10420000,
    "netIncome": 21866000,
    "netIncomeRatio": 0.1406508301,
    "eps": 0.0213,
    "epsdiluted": 0.0188,
    "weightedAverageShsOut": 998432000,
    "weightedAverageShsOutDil": 1115792000,
    "link": "https://www.sec.gov/Archives/edgar/data/1596532/000159653214000005/0001596532-14-000005-index.htm",
    "finalLink": "https://www.sec.gov/Archives/edgar/data/1596532/000159653214000005/aristanetworksinc2014930-1.htm"
  },
  {
    "date": "2014-06-30",
    "symbol": "ANET",
    "reportedCurrency": "USD",
    "cik": "0001596532",
    "fillingDate": "2014-08-08",
    "acceptedDate": "2014-08-07 20:40:07",
    "calendarYear": "2014",
    "period": "Q2",
    "revenue": 137947000,
    "costOfRevenue": 44567000,
    "grossProfit": 93380000,
    "grossProfitRatio": 0.6769266457,
    "researchAndDevelopmentExpenses": 34888000,
    "generalAndAdministrativeExpenses": 7126000,
    "sellingAndMarketingExpenses": 20711000,
    "sellingGeneralAndAdministrativeExpenses": 27837000,
    "otherExpenses": 0,
    "operatingExpenses": 62725000,
    "costAndExpenses": 107292000,
    "interestIncome": 0,
    "interestExpense": 2204000,
    "depreciationAndAmortization": 2428000,
    "ebitda": 36324000,
    "ebitdaratio": 0.2633185209,
    "operatingIncome": 30655000,
    "operatingIncomeRatio": 0.2222230277,
    "totalOtherIncomeExpensesNet": 1037000,
    "incomeBeforeTax": 31692000,
    "incomeBeforeTaxRatio": 0.2297404075,
    "incomeTaxExpense": 10074000,
    "netIncome": 21618000,
    "netIncomeRatio": 0.1567123605,
    "eps": 0.0214,
    "epsdiluted": 0.0203,
    "weightedAverageShsOut": 1007875328,
    "weightedAverageShsOutDil": 1066555328,
    "link": "https://www.sec.gov/Archives/edgar/data/1596532/000135027814000011/0001350278-14-000011-index.htm",
    "finalLink": "https://www.sec.gov/Archives/edgar/data/1596532/000135027814000011/aristanetworksinc2014630-1.htm"
  },
  {
    "date": "2014-03-31",
    "symbol": "ANET",
    "reportedCurrency": "USD",
    "cik": "0001596532",
    "fillingDate": "2014-03-31",
    "acceptedDate": "2014-03-30 20:00:00",
    "calendarYear": "2014",
    "period": "Q1",
    "revenue": 117207000,
    "costOfRevenue": 35893000,
    "grossProfit": 81314000,
    "grossProfitRatio": 0.6937640243,
    "researchAndDevelopmentExpenses": 33446000,
    "generalAndAdministrativeExpenses": 7231000,
    "sellingAndMarketingExpenses": 18655000,
    "sellingGeneralAndAdministrativeExpenses": 25886000,
    "otherExpenses": 0,
    "operatingExpenses": 59332000,
    "costAndExpenses": 95225000,
    "interestIncome": 0,
    "interestExpense": 2543000,
    "depreciationAndAmortization": 2285000,
    "ebitda": 24275000,
    "ebitdaratio": 0.2071122032,
    "operatingIncome": 21982000,
    "operatingIncomeRatio": 0.1875485253,
    "totalOtherIncomeExpensesNet": -2535000,
    "incomeBeforeTax": 19447000,
    "incomeBeforeTaxRatio": 0.1659201242,
    "incomeTaxExpense": 7118000,
    "netIncome": 12329000,
    "netIncomeRatio": 0.1051899631,
    "eps": 0.0063,
    "epsdiluted": 0.0063,
    "weightedAverageShsOut": 1017318656,
    "weightedAverageShsOutDil": 1017318656,
    "link": "",
    "finalLink": ""
  },
  {
    "date": "2013-12-31",
    "symbol": "ANET",
    "reportedCurrency": "USD",
    "cik": "0001596532",
    "fillingDate": "2013-12-31",
    "acceptedDate": "2013-12-30 19:00:00",
    "calendarYear": "2013",
    "period": "Q4",
    "revenue": 114766000,
    "costOfRevenue": 37293000,
    "grossProfit": 77473000,
    "grossProfitRatio": 0.6750518446,
    "researchAndDevelopmentExpenses": 31352000,
    "generalAndAdministrativeExpenses": 6204000,
    "sellingAndMarketingExpenses": 17412000,
    "sellingGeneralAndAdministrativeExpenses": 23616000,
    "otherExpenses": 0,
    "operatingExpenses": 54968000,
    "costAndExpenses": 92261000,
    "interestIncome": 0,
    "interestExpense": 1799000,
    "depreciationAndAmortization": 2539000,
    "ebitda": 24413000,
    "ebitdaratio": 0.2127197951,
    "operatingIncome": 22505000,
    "operatingIncomeRatio": 0.1960946622,
    "totalOtherIncomeExpensesNet": -2430000,
    "incomeBeforeTax": 20075000,
    "incomeBeforeTaxRatio": 0.1749211439,
    "incomeTaxExpense": 6333000,
    "netIncome": 13742000,
    "netIncomeRatio": 0.1197392956,
    "eps": 0.0113,
    "epsdiluted": 0.0107,
    "weightedAverageShsOut": 1221256000,
    "weightedAverageShsOutDil": 1288664000,
    "link": "",
    "finalLink": ""
  },
  {
    "date": "2013-09-30",
    "symbol": "ANET",
    "reportedCurrency": "USD",
    "cik": "0001596532",
    "fillingDate": "2013-09-30",
    "acceptedDate": "2013-09-30 00:00:00",
    "calendarYear": "2013",
    "period": "Q3",
    "revenue": 101625000,
    "costOfRevenue": 36589000,
    "grossProfit": 65036000,
    "grossProfitRatio": 0.6399606396,
    "researchAndDevelopmentExpenses": 26635000,
    "generalAndAdministrativeExpenses": 5242000,
    "sellingAndMarketingExpenses": 14523000,
    "sellingGeneralAndAdministrativeExpenses": 19765000,
    "otherExpenses": 0,
    "operatingExpenses": 46400000,
    "costAndExpenses": 82989000,
    "interestIncome": 0,
    "interestExpense": 1797000,
    "depreciationAndAmortization": 1021000,
    "ebitda": 19634000,
    "ebitdaratio": 0.193200492,
    "operatingIncome": 18636000,
    "operatingIncomeRatio": 0.1833800738,
    "totalOtherIncomeExpensesNet": -1820000,
    "incomeBeforeTax": 16816000,
    "incomeBeforeTaxRatio": 0.1654710947,
    "incomeTaxExpense": 4960000,
    "netIncome": 11856000,
    "netIncomeRatio": 0.1166642066,
    "eps": 0.0048,
    "epsdiluted": 0.0048,
    "weightedAverageShsOut": 1221520000,
    "weightedAverageShsOutDil": 1283264000,
    "link": "",
    "finalLink": ""
  },
  {
    "date": "2013-06-30",
    "symbol": "ANET",
    "reportedCurrency": "USD",
    "cik": "0001596532",
    "fillingDate": "2013-06-30",
    "acceptedDate": "2013-06-29 20:00:00",
    "calendarYear": "2013",
    "period": "Q2",
    "revenue": 83485000,
    "costOfRevenue": 29584000,
    "grossProfit": 53901000,
    "grossProfitRatio": 0.6456369408,
    "researchAndDevelopmentExpenses": 21086000,
    "generalAndAdministrativeExpenses": 3506000,
    "sellingAndMarketingExpenses": 13045000,
    "sellingGeneralAndAdministrativeExpenses": 16551000,
    "otherExpenses": 0,
    "operatingExpenses": 37637000,
    "costAndExpenses": 67221000,
    "interestIncome": 0,
    "interestExpense": 1772000,
    "depreciationAndAmortization": 767000,
    "ebitda": 17030000,
    "ebitdaratio": 0.2039887405,
    "operatingIncome": 16264000,
    "operatingIncomeRatio": 0.1948134395,
    "totalOtherIncomeExpensesNet": -1773000,
    "incomeBeforeTax": 14491000,
    "incomeBeforeTaxRatio": 0.1735760915,
    "incomeTaxExpense": 4240000,
    "netIncome": 10251000,
    "netIncomeRatio": 0.1227885249,
    "eps": 0.0041,
    "epsdiluted": 0.004,
    "weightedAverageShsOut": 1221520000,
    "weightedAverageShsOutDil": 1283264000,
    "link": "",
    "finalLink": ""
  },
  {
    "date": "2013-03-31",
    "symbol": "ANET",
    "reportedCurrency": "USD",
    "cik": "0001596532",
    "fillingDate": "2013-03-31",
    "acceptedDate": "2013-03-31 00:00:00",
    "calendarYear": "2013",
    "period": "Q1",
    "revenue": 61348000,
    "costOfRevenue": 19220000,
    "grossProfit": 42128000,
    "grossProfitRatio": 0.6867053531,
    "researchAndDevelopmentExpenses": 19514000,
    "generalAndAdministrativeExpenses": 3736000,
    "sellingAndMarketingExpenses": 10135000,
    "sellingGeneralAndAdministrativeExpenses": 13871000,
    "otherExpenses": 0,
    "operatingExpenses": 33385000,
    "costAndExpenses": 52605000,
    "interestIncome": 0,
    "interestExpense": 1751000,
    "depreciationAndAmortization": 717000,
    "ebitda": 9361000,
    "ebitdaratio": 0.1525885114,
    "operatingIncome": 8743000,
    "operatingIncomeRatio": 0.1425148334,
    "totalOtherIncomeExpensesNet": -1850000,
    "incomeBeforeTax": 6893000,
    "incomeBeforeTaxRatio": 0.1123590011,
    "incomeTaxExpense": 282000,
    "netIncome": 6611000,
    "netIncomeRatio": 0.1077622742,
    "eps": 0.0078,
    "epsdiluted": 0.0071,
    "weightedAverageShsOut": 849988960,
    "weightedAverageShsOutDil": 925051280,
    "link": "",
    "finalLink": ""
  },
  {
    "date": "2012-12-31",
    "symbol": "ANET",
    "reportedCurrency": "USD",
    "cik": "0001596532",
    "fillingDate": "2012-12-31",
    "acceptedDate": "2012-12-30 19:00:00",
    "calendarYear": "2012",
    "period": "Q4",
    "revenue": 57341000,
    "costOfRevenue": 15990000,
    "grossProfit": 41351000,
    "grossProfitRatio": 0.7211419403,
    "researchAndDevelopmentExpenses": 18548000,
    "generalAndAdministrativeExpenses": 2931000,
    "sellingAndMarketingExpenses": 8833000,
    "sellingGeneralAndAdministrativeExpenses": 11764000,
    "otherExpenses": 0,
    "operatingExpenses": 30312000,
    "costAndExpenses": 46302000,
    "interestIncome": 1719000,
    "interestExpense": 0,
    "depreciationAndAmortization": 555000,
    "ebitda": 11594000,
    "ebitdaratio": 0.2021938927,
    "operatingIncome": 11039000,
    "operatingIncomeRatio": 0.1925149544,
    "totalOtherIncomeExpensesNet": -1719000,
    "incomeBeforeTax": 9320000,
    "incomeBeforeTaxRatio": 0.162536405,
    "incomeTaxExpense": 3040000,
    "netIncome": 6280000,
    "netIncomeRatio": 0.1095202386,
    "eps": 0.0029,
    "epsdiluted": 0.0027,
    "weightedAverageShsOut": 1021058352,
    "weightedAverageShsOutDil": 1079442320,
    "link": null,
    "finalLink": null
  }
]