[
  {
    "date": "2025-06-30",
    "symbol": "AON",
    "reportedCurrency": "USD",
    "cik": "0000315293",
    "fillingDate": "2025-07-25",
    "acceptedDate": "2025-07-25 16:14:07",
    "calendarYear": "2025",
    "period": "Q2",
    "revenue": 4155000000,
    "costOfRevenue": 2360000000,
    "grossProfit": 1795000000,
    "grossProfitRatio": 0.432009627,
    "researchAndDevelopmentExpenses": 0,
    "generalAndAdministrativeExpenses": 479000000,
    "sellingAndMarketingExpenses": 0,
    "sellingGeneralAndAdministrativeExpenses": 479000000,
    "otherExpenses": 457000000,
    "operatingExpenses": 936000000,
    "costAndExpenses": 3296000000,
    "interestIncome": 0,
    "interestExpense": 212000000,
    "depreciationAndAmortization": 248000000,
    "ebitda": 1163000000,
    "ebitdaratio": 0.2799037304,
    "operatingIncome": 859000000,
    "operatingIncomeRatio": 0.2067388688,
    "totalOtherIncomeExpensesNet": -156000000,
    "incomeBeforeTax": 703000000,
    "incomeBeforeTaxRatio": 0.1691937425,
    "incomeTaxExpense": 109000000,
    "netIncome": 579000000,
    "netIncomeRatio": 0.1393501805,
    "eps": 2.68,
    "epsdiluted": 2.66,
    "weightedAverageShsOut": 216200000,
    "weightedAverageShsOutDil": 217300000,
    "link": "https://www.sec.gov/Archives/edgar/data/315293/000162828025036060/0001628280-25-036060-index.htm",
    "finalLink": "https://www.sec.gov/Archives/edgar/data/315293/000162828025036060/aon-20250630.htm"
  },
  {
    "date": "2025-03-31",
    "symbol": "AON",
    "reportedCurrency": "USD",
    "cik": "0000315293",
    "fillingDate": "2025-04-25",
    "acceptedDate": "2025-04-25 16:04:45",
    "calendarYear": "2025",
    "period": "Q1",
    "revenue": 4729000000,
    "costOfRevenue": 2249000000,
    "grossProfit": 2480000000,
    "grossProfitRatio": 0.5244237682,
    "researchAndDevelopmentExpenses": 0,
    "generalAndAdministrativeExpenses": 551000000,
    "sellingAndMarketingExpenses": 0,
    "sellingGeneralAndAdministrativeExpenses": 551000000,
    "otherExpenses": 468000000,
    "operatingExpenses": 1019000000,
    "costAndExpenses": 3268000000,
    "interestIncome": 5000000,
    "interestExpense": 206000000,
    "depreciationAndAmortization": 245000000,
    "ebitda": 1701000000,
    "ebitdaratio": 0.3596954959,
    "operatingIncome": 1461000000,
    "operatingIncomeRatio": 0.3089448086,
    "totalOtherIncomeExpensesNet": -211000000,
    "incomeBeforeTax": 1250000000,
    "incomeBeforeTaxRatio": 0.2643264961,
    "incomeTaxExpense": 268000000,
    "netIncome": 965000000,
    "netIncomeRatio": 0.204060055,
    "eps": 4.46,
    "epsdiluted": 4.43,
    "weightedAverageShsOut": 216400000,
    "weightedAverageShsOutDil": 217900000,
    "link": "https://www.sec.gov/Archives/edgar/data/315293/000162828025019927/0001628280-25-019927-index.htm",
    "finalLink": "https://www.sec.gov/Archives/edgar/data/315293/000162828025019927/aon-20250331.htm"
  },
  {
    "date": "2024-12-31",
    "symbol": "AON",
    "reportedCurrency": "USD",
    "cik": "0000315293",
    "fillingDate": "2025-02-18",
    "acceptedDate": "2025-02-18 16:47:00",
    "calendarYear": "2024",
    "period": "Q4",
    "revenue": 4147000000,
    "costOfRevenue": 2120000000,
    "grossProfit": 2027000000,
    "grossProfitRatio": 0.488787075,
    "researchAndDevelopmentExpenses": 0,
    "generalAndAdministrativeExpenses": 506000000,
    "sellingAndMarketingExpenses": 0,
    "sellingGeneralAndAdministrativeExpenses": 506000000,
    "otherExpenses": 430000000,
    "operatingExpenses": 936000000,
    "costAndExpenses": 3056000000,
    "interestIncome": 4000000,
    "interestExpense": 206000000,
    "depreciationAndAmortization": 232000000,
    "ebitda": 1329000000,
    "ebitdaratio": 0.3204726308,
    "operatingIncome": 1091000000,
    "operatingIncomeRatio": 0.2630817458,
    "totalOtherIncomeExpensesNet": -200000000,
    "incomeBeforeTax": 891000000,
    "incomeBeforeTaxRatio": 0.2148541114,
    "incomeTaxExpense": 157000000,
    "netIncome": 716000000,
    "netIncomeRatio": 0.1726549313,
    "eps": 3.31,
    "epsdiluted": 3.28,
    "weightedAverageShsOut": 216600000,
    "weightedAverageShsOutDil": 218300000,
    "link": "https://www.sec.gov/Archives/edgar/data/315293/000162828025006093/0001628280-25-006093-index.htm",
    "finalLink": "https://www.sec.gov/Archives/edgar/data/315293/000162828025006093/aon-20241231.htm"
  },
  {
    "date": "2024-09-30",
    "symbol": "AON",
    "reportedCurrency": "USD",
    "cik": "0000315293",
    "fillingDate": "2024-10-25",
    "acceptedDate": "2024-10-25 16:05:01",
    "calendarYear": "2024",
    "period": "Q3",
    "revenue": 3721000000,
    "costOfRevenue": 2150000000,
    "grossProfit": 1571000000,
    "grossProfitRatio": 0.4221983338,
    "researchAndDevelopmentExpenses": 0,
    "generalAndAdministrativeExpenses": 531000000,
    "sellingAndMarketingExpenses": 0,
    "sellingGeneralAndAdministrativeExpenses": 531000000,
    "otherExpenses": 417000000,
    "operatingExpenses": 948000000,
    "costAndExpenses": 3098000000,
    "interestIncome": 4000000,
    "interestExpense": 213000000,
    "depreciationAndAmortization": 221000000,
    "ebitda": 883000000,
    "ebitdaratio": 0.2373018006,
    "operatingIncome": 623000000,
    "operatingIncomeRatio": 0.1674281107,
    "totalOtherIncomeExpensesNet": -174000000,
    "incomeBeforeTax": 449000000,
    "incomeBeforeTaxRatio": 0.1206664875,
    "incomeTaxExpense": 94000000,
    "netIncome": 343000000,
    "netIncomeRatio": 0.0921795216,
    "eps": 1.58,
    "epsdiluted": 1.57,
    "weightedAverageShsOut": 217400000,
    "weightedAverageShsOutDil": 218400000,
    "link": "https://www.sec.gov/Archives/edgar/data/315293/000162828024043809/0001628280-24-043809-index.htm",
    "finalLink": "https://www.sec.gov/Archives/edgar/data/315293/000162828024043809/aon-20240930.htm"
  },
  {
    "date": "2024-06-30",
    "symbol": "AON",
    "reportedCurrency": "USD",
    "cik": "0000315293",
    "fillingDate": "2024-07-26",
    "acceptedDate": "2024-07-26 16:22:37",
    "calendarYear": "2024",
    "period": "Q2",
    "revenue": 3760000000,
    "costOfRevenue": 2130000000,
    "grossProfit": 1630000000,
    "grossProfitRatio": 0.4335106383,
    "researchAndDevelopmentExpenses": 0,
    "generalAndAdministrativeExpenses": 548000000,
    "sellingAndMarketingExpenses": 0,
    "sellingGeneralAndAdministrativeExpenses": 548000000,
    "otherExpenses": 426000000,
    "operatingExpenses": 974000000,
    "costAndExpenses": 3104000000,
    "interestIncome": 31000000,
    "interestExpense": 225000000,
    "depreciationAndAmortization": 173000000,
    "ebitda": 1096000000,
    "ebitdaratio": 0.2914893617,
    "operatingIncome": 656000000,
    "operatingIncomeRatio": 0.1744680851,
    "totalOtherIncomeExpensesNet": 42000000,
    "incomeBeforeTax": 698000000,
    "incomeBeforeTaxRatio": 0.1856382979,
    "incomeTaxExpense": 160000000,
    "netIncome": 524000000,
    "netIncomeRatio": 0.1393617021,
    "eps": 2.47,
    "epsdiluted": 2.46,
    "weightedAverageShsOut": 212500000,
    "weightedAverageShsOutDil": 213300000,
    "link": "https://www.sec.gov/Archives/edgar/data/315293/000162828024033161/0001628280-24-033161-index.htm",
    "finalLink": "https://www.sec.gov/Archives/edgar/data/315293/000162828024033161/aon-20240630.htm"
  },
  {
    "date": "2024-03-31",
    "symbol": "AON",
    "reportedCurrency": "USD",
    "cik": "0000315293",
    "fillingDate": "2024-04-26",
    "acceptedDate": "2024-04-26 16:09:07",
    "calendarYear": "2024",
    "period": "Q1",
    "revenue": 4070000000,
    "costOfRevenue": 1883000000,
    "grossProfit": 2187000000,
    "grossProfitRatio": 0.5373464373,
    "researchAndDevelopmentExpenses": 0,
    "generalAndAdministrativeExpenses": 429000000,
    "sellingAndMarketingExpenses": 0,
    "sellingGeneralAndAdministrativeExpenses": 429000000,
    "otherExpenses": 293000000,
    "operatingExpenses": 722000000,
    "costAndExpenses": 2605000000,
    "interestIncome": 28000000,
    "interestExpense": 144000000,
    "depreciationAndAmortization": 60000000,
    "ebitda": 1628000000,
    "ebitdaratio": 0.4,
    "operatingIncome": 1465000000,
    "operatingIncomeRatio": 0.35995086,
    "totalOtherIncomeExpensesNet": -41000000,
    "incomeBeforeTax": 1424000000,
    "incomeBeforeTaxRatio": 0.3498771499,
    "incomeTaxExpense": 331000000,
    "netIncome": 1071000000,
    "netIncomeRatio": 0.2631449631,
    "eps": 5.38,
    "epsdiluted": 5.35,
    "weightedAverageShsOut": 199100000,
    "weightedAverageShsOutDil": 200100000,
    "link": "https://www.sec.gov/Archives/edgar/data/315293/000162828024018649/0001628280-24-018649-index.htm",
    "finalLink": "https://www.sec.gov/Archives/edgar/data/315293/000162828024018649/aon-20240331.htm"
  },
  {
    "date": "2023-12-31",
    "symbol": "AON",
    "reportedCurrency": "USD",
    "cik": "0000315293",
    "fillingDate": "2024-04-17",
    "acceptedDate": "2024-04-17 17:00:21",
    "calendarYear": "2023",
    "period": "Q4",
    "revenue": 3375000000,
    "costOfRevenue": 1671000000,
    "grossProfit": 1704000000,
    "grossProfitRatio": 0.5048888889,
    "researchAndDevelopmentExpenses": 0,
    "generalAndAdministrativeExpenses": 618000000,
    "sellingAndMarketingExpenses": 0,
    "sellingGeneralAndAdministrativeExpenses": 618000000,
    "otherExpenses": 307000000,
    "operatingExpenses": 925000000,
    "costAndExpenses": 2596000000,
    "interestIncome": 12000000,
    "interestExpense": 124000000,
    "depreciationAndAmortization": 67000000,
    "ebitda": 800000000,
    "ebitdaratio": 0.237037037,
    "operatingIncome": 779000000,
    "operatingIncomeRatio": 0.2308148148,
    "totalOtherIncomeExpensesNet": -170000000,
    "incomeBeforeTax": 609000000,
    "incomeBeforeTaxRatio": 0.1804444444,
    "incomeTaxExpense": 102000000,
    "netIncome": 498000000,
    "netIncomeRatio": 0.1475555556,
    "eps": 2.49,
    "epsdiluted": 2.47,
    "weightedAverageShsOut": 200300000,
    "weightedAverageShsOutDil": 202000000,
    "link": "https://www.sec.gov/Archives/edgar/data/315293/000119312524099218/0001193125-24-099218-index.htm",
    "finalLink": "https://www.sec.gov/Archives/edgar/data/315293/000119312524099218/d718867d10ka.htm"
  },
  {
    "date": "2023-09-30",
    "symbol": "AON",
    "reportedCurrency": "USD",
    "cik": "0000315293",
    "fillingDate": "2023-10-27",
    "acceptedDate": "2023-10-27 16:10:19",
    "calendarYear": "2023",
    "period": "Q3",
    "revenue": 2953000000,
    "costOfRevenue": 1685000000,
    "grossProfit": 1268000000,
    "grossProfitRatio": 0.4293938368,
    "researchAndDevelopmentExpenses": 0,
    "generalAndAdministrativeExpenses": 392000000,
    "sellingAndMarketingExpenses": 0,
    "sellingGeneralAndAdministrativeExpenses": 392000000,
    "otherExpenses": 185000000,
    "operatingExpenses": 577000000,
    "costAndExpenses": 2262000000,
    "interestIncome": 9000000,
    "interestExpense": 119000000,
    "depreciationAndAmortization": 62000000,
    "ebitda": 741000000,
    "ebitdaratio": 0.2509312563,
    "operatingIncome": 691000000,
    "operatingIncomeRatio": 0.2339993227,
    "totalOtherIncomeExpensesNet": -131000000,
    "incomeBeforeTax": 560000000,
    "incomeBeforeTaxRatio": 0.1896376566,
    "incomeTaxExpense": 93000000,
    "netIncome": 456000000,
    "netIncomeRatio": 0.1544192347,
    "eps": 2.25,
    "epsdiluted": 2.23,
    "weightedAverageShsOut": 202900000,
    "weightedAverageShsOutDil": 204600000,
    "link": "https://www.sec.gov/Archives/edgar/data/315293/000162828023035412/0001628280-23-035412-index.htm",
    "finalLink": "https://www.sec.gov/Archives/edgar/data/315293/000162828023035412/aon-20230930.htm"
  },
  {
    "date": "2023-06-30",
    "symbol": "AON",
    "reportedCurrency": "USD",
    "cik": "0000315293",
    "fillingDate": "2023-07-28",
    "acceptedDate": "2023-07-28 16:59:31",
    "calendarYear": "2023",
    "period": "Q2",
    "revenue": 3177000000,
    "costOfRevenue": 1754000000,
    "grossProfit": 1423000000,
    "grossProfitRatio": 0.4479068303,
    "researchAndDevelopmentExpenses": 0,
    "generalAndAdministrativeExpenses": 431000000,
    "sellingAndMarketingExpenses": 0,
    "sellingGeneralAndAdministrativeExpenses": 431000000,
    "otherExpenses": 150000000,
    "operatingExpenses": 581000000,
    "costAndExpenses": 2335000000,
    "interestIncome": 5000000,
    "interestExpense": 130000000,
    "depreciationAndAmortization": 64000000,
    "ebitda": 852000000,
    "ebitdaratio": 0.268177526,
    "operatingIncome": 842000000,
    "operatingIncomeRatio": 0.2650299024,
    "totalOtherIncomeExpensesNet": -184000000,
    "incomeBeforeTax": 658000000,
    "incomeBeforeTaxRatio": 0.2071136292,
    "incomeTaxExpense": 83000000,
    "netIncome": 560000000,
    "netIncomeRatio": 0.1762669185,
    "eps": 2.74,
    "epsdiluted": 2.71,
    "weightedAverageShsOut": 204700000,
    "weightedAverageShsOutDil": 206300000,
    "link": "https://www.sec.gov/Archives/edgar/data/315293/000162828023026117/0001628280-23-026117-index.htm",
    "finalLink": "https://www.sec.gov/Archives/edgar/data/315293/000162828023026117/aon-20230630.htm"
  },
  {
    "date": "2023-03-31",
    "symbol": "AON",
    "reportedCurrency": "USD",
    "cik": "0000315293",
    "fillingDate": "2023-04-28",
    "acceptedDate": "2023-04-28 16:13:13",
    "calendarYear": "2023",
    "period": "Q1",
    "revenue": 3871000000,
    "costOfRevenue": 1792000000,
    "grossProfit": 2079000000,
    "grossProfitRatio": 0.5370705244,
    "researchAndDevelopmentExpenses": 0,
    "generalAndAdministrativeExpenses": 421000000,
    "sellingAndMarketingExpenses": 0,
    "sellingGeneralAndAdministrativeExpenses": 421000000,
    "otherExpenses": 185000000,
    "operatingExpenses": 606000000,
    "costAndExpenses": 2398000000,
    "interestIncome": 5000000,
    "interestExpense": 111000000,
    "depreciationAndAmortization": 63000000,
    "ebitda": 1516000000,
    "ebitdaratio": 0.3916300697,
    "operatingIncome": 1473000000,
    "operatingIncomeRatio": 0.380521829,
    "totalOtherIncomeExpensesNet": -131000000,
    "incomeBeforeTax": 1342000000,
    "incomeBeforeTaxRatio": 0.3466804443,
    "incomeTaxExpense": 263000000,
    "netIncome": 1050000000,
    "netIncomeRatio": 0.2712477396,
    "eps": 5.09,
    "epsdiluted": 5.07,
    "weightedAverageShsOut": 206100000,
    "weightedAverageShsOutDil": 207100000,
    "link": "https://www.sec.gov/Archives/edgar/data/315293/000162828023014187/0001628280-23-014187-index.htm",
    "finalLink": "https://www.sec.gov/Archives/edgar/data/315293/000162828023014187/aon-20230331.htm"
  },
  {
    "date": "2022-12-31",
    "symbol": "AON",
    "reportedCurrency": "USD",
    "cik": "0000315293",
    "fillingDate": "2023-02-17",
    "acceptedDate": "2023-02-17 17:07:28",
    "calendarYear": "2022",
    "period": "Q4",
    "revenue": 3130000000,
    "costOfRevenue": 1539000000,
    "grossProfit": 1591000000,
    "grossProfitRatio": 0.5083067093,
    "researchAndDevelopmentExpenses": 0,
    "generalAndAdministrativeExpenses": 549000000,
    "sellingAndMarketingExpenses": 0,
    "sellingGeneralAndAdministrativeExpenses": 549000000,
    "otherExpenses": 30000000,
    "operatingExpenses": 579000000,
    "costAndExpenses": 2118000000,
    "interestIncome": 3000000,
    "interestExpense": 110000000,
    "depreciationAndAmortization": 62000000,
    "ebitda": 881000000,
    "ebitdaratio": 0.2814696486,
    "operatingIncome": 1012000000,
    "operatingIncomeRatio": 0.3233226837,
    "totalOtherIncomeExpensesNet": -303000000,
    "incomeBeforeTax": 709000000,
    "incomeBeforeTaxRatio": 0.2265175719,
    "incomeTaxExpense": 43000000,
    "netIncome": 657000000,
    "netIncomeRatio": 0.2099041534,
    "eps": 3.17,
    "epsdiluted": 3.14,
    "weightedAverageShsOut": 207500000,
    "weightedAverageShsOutDil": 209300000,
    "link": "https://www.sec.gov/Archives/edgar/data/315293/000162828023004087/0001628280-23-004087-index.htm",
    "finalLink": "https://www.sec.gov/Archives/edgar/data/315293/000162828023004087/aon-20221231.htm"
  },
  {
    "date": "2022-09-30",
    "symbol": "AON",
    "reportedCurrency": "USD",
    "cik": "0000315293",
    "fillingDate": "2022-10-28",
    "acceptedDate": "2022-10-28 16:13:13",
    "calendarYear": "2022",
    "period": "Q3",
    "revenue": 2696000000,
    "costOfRevenue": 1532000000,
    "grossProfit": 1164000000,
    "grossProfitRatio": 0.4317507418,
    "researchAndDevelopmentExpenses": 0,
    "generalAndAdministrativeExpenses": 373000000,
    "sellingAndMarketingExpenses": 0,
    "sellingGeneralAndAdministrativeExpenses": 373000000,
    "otherExpenses": 201000000,
    "operatingExpenses": 574000000,
    "costAndExpenses": 2106000000,
    "interestIncome": 7000000,
    "interestExpense": 103000000,
    "depreciationAndAmortization": 71000000,
    "ebitda": 684000000,
    "ebitdaratio": 0.2537091988,
    "operatingIncome": 590000000,
    "operatingIncomeRatio": 0.21884273,
    "totalOtherIncomeExpensesNet": -80000000,
    "incomeBeforeTax": 510000000,
    "incomeBeforeTaxRatio": 0.1891691395,
    "incomeTaxExpense": 92000000,
    "netIncome": 408000000,
    "netIncomeRatio": 0.1513353116,
    "eps": 1.93,
    "epsdiluted": 1.92,
    "weightedAverageShsOut": 210900000,
    "weightedAverageShsOutDil": 212600000,
    "link": "https://www.sec.gov/Archives/edgar/data/315293/000162828022027307/0001628280-22-027307-index.htm",
    "finalLink": "https://www.sec.gov/Archives/edgar/data/315293/000162828022027307/aon-20220930.htm"
  },
  {
    "date": "2022-06-30",
    "symbol": "AON",
    "reportedCurrency": "USD",
    "cik": "0000315293",
    "fillingDate": "2022-07-29",
    "acceptedDate": "2022-07-29 16:06:33",
    "calendarYear": "2022",
    "period": "Q2",
    "revenue": 2983000000,
    "costOfRevenue": 1639000000,
    "grossProfit": 1344000000,
    "grossProfitRatio": 0.4505531344,
    "researchAndDevelopmentExpenses": 0,
    "generalAndAdministrativeExpenses": 467000000,
    "sellingAndMarketingExpenses": 0,
    "sellingGeneralAndAdministrativeExpenses": 467000000,
    "otherExpenses": 177000000,
    "operatingExpenses": 644000000,
    "costAndExpenses": 2283000000,
    "interestIncome": 5000000,
    "interestExpense": 102000000,
    "depreciationAndAmortization": 65000000,
    "ebitda": 800000000,
    "ebitdaratio": 0.2681863895,
    "operatingIncome": 700000000,
    "operatingIncomeRatio": 0.2346630908,
    "totalOtherIncomeExpensesNet": -67000000,
    "incomeBeforeTax": 633000000,
    "incomeBeforeTaxRatio": 0.2122024807,
    "incomeTaxExpense": 119000000,
    "netIncome": 501000000,
    "netIncomeRatio": 0.1679517264,
    "eps": 2.35,
    "epsdiluted": 2.33,
    "weightedAverageShsOut": 213300000,
    "weightedAverageShsOutDil": 214700000,
    "link": "https://www.sec.gov/Archives/edgar/data/315293/000162828022019828/0001628280-22-019828-index.htm",
    "finalLink": "https://www.sec.gov/Archives/edgar/data/315293/000162828022019828/aon-20220630.htm"
  },
  {
    "date": "2022-03-31",
    "symbol": "AON",
    "reportedCurrency": "USD",
    "cik": "0000315293",
    "fillingDate": "2022-04-29",
    "acceptedDate": "2022-04-29 16:08:58",
    "calendarYear": "2022",
    "period": "Q1",
    "revenue": 3670000000,
    "costOfRevenue": 1767000000,
    "grossProfit": 1903000000,
    "grossProfitRatio": 0.5185286104,
    "researchAndDevelopmentExpenses": 0,
    "generalAndAdministrativeExpenses": 350000000,
    "sellingAndMarketingExpenses": 0,
    "sellingGeneralAndAdministrativeExpenses": 350000000,
    "otherExpenses": 186000000,
    "operatingExpenses": 536000000,
    "costAndExpenses": 2303000000,
    "interestIncome": 3000000,
    "interestExpense": 91000000,
    "depreciationAndAmortization": 66000000,
    "ebitda": 1461000000,
    "ebitdaratio": 0.3980926431,
    "operatingIncome": 1367000000,
    "operatingIncomeRatio": 0.372479564,
    "totalOtherIncomeExpensesNet": -63000000,
    "incomeBeforeTax": 1304000000,
    "incomeBeforeTaxRatio": 0.3553133515,
    "incomeTaxExpense": 256000000,
    "netIncome": 1023000000,
    "netIncomeRatio": 0.278746594,
    "eps": 4.75,
    "epsdiluted": 4.73,
    "weightedAverageShsOut": 215300000,
    "weightedAverageShsOutDil": 216400000,
    "link": "https://www.sec.gov/Archives/edgar/data/315293/000162828022011520/0001628280-22-011520-index.htm",
    "finalLink": "https://www.sec.gov/Archives/edgar/data/315293/000162828022011520/aon-20220331.htm"
  },
  {
    "date": "2021-12-31",
    "symbol": "AON",
    "reportedCurrency": "USD",
    "cik": "0000315293",
    "fillingDate": "2022-02-18",
    "acceptedDate": "2022-02-18 16:07:56",
    "calendarYear": "2021",
    "period": "Q4",
    "revenue": 3080000000,
    "costOfRevenue": 1556000000,
    "grossProfit": 1524000000,
    "grossProfitRatio": 0.4948051948,
    "researchAndDevelopmentExpenses": 0,
    "generalAndAdministrativeExpenses": 335000000,
    "sellingAndMarketingExpenses": 0,
    "sellingGeneralAndAdministrativeExpenses": 335000000,
    "otherExpenses": 215000000,
    "operatingExpenses": 550000000,
    "costAndExpenses": 2106000000,
    "interestIncome": 2000000,
    "interestExpense": 85000000,
    "depreciationAndAmortization": 76000000,
    "ebitda": 1197000000,
    "ebitdaratio": 0.3886363636,
    "operatingIncome": 974000000,
    "operatingIncomeRatio": 0.3162337662,
    "totalOtherIncomeExpensesNet": 62000000,
    "incomeBeforeTax": 1036000000,
    "incomeBeforeTaxRatio": 0.3363636364,
    "incomeTaxExpense": 163000000,
    "netIncome": 863000000,
    "netIncomeRatio": 0.2801948052,
    "eps": 3.94,
    "epsdiluted": 3.9,
    "weightedAverageShsOut": 219300000,
    "weightedAverageShsOutDil": 221200000,
    "link": "https://www.sec.gov/Archives/edgar/data/315293/000162828022003180/0001628280-22-003180-index.htm",
    "finalLink": "https://www.sec.gov/Archives/edgar/data/315293/000162828022003180/aon-20211231.htm"
  },
  {
    "date": "2021-09-30",
    "symbol": "AON",
    "reportedCurrency": "USD",
    "cik": "0000315293",
    "fillingDate": "2021-10-29",
    "acceptedDate": "2021-10-29 16:14:10",
    "calendarYear": "2021",
    "period": "Q3",
    "revenue": 2702000000,
    "costOfRevenue": 1835000000,
    "grossProfit": 867000000,
    "grossProfitRatio": 0.3208734271,
    "researchAndDevelopmentExpenses": 0,
    "generalAndAdministrativeExpenses": 1446000000,
    "sellingAndMarketingExpenses": 0,
    "sellingGeneralAndAdministrativeExpenses": 1446000000,
    "otherExpenses": 222000000,
    "operatingExpenses": 1668000000,
    "costAndExpenses": 3503000000,
    "interestIncome": 3000000,
    "interestExpense": 80000000,
    "depreciationAndAmortization": 92000000,
    "ebitda": -696000000,
    "ebitdaratio": -0.2575869726,
    "operatingIncome": -801000000,
    "operatingIncomeRatio": -0.2964470762,
    "totalOtherIncomeExpensesNet": -67000000,
    "incomeBeforeTax": -868000000,
    "incomeBeforeTaxRatio": -0.3212435233,
    "incomeTaxExpense": 23000000,
    "netIncome": -900000000,
    "netIncomeRatio": -0.3330866025,
    "eps": -3.99,
    "epsdiluted": -3.99,
    "weightedAverageShsOut": 225400000,
    "weightedAverageShsOutDil": 225400000,
    "link": "https://www.sec.gov/Archives/edgar/data/315293/000162828021020852/0001628280-21-020852-index.htm",
    "finalLink": "https://www.sec.gov/Archives/edgar/data/315293/000162828021020852/aon-20210930.htm"
  },
  {
    "date": "2021-06-30",
    "symbol": "AON",
    "reportedCurrency": "USD",
    "cik": "0000315293",
    "fillingDate": "2021-07-30",
    "acceptedDate": "2021-07-30 16:33:19",
    "calendarYear": "2021",
    "period": "Q2",
    "revenue": 2886000000,
    "costOfRevenue": 1628000000,
    "grossProfit": 1258000000,
    "grossProfitRatio": 0.4358974359,
    "researchAndDevelopmentExpenses": 0,
    "generalAndAdministrativeExpenses": 394000000,
    "sellingAndMarketingExpenses": 0,
    "sellingGeneralAndAdministrativeExpenses": 394000000,
    "otherExpenses": 192000000,
    "operatingExpenses": 586000000,
    "costAndExpenses": 2214000000,
    "interestIncome": 3000000,
    "interestExpense": 78000000,
    "depreciationAndAmortization": 77000000,
    "ebitda": 751000000,
    "ebitdaratio": 0.2602217602,
    "operatingIncome": 672000000,
    "operatingIncomeRatio": 0.2328482328,
    "totalOtherIncomeExpensesNet": -76000000,
    "incomeBeforeTax": 596000000,
    "incomeBeforeTaxRatio": 0.2065142065,
    "incomeTaxExpense": 203000000,
    "netIncome": 379000000,
    "netIncomeRatio": 0.1313236313,
    "eps": 1.67,
    "epsdiluted": 1.66,
    "weightedAverageShsOut": 227000000,
    "weightedAverageShsOutDil": 228000000,
    "link": "https://www.sec.gov/Archives/edgar/data/315293/000162828021015069/0001628280-21-015069-index.htm",
    "finalLink": "https://www.sec.gov/Archives/edgar/data/315293/000162828021015069/aon-20210630.htm"
  },
  {
    "date": "2021-03-31",
    "symbol": "AON",
    "reportedCurrency": "USD",
    "cik": "0000315293",
    "fillingDate": "2021-04-30",
    "acceptedDate": "2021-04-30 16:07:18",
    "calendarYear": "2021",
    "period": "Q1",
    "revenue": 3525000000,
    "costOfRevenue": 1719000000,
    "grossProfit": 1806000000,
    "grossProfitRatio": 0.5123404255,
    "researchAndDevelopmentExpenses": 0,
    "generalAndAdministrativeExpenses": 366000000,
    "sellingAndMarketingExpenses": 0,
    "sellingGeneralAndAdministrativeExpenses": 366000000,
    "otherExpenses": 195000000,
    "operatingExpenses": 561000000,
    "costAndExpenses": 2280000000,
    "interestIncome": 3000000,
    "interestExpense": 79000000,
    "depreciationAndAmortization": 81000000,
    "ebitda": 1327000000,
    "ebitdaratio": 0.3764539007,
    "operatingIncome": 1245000000,
    "operatingIncomeRatio": 0.3531914894,
    "totalOtherIncomeExpensesNet": -78000000,
    "incomeBeforeTax": 1167000000,
    "incomeBeforeTaxRatio": 0.3310638298,
    "incomeTaxExpense": 234000000,
    "netIncome": 913000000,
    "netIncomeRatio": 0.2590070922,
    "eps": 4.02,
    "epsdiluted": 4,
    "weightedAverageShsOut": 227100000,
    "weightedAverageShsOutDil": 228100000,
    "link": "https://www.sec.gov/Archives/edgar/data/315293/000162828021008451/0001628280-21-008451-index.htm",
    "finalLink": "https://www.sec.gov/Archives/edgar/data/315293/000162828021008451/aon-20210331.htm"
  },
  {
    "date": "2020-12-31",
    "symbol": "AON",
    "reportedCurrency": "USD",
    "cik": "0000315293",
    "fillingDate": "2021-02-19",
    "acceptedDate": "2021-02-19 16:59:44",
    "calendarYear": "2020",
    "period": "Q4",
    "revenue": 2965000000,
    "costOfRevenue": 1635000000,
    "grossProfit": 1330000000,
    "grossProfitRatio": 0.4485666105,
    "researchAndDevelopmentExpenses": 0,
    "generalAndAdministrativeExpenses": 401000000,
    "sellingAndMarketingExpenses": 0,
    "sellingGeneralAndAdministrativeExpenses": 401000000,
    "otherExpenses": 216000000,
    "operatingExpenses": 617000000,
    "costAndExpenses": 2252000000,
    "interestIncome": 1000000,
    "interestExpense": 82000000,
    "depreciationAndAmortization": 84000000,
    "ebitda": 792000000,
    "ebitdaratio": 0.2671163575,
    "operatingIncome": 713000000,
    "operatingIncomeRatio": 0.2404721754,
    "totalOtherIncomeExpensesNet": -87000000,
    "incomeBeforeTax": 626000000,
    "incomeBeforeTaxRatio": 0.2111298482,
    "incomeTaxExpense": 92000000,
    "netIncome": 524000000,
    "netIncomeRatio": 0.1767284992,
    "eps": 2.29,
    "epsdiluted": 2.27,
    "weightedAverageShsOut": 229200000,
    "weightedAverageShsOutDil": 230900000,
    "link": "https://www.sec.gov/Archives/edgar/data/315293/000162828021002574/0001628280-21-002574-index.htm",
    "finalLink": "https://www.sec.gov/Archives/edgar/data/315293/000162828021002574/aon-20201231.htm"
  },
  {
    "date": "2020-09-30",
    "symbol": "AON",
    "reportedCurrency": "USD",
    "cik": "0000315293",
    "fillingDate": "2020-10-30",
    "acceptedDate": "2020-10-30 16:30:42",
    "calendarYear": "2020",
    "period": "Q3",
    "revenue": 2385000000,
    "costOfRevenue": 1387000000,
    "grossProfit": 998000000,
    "grossProfitRatio": 0.4184486373,
    "researchAndDevelopmentExpenses": 0,
    "generalAndAdministrativeExpenses": 358000000,
    "sellingAndMarketingExpenses": 0,
    "sellingGeneralAndAdministrativeExpenses": 358000000,
    "otherExpenses": 199000000,
    "operatingExpenses": 557000000,
    "costAndExpenses": 1944000000,
    "interestIncome": 3000000,
    "interestExpense": 80000000,
    "depreciationAndAmortization": 92000000,
    "ebitda": 536000000,
    "ebitdaratio": 0.2247379455,
    "operatingIncome": 441000000,
    "operatingIncomeRatio": 0.1849056604,
    "totalOtherIncomeExpensesNet": -77000000,
    "incomeBeforeTax": 364000000,
    "incomeBeforeTaxRatio": 0.1526205451,
    "incomeTaxExpense": 82000000,
    "netIncome": 275000000,
    "netIncomeRatio": 0.1153039832,
    "eps": 1.18,
    "epsdiluted": 1.18,
    "weightedAverageShsOut": 232600000,
    "weightedAverageShsOutDil": 233500000,
    "link": "https://www.sec.gov/Archives/edgar/data/315293/000162828020015165/0001628280-20-015165-index.htm",
    "finalLink": "https://www.sec.gov/Archives/edgar/data/315293/000162828020015165/aon-20200930.htm"
  },
  {
    "date": "2020-06-30",
    "symbol": "AON",
    "reportedCurrency": "USD",
    "cik": "0000315293",
    "fillingDate": "2020-07-31",
    "acceptedDate": "2020-07-31 16:08:15",
    "calendarYear": "2020",
    "period": "Q2",
    "revenue": 2497000000,
    "costOfRevenue": 1361000000,
    "grossProfit": 1136000000,
    "grossProfitRatio": 0.4549459351,
    "researchAndDevelopmentExpenses": 0,
    "generalAndAdministrativeExpenses": 336000000,
    "sellingAndMarketingExpenses": 0,
    "sellingGeneralAndAdministrativeExpenses": 336000000,
    "otherExpenses": 206000000,
    "operatingExpenses": 542000000,
    "costAndExpenses": 1903000000,
    "interestIncome": 0,
    "interestExpense": 89000000,
    "depreciationAndAmortization": 99000000,
    "ebitda": 684000000,
    "ebitdaratio": 0.2739287145,
    "operatingIncome": 594000000,
    "operatingIncomeRatio": 0.2378854626,
    "totalOtherIncomeExpensesNet": -98000000,
    "incomeBeforeTax": 496000000,
    "incomeBeforeTaxRatio": 0.198638366,
    "incomeTaxExpense": 85000000,
    "netIncome": 398000000,
    "netIncomeRatio": 0.1593912695,
    "eps": 1.71,
    "epsdiluted": 1.7,
    "weightedAverageShsOut": 232700000,
    "weightedAverageShsOutDil": 233600000,
    "link": "https://www.sec.gov/Archives/edgar/data/315293/000162828020011354/0001628280-20-011354-index.htm",
    "finalLink": "https://www.sec.gov/Archives/edgar/data/315293/000162828020011354/aon-20200630.htm"
  },
  {
    "date": "2020-03-31",
    "symbol": "AON",
    "reportedCurrency": "USD",
    "cik": "0000315293",
    "fillingDate": "2020-05-01",
    "acceptedDate": "2020-05-01 16:48:14",
    "calendarYear": "2020",
    "period": "Q1",
    "revenue": 3219000000,
    "costOfRevenue": 1522000000,
    "grossProfit": 1697000000,
    "grossProfitRatio": 0.5271823548,
    "researchAndDevelopmentExpenses": 0,
    "generalAndAdministrativeExpenses": 415000000,
    "sellingAndMarketingExpenses": 0,
    "sellingGeneralAndAdministrativeExpenses": 415000000,
    "otherExpenses": 249000000,
    "operatingExpenses": 664000000,
    "costAndExpenses": 2186000000,
    "interestIncome": 2000000,
    "interestExpense": 83000000,
    "depreciationAndAmortization": 138000000,
    "ebitda": 1201000000,
    "ebitdaratio": 0.3730972352,
    "operatingIncome": 1033000000,
    "operatingIncomeRatio": 0.320907114,
    "totalOtherIncomeExpensesNet": -53000000,
    "incomeBeforeTax": 980000000,
    "incomeBeforeTaxRatio": 0.3044423734,
    "incomeTaxExpense": 189000000,
    "netIncome": 772000000,
    "netIncomeRatio": 0.2398260329,
    "eps": 3.31,
    "epsdiluted": 3.29,
    "weightedAverageShsOut": 233200000,
    "weightedAverageShsOutDil": 234500000,
    "link": "https://www.sec.gov/Archives/edgar/data/315293/000162828020006142/0001628280-20-006142-index.htm",
    "finalLink": "https://www.sec.gov/Archives/edgar/data/315293/000162828020006142/q12020aonplc.htm"
  },
  {
    "date": "2019-12-31",
    "symbol": "AON",
    "reportedCurrency": "USD",
    "cik": "0000315293",
    "fillingDate": "2020-02-14",
    "acceptedDate": "2020-02-14 16:40:54",
    "calendarYear": "2019",
    "period": "Q4",
    "revenue": 2885000000,
    "costOfRevenue": 1601000000,
    "grossProfit": 1284000000,
    "grossProfitRatio": 0.4450606586,
    "researchAndDevelopmentExpenses": 0,
    "generalAndAdministrativeExpenses": 475000000,
    "sellingAndMarketingExpenses": 0,
    "sellingGeneralAndAdministrativeExpenses": 475000000,
    "otherExpenses": 285000000,
    "operatingExpenses": 760000000,
    "costAndExpenses": 2361000000,
    "interestIncome": 4000000,
    "interestExpense": 80000000,
    "depreciationAndAmortization": 145000000,
    "ebitda": 666000000,
    "ebitdaratio": 0.2308492201,
    "operatingIncome": 524000000,
    "operatingIncomeRatio": 0.1816291161,
    "totalOtherIncomeExpensesNet": -83000000,
    "incomeBeforeTax": 441000000,
    "incomeBeforeTaxRatio": 0.1528596187,
    "incomeTaxExpense": 59000000,
    "netIncome": 374000000,
    "netIncomeRatio": 0.1296360485,
    "eps": 1.59,
    "epsdiluted": 1.58,
    "weightedAverageShsOut": 234700000,
    "weightedAverageShsOutDil": 237000000,
    "link": "https://www.sec.gov/Archives/edgar/data/315293/000162828020001607/0001628280-20-001607-index.htm",
    "finalLink": "https://www.sec.gov/Archives/edgar/data/315293/000162828020001607/aonplc201910-k.htm"
  },
  {
    "date": "2019-09-30",
    "symbol": "AON",
    "reportedCurrency": "USD",
    "cik": "0000315293",
    "fillingDate": "2019-10-25",
    "acceptedDate": "2019-10-25 16:34:48",
    "calendarYear": "2019",
    "period": "Q3",
    "revenue": 2379000000,
    "costOfRevenue": 1368000000,
    "grossProfit": 1011000000,
    "grossProfitRatio": 0.4249684741,
    "researchAndDevelopmentExpenses": 0,
    "generalAndAdministrativeExpenses": 386000000,
    "sellingAndMarketingExpenses": 0,
    "sellingGeneralAndAdministrativeExpenses": 386000000,
    "otherExpenses": 265000000,
    "operatingExpenses": 651000000,
    "costAndExpenses": 2019000000,
    "interestIncome": 1000000,
    "interestExpense": 78000000,
    "depreciationAndAmortization": 145000000,
    "ebitda": 508000000,
    "ebitdaratio": 0.2135350988,
    "operatingIncome": 360000000,
    "operatingIncomeRatio": 0.1513240858,
    "totalOtherIncomeExpensesNet": -75000000,
    "incomeBeforeTax": 285000000,
    "incomeBeforeTaxRatio": 0.1197982346,
    "incomeTaxExpense": 56000000,
    "netIncome": 222000000,
    "netIncomeRatio": 0.0933165195,
    "eps": 0.94,
    "epsdiluted": 0.93,
    "weightedAverageShsOut": 236900000,
    "weightedAverageShsOutDil": 239100000,
    "link": "https://www.sec.gov/Archives/edgar/data/315293/000162828019012581/0001628280-19-012581-index.htm",
    "finalLink": "https://www.sec.gov/Archives/edgar/data/315293/000162828019012581/q32019aonplc.htm"
  },
  {
    "date": "2019-06-30",
    "symbol": "AON",
    "reportedCurrency": "USD",
    "cik": "0000315293",
    "fillingDate": "2019-07-26",
    "acceptedDate": "2019-07-26 16:27:21",
    "calendarYear": "2019",
    "period": "Q2",
    "revenue": 2606000000,
    "costOfRevenue": 1501000000,
    "grossProfit": 1105000000,
    "grossProfitRatio": 0.4240214889,
    "researchAndDevelopmentExpenses": 0,
    "generalAndAdministrativeExpenses": 429000000,
    "sellingAndMarketingExpenses": 0,
    "sellingGeneralAndAdministrativeExpenses": 429000000,
    "otherExpenses": 263000000,
    "operatingExpenses": 692000000,
    "costAndExpenses": 2193000000,
    "interestIncome": 1000000,
    "interestExpense": 77000000,
    "depreciationAndAmortization": 137000000,
    "ebitda": 557000000,
    "ebitdaratio": 0.2137375288,
    "operatingIncome": 413000000,
    "operatingIncomeRatio": 0.1584804298,
    "totalOtherIncomeExpensesNet": -70000000,
    "incomeBeforeTax": 343000000,
    "incomeBeforeTaxRatio": 0.13161934,
    "incomeTaxExpense": 56000000,
    "netIncome": 277000000,
    "netIncomeRatio": 0.1062931696,
    "eps": 1.15,
    "epsdiluted": 1.14,
    "weightedAverageShsOut": 240600000,
    "weightedAverageShsOutDil": 242800000,
    "link": "https://www.sec.gov/Archives/edgar/data/315293/000162828019009103/0001628280-19-009103-index.htm",
    "finalLink": "https://www.sec.gov/Archives/edgar/data/315293/000162828019009103/q22019aonplc.htm"
  },
  {
    "date": "2019-03-31",
    "symbol": "AON",
    "reportedCurrency": "USD",
    "cik": "0000315293",
    "fillingDate": "2019-04-26",
    "acceptedDate": "2019-04-26 16:32:15",
    "calendarYear": "2019",
    "period": "Q1",
    "revenue": 3143000000,
    "costOfRevenue": 1584000000,
    "grossProfit": 1559000000,
    "grossProfitRatio": 0.496022908,
    "researchAndDevelopmentExpenses": 0,
    "generalAndAdministrativeExpenses": 433000000,
    "sellingAndMarketingExpenses": 0,
    "sellingGeneralAndAdministrativeExpenses": 433000000,
    "otherExpenses": 254000000,
    "operatingExpenses": 687000000,
    "costAndExpenses": 2271000000,
    "interestIncome": 2000000,
    "interestExpense": 72000000,
    "depreciationAndAmortization": 137000000,
    "ebitda": 1011000000,
    "ebitdaratio": 0.3216671969,
    "operatingIncome": 872000000,
    "operatingIncomeRatio": 0.2774419345,
    "totalOtherIncomeExpensesNet": -70000000,
    "incomeBeforeTax": 802000000,
    "incomeBeforeTaxRatio": 0.2551702195,
    "incomeTaxExpense": 126000000,
    "netIncome": 659000000,
    "netIncomeRatio": 0.2096722876,
    "eps": 2.72,
    "epsdiluted": 2.7,
    "weightedAverageShsOut": 242200000,
    "weightedAverageShsOutDil": 243700000,
    "link": "https://www.sec.gov/Archives/edgar/data/315293/000162828019004829/0001628280-19-004829-index.htm",
    "finalLink": "https://www.sec.gov/Archives/edgar/data/315293/000162828019004829/q12019aonplc.htm"
  },
  {
    "date": "2018-12-31",
    "symbol": "AON",
    "reportedCurrency": "USD",
    "cik": "0000315293",
    "fillingDate": "2019-02-19",
    "acceptedDate": "2019-02-19 17:09:03",
    "calendarYear": "2018",
    "period": "Q4",
    "revenue": 2770000000,
    "costOfRevenue": 1601000000,
    "grossProfit": 1169000000,
    "grossProfitRatio": 0.4220216606,
    "researchAndDevelopmentExpenses": 0,
    "generalAndAdministrativeExpenses": 397000000,
    "sellingAndMarketingExpenses": 0,
    "sellingGeneralAndAdministrativeExpenses": 397000000,
    "otherExpenses": 273000000,
    "operatingExpenses": 670000000,
    "costAndExpenses": 2271000000,
    "interestIncome": 0,
    "interestExpense": 70000000,
    "depreciationAndAmortization": 151000000,
    "ebitda": 642000000,
    "ebitdaratio": 0.2317689531,
    "operatingIncome": 499000000,
    "operatingIncomeRatio": 0.1801444043,
    "totalOtherIncomeExpensesNet": -78000000,
    "incomeBeforeTax": 421000000,
    "incomeBeforeTaxRatio": 0.1519855596,
    "incomeTaxExpense": 137000000,
    "netIncome": 345000000,
    "netIncomeRatio": 0.1245487365,
    "eps": 1.42,
    "epsdiluted": 1.41,
    "weightedAverageShsOut": 242400000,
    "weightedAverageShsOutDil": 245000000,
    "link": "https://www.sec.gov/Archives/edgar/data/315293/000162828019001558/0001628280-19-001558-index.htm",
    "finalLink": "https://www.sec.gov/Archives/edgar/data/315293/000162828019001558/aonplc201810-k.htm"
  },
  {
    "date": "2018-09-30",
    "symbol": "AON",
    "reportedCurrency": "USD",
    "cik": "0000315293",
    "fillingDate": "2018-10-26",
    "acceptedDate": "2018-10-26 16:27:13",
    "calendarYear": "2018",
    "period": "Q3",
    "revenue": 2349000000,
    "costOfRevenue": 1392000000,
    "grossProfit": 957000000,
    "grossProfitRatio": 0.4074074074,
    "researchAndDevelopmentExpenses": 0,
    "generalAndAdministrativeExpenses": 430000000,
    "sellingAndMarketingExpenses": 0,
    "sellingGeneralAndAdministrativeExpenses": 430000000,
    "otherExpenses": 265000000,
    "operatingExpenses": 695000000,
    "costAndExpenses": 2087000000,
    "interestIncome": 0,
    "interestExpense": 69000000,
    "depreciationAndAmortization": 140000000,
    "ebitda": 403000000,
    "ebitdaratio": 0.171562367,
    "operatingIncome": 262000000,
    "operatingIncomeRatio": 0.1115368242,
    "totalOtherIncomeExpensesNet": -68000000,
    "incomeBeforeTax": 194000000,
    "incomeBeforeTaxRatio": 0.0825883355,
    "incomeTaxExpense": 39000000,
    "netIncome": 147000000,
    "netIncomeRatio": 0.0625798212,
    "eps": 0.6,
    "epsdiluted": 0.6,
    "weightedAverageShsOut": 244000000,
    "weightedAverageShsOutDil": 245600000,
    "link": "https://www.sec.gov/Archives/edgar/data/315293/000162828018012970/0001628280-18-012970-index.htm",
    "finalLink": "https://www.sec.gov/Archives/edgar/data/315293/000162828018012970/q32018aonplc.htm"
  },
  {
    "date": "2018-06-30",
    "symbol": "AON",
    "reportedCurrency": "USD",
    "cik": "0000315293",
    "fillingDate": "2018-07-27",
    "acceptedDate": "2018-07-27 16:36:37",
    "calendarYear": "2018",
    "period": "Q2",
    "revenue": 2561000000,
    "costOfRevenue": 1494000000,
    "grossProfit": 1067000000,
    "grossProfitRatio": 0.4166341273,
    "researchAndDevelopmentExpenses": 0,
    "generalAndAdministrativeExpenses": 638000000,
    "sellingAndMarketingExpenses": 0,
    "sellingGeneralAndAdministrativeExpenses": 638000000,
    "otherExpenses": 445000000,
    "operatingExpenses": 1083000000,
    "costAndExpenses": 2577000000,
    "interestIncome": 1000000,
    "interestExpense": 69000000,
    "depreciationAndAmortization": 329000000,
    "ebitda": 311000000,
    "ebitdaratio": 0.1214369387,
    "operatingIncome": -16000000,
    "operatingIncomeRatio": -0.0062475595,
    "totalOtherIncomeExpensesNet": -71000000,
    "incomeBeforeTax": -87000000,
    "incomeBeforeTaxRatio": -0.033971105,
    "incomeTaxExpense": -144000000,
    "netIncome": 48000000,
    "netIncomeRatio": 0.0187426786,
    "eps": 0.2,
    "epsdiluted": 0.19,
    "weightedAverageShsOut": 246000000,
    "weightedAverageShsOutDil": 247400000,
    "link": "https://www.sec.gov/Archives/edgar/data/315293/000162828018009710/0001628280-18-009710-index.htm",
    "finalLink": "https://www.sec.gov/Archives/edgar/data/315293/000162828018009710/q22018aonplc.htm"
  },
  {
    "date": "2018-03-31",
    "symbol": "AON",
    "reportedCurrency": "USD",
    "cik": "0000315293",
    "fillingDate": "2018-05-04",
    "acceptedDate": "2018-05-04 16:10:38",
    "calendarYear": "2018",
    "period": "Q1",
    "revenue": 3090000000,
    "costOfRevenue": 1616000000,
    "grossProfit": 1474000000,
    "grossProfitRatio": 0.4770226537,
    "researchAndDevelopmentExpenses": 0,
    "generalAndAdministrativeExpenses": 411000000,
    "sellingAndMarketingExpenses": 0,
    "sellingGeneralAndAdministrativeExpenses": 411000000,
    "otherExpenses": 264000000,
    "operatingExpenses": 675000000,
    "costAndExpenses": 2291000000,
    "interestIncome": 4000000,
    "interestExpense": 70000000,
    "depreciationAndAmortization": 149000000,
    "ebitda": 937000000,
    "ebitdaratio": 0.303236246,
    "operatingIncome": 799000000,
    "operatingIncomeRatio": 0.2585760518,
    "totalOtherIncomeExpensesNet": -81000000,
    "incomeBeforeTax": 718000000,
    "incomeBeforeTaxRatio": 0.2323624595,
    "incomeTaxExpense": 114000000,
    "netIncome": 594000000,
    "netIncomeRatio": 0.1922330097,
    "eps": 2.39,
    "epsdiluted": 2.37,
    "weightedAverageShsOut": 248500000,
    "weightedAverageShsOutDil": 250200000,
    "link": "https://www.sec.gov/Archives/edgar/data/315293/000162828018005956/0001628280-18-005956-index.htm",
    "finalLink": "https://www.sec.gov/Archives/edgar/data/315293/000162828018005956/q12018aonplc.htm"
  },
  {
    "date": "2017-12-31",
    "symbol": "AON",
    "reportedCurrency": "USD",
    "cik": "0000315293",
    "fillingDate": "2018-02-20",
    "acceptedDate": "2018-02-20 17:30:16",
    "calendarYear": "2017",
    "period": "Q4",
    "revenue": 2909000000,
    "costOfRevenue": 1752000000,
    "grossProfit": 1157000000,
    "grossProfitRatio": 0.3977311791,
    "researchAndDevelopmentExpenses": 0,
    "generalAndAdministrativeExpenses": 405000000,
    "sellingAndMarketingExpenses": 0,
    "sellingGeneralAndAdministrativeExpenses": 405000000,
    "otherExpenses": 263000000,
    "operatingExpenses": 668000000,
    "costAndExpenses": 2420000000,
    "interestIncome": 7000000,
    "interestExpense": 71000000,
    "depreciationAndAmortization": 139000000,
    "ebitda": 616000000,
    "ebitdaratio": 0.2117566174,
    "operatingIncome": 489000000,
    "operatingIncomeRatio": 0.1680990031,
    "totalOtherIncomeExpensesNet": -83000000,
    "incomeBeforeTax": 406000000,
    "incomeBeforeTaxRatio": 0.1395668615,
    "incomeTaxExpense": 389000000,
    "netIncome": -19000000,
    "netIncomeRatio": -0.0065314541,
    "eps": -0.08,
    "epsdiluted": -0.08,
    "weightedAverageShsOut": 251300000,
    "weightedAverageShsOutDil": 254500000,
    "link": "https://www.sec.gov/Archives/edgar/data/315293/000162828018001923/0001628280-18-001923-index.htm",
    "finalLink": "https://www.sec.gov/Archives/edgar/data/315293/000162828018001923/aonplc201710-k.htm"
  },
  {
    "date": "2017-09-30",
    "symbol": "AON",
    "reportedCurrency": "USD",
    "cik": "0000315293",
    "fillingDate": "2017-10-27",
    "acceptedDate": "2017-10-27 16:38:43",
    "calendarYear": "2017",
    "period": "Q3",
    "revenue": 2340000000,
    "costOfRevenue": 1428000000,
    "grossProfit": 912000000,
    "grossProfitRatio": 0.3897435897,
    "researchAndDevelopmentExpenses": 0,
    "generalAndAdministrativeExpenses": 406000000,
    "sellingAndMarketingExpenses": 0,
    "sellingGeneralAndAdministrativeExpenses": 406000000,
    "otherExpenses": 250000000,
    "operatingExpenses": 656000000,
    "costAndExpenses": 2084000000,
    "interestIncome": 10000000,
    "interestExpense": 70000000,
    "depreciationAndAmortization": 141000000,
    "ebitda": 411000000,
    "ebitdaratio": 0.1756410256,
    "operatingIncome": 256000000,
    "operatingIncomeRatio": 0.1094017094,
    "totalOtherIncomeExpensesNet": -56000000,
    "incomeBeforeTax": 200000000,
    "incomeBeforeTaxRatio": 0.0854700855,
    "incomeTaxExpense": 4000000,
    "netIncome": 185000000,
    "netIncomeRatio": 0.0790598291,
    "eps": 0.72,
    "epsdiluted": 0.72,
    "weightedAverageShsOut": 255600000,
    "weightedAverageShsOutDil": 257300000,
    "link": "https://www.sec.gov/Archives/edgar/data/315293/000162828017010331/0001628280-17-010331-index.htm",
    "finalLink": "https://www.sec.gov/Archives/edgar/data/315293/000162828017010331/q32017aonplc.htm"
  },
  {
    "date": "2017-06-30",
    "symbol": "AON",
    "reportedCurrency": "USD",
    "cik": "0000315293",
    "fillingDate": "2017-08-04",
    "acceptedDate": "2017-08-04 17:12:50",
    "calendarYear": "2017",
    "period": "Q2",
    "revenue": 2368000000,
    "costOfRevenue": 1466000000,
    "grossProfit": 902000000,
    "grossProfitRatio": 0.3809121622,
    "researchAndDevelopmentExpenses": 0,
    "generalAndAdministrativeExpenses": 417000000,
    "sellingAndMarketingExpenses": 0,
    "sellingGeneralAndAdministrativeExpenses": 417000000,
    "otherExpenses": 612000000,
    "operatingExpenses": 1029000000,
    "costAndExpenses": 2495000000,
    "interestIncome": 8000000,
    "interestExpense": 71000000,
    "depreciationAndAmortization": 514000000,
    "ebitda": 399000000,
    "ebitdaratio": 0.1684966216,
    "operatingIncome": -127000000,
    "operatingIncomeRatio": -0.0536317568,
    "totalOtherIncomeExpensesNet": -59000000,
    "incomeBeforeTax": -186000000,
    "incomeBeforeTaxRatio": -0.0785472973,
    "incomeTaxExpense": -143000000,
    "netIncome": 769000000,
    "netIncomeRatio": 0.3247466216,
    "eps": 2.93,
    "epsdiluted": 2.93,
    "weightedAverageShsOut": 262400000,
    "weightedAverageShsOutDil": 262400000,
    "link": "https://www.sec.gov/Archives/edgar/data/315293/000162828017008138/0001628280-17-008138-index.htm",
    "finalLink": "https://www.sec.gov/Archives/edgar/data/315293/000162828017008138/q22017aonplc10-q.htm"
  },
  {
    "date": "2017-03-31",
    "symbol": "AON",
    "reportedCurrency": "USD",
    "cik": "0000315293",
    "fillingDate": "2017-05-09",
    "acceptedDate": "2017-05-09 17:25:20",
    "calendarYear": "2017",
    "period": "Q1",
    "revenue": 2381000000,
    "costOfRevenue": 1469000000,
    "grossProfit": 912000000,
    "grossProfitRatio": 0.3830323394,
    "researchAndDevelopmentExpenses": 0,
    "generalAndAdministrativeExpenses": 392000000,
    "sellingAndMarketingExpenses": 0,
    "sellingGeneralAndAdministrativeExpenses": 392000000,
    "otherExpenses": 185000000,
    "operatingExpenses": 577000000,
    "costAndExpenses": 2046000000,
    "interestIncome": 2000000,
    "interestExpense": 70000000,
    "depreciationAndAmortization": 97000000,
    "ebitda": 432000000,
    "ebitdaratio": 0.1814363713,
    "operatingIncome": 335000000,
    "operatingIncomeRatio": 0.1406971861,
    "totalOtherIncomeExpensesNet": -70000000,
    "incomeBeforeTax": 265000000,
    "incomeBeforeTaxRatio": 0.111297774,
    "incomeTaxExpense": 0,
    "netIncome": 291000000,
    "netIncomeRatio": 0.1222175556,
    "eps": 1.1,
    "epsdiluted": 1.09,
    "weightedAverageShsOut": 264800000,
    "weightedAverageShsOutDil": 267000000,
    "link": "https://www.sec.gov/Archives/edgar/data/315293/000162828017005272/0001628280-17-005272-index.htm",
    "finalLink": "https://www.sec.gov/Archives/edgar/data/315293/000162828017005272/q12017aonplc10-q.htm"
  },
  {
    "date": "2016-12-31",
    "symbol": "AON",
    "reportedCurrency": "USD",
    "cik": "0000315293",
    "fillingDate": "2017-02-23",
    "acceptedDate": "2017-02-23 16:32:21",
    "calendarYear": "2016",
    "period": "Q4",
    "revenue": 3323000000,
    "costOfRevenue": 1966000000,
    "grossProfit": 1357000000,
    "grossProfitRatio": 0.4083659344,
    "researchAndDevelopmentExpenses": 0,
    "generalAndAdministrativeExpenses": 728000000,
    "sellingAndMarketingExpenses": 0,
    "sellingGeneralAndAdministrativeExpenses": 728000000,
    "otherExpenses": 0,
    "operatingExpenses": 728000000,
    "costAndExpenses": 2694000000,
    "interestIncome": 3000000,
    "interestExpense": 70000000,
    "depreciationAndAmortization": 131000000,
    "ebitda": 772000000,
    "ebitdaratio": 0.2323201926,
    "operatingIncome": 629000000,
    "operatingIncomeRatio": 0.189286789,
    "totalOtherIncomeExpensesNet": -58000000,
    "incomeBeforeTax": 571000000,
    "incomeBeforeTaxRatio": 0.1718326813,
    "incomeTaxExpense": 62000000,
    "netIncome": 502000000,
    "netIncomeRatio": 0.1510683118,
    "eps": 1.89,
    "epsdiluted": 1.87,
    "weightedAverageShsOut": 265608466,
    "weightedAverageShsOutDil": 268300000,
    "link": "https://www.sec.gov/Archives/edgar/data/315293/000162828017001652/0001628280-17-001652-index.htm",
    "finalLink": "https://www.sec.gov/Archives/edgar/data/315293/000162828017001652/aonplc201610-k.htm"
  },
  {
    "date": "2016-09-30",
    "symbol": "AON",
    "reportedCurrency": "USD",
    "cik": "0000315293",
    "fillingDate": "2016-10-28",
    "acceptedDate": "2016-10-28 16:50:19",
    "calendarYear": "2016",
    "period": "Q3",
    "revenue": 2201000000,
    "costOfRevenue": 1300000000,
    "grossProfit": 901000000,
    "grossProfitRatio": 0.4093593821,
    "researchAndDevelopmentExpenses": 0,
    "generalAndAdministrativeExpenses": 353000000,
    "sellingAndMarketingExpenses": 0,
    "sellingGeneralAndAdministrativeExpenses": 353000000,
    "otherExpenses": 180000000,
    "operatingExpenses": 533000000,
    "costAndExpenses": 1833000000,
    "interestIncome": 1000000,
    "interestExpense": 70000000,
    "depreciationAndAmortization": 81000000,
    "ebitda": 460000000,
    "ebitdaratio": 0.2089959109,
    "operatingIncome": 368000000,
    "operatingIncomeRatio": 0.1671967288,
    "totalOtherIncomeExpensesNet": -59000000,
    "incomeBeforeTax": 309000000,
    "incomeBeforeTaxRatio": 0.1403907315,
    "incomeTaxExpense": 25000000,
    "netIncome": 319000000,
    "netIncomeRatio": 0.1449341209,
    "eps": 1.19,
    "epsdiluted": 1.18,
    "weightedAverageShsOut": 267500000,
    "weightedAverageShsOutDil": 269600000,
    "link": "https://www.sec.gov/Archives/edgar/data/315293/000162828016020443/0001628280-16-020443-index.htm",
    "finalLink": "https://www.sec.gov/Archives/edgar/data/315293/000162828016020443/q32016aonplc10-q.htm"
  },
  {
    "date": "2016-06-30",
    "symbol": "AON",
    "reportedCurrency": "USD",
    "cik": "0000315293",
    "fillingDate": "2016-07-29",
    "acceptedDate": "2016-07-29 17:27:40",
    "calendarYear": "2016",
    "period": "Q2",
    "revenue": 2282000000,
    "costOfRevenue": 1396000000,
    "grossProfit": 886000000,
    "grossProfitRatio": 0.3882559159,
    "researchAndDevelopmentExpenses": 0,
    "generalAndAdministrativeExpenses": 321000000,
    "sellingAndMarketingExpenses": 0,
    "sellingGeneralAndAdministrativeExpenses": 321000000,
    "otherExpenses": 178000000,
    "operatingExpenses": 499000000,
    "costAndExpenses": 1895000000,
    "interestIncome": 3000000,
    "interestExpense": 73000000,
    "depreciationAndAmortization": 79000000,
    "ebitda": 468000000,
    "ebitdaratio": 0.2050832603,
    "operatingIncome": 387000000,
    "operatingIncomeRatio": 0.1695880806,
    "totalOtherIncomeExpensesNet": -71000000,
    "incomeBeforeTax": 316000000,
    "incomeBeforeTaxRatio": 0.1384750219,
    "incomeTaxExpense": 43000000,
    "netIncome": 300000000,
    "netIncomeRatio": 0.1314636284,
    "eps": 1.01,
    "epsdiluted": 1.01,
    "weightedAverageShsOut": 269306931,
    "weightedAverageShsOutDil": 269800000,
    "link": "https://www.sec.gov/Archives/edgar/data/315293/000162828016017965/0001628280-16-017965-index.htm",
    "finalLink": "https://www.sec.gov/Archives/edgar/data/315293/000162828016017965/q22016aonplc10-q.htm"
  },
  {
    "date": "2016-03-31",
    "symbol": "AON",
    "reportedCurrency": "USD",
    "cik": "0000315293",
    "fillingDate": "2016-04-29",
    "acceptedDate": "2016-04-29 17:16:23",
    "calendarYear": "2016",
    "period": "Q1",
    "revenue": 2276000000,
    "costOfRevenue": 1345000000,
    "grossProfit": 931000000,
    "grossProfitRatio": 0.4090509666,
    "researchAndDevelopmentExpenses": 0,
    "generalAndAdministrativeExpenses": 353000000,
    "sellingAndMarketingExpenses": 0,
    "sellingGeneralAndAdministrativeExpenses": 353000000,
    "otherExpenses": 158000000,
    "operatingExpenses": 511000000,
    "costAndExpenses": 1856000000,
    "interestIncome": 2000000,
    "interestExpense": 69000000,
    "depreciationAndAmortization": 75000000,
    "ebitda": 515000000,
    "ebitdaratio": 0.2262741652,
    "operatingIncome": 420000000,
    "operatingIncomeRatio": 0.1845342707,
    "totalOtherIncomeExpensesNet": -49000000,
    "incomeBeforeTax": 371000000,
    "incomeBeforeTaxRatio": 0.1630052724,
    "incomeTaxExpense": 59000000,
    "netIncome": 325000000,
    "netIncomeRatio": 0.1427943761,
    "eps": 1.2,
    "epsdiluted": 1.19,
    "weightedAverageShsOut": 271700000,
    "weightedAverageShsOutDil": 273700000,
    "link": "https://www.sec.gov/Archives/edgar/data/315293/000162828016015092/0001628280-16-015092-index.htm",
    "finalLink": "https://www.sec.gov/Archives/edgar/data/315293/000162828016015092/q12016aonplc10-q.htm"
  },
  {
    "date": "2015-12-31",
    "symbol": "AON",
    "reportedCurrency": "USD",
    "cik": "0000315293",
    "fillingDate": "2016-02-22",
    "acceptedDate": "2016-02-22 16:42:34",
    "calendarYear": "2015",
    "period": "Q4",
    "revenue": 3288000000,
    "costOfRevenue": 1857000000,
    "grossProfit": 1431000000,
    "grossProfitRatio": 0.4352189781,
    "researchAndDevelopmentExpenses": 0,
    "generalAndAdministrativeExpenses": 714000000,
    "sellingAndMarketingExpenses": 0,
    "sellingGeneralAndAdministrativeExpenses": 714000000,
    "otherExpenses": 0,
    "operatingExpenses": 714000000,
    "costAndExpenses": 2571000000,
    "interestIncome": 4000000,
    "interestExpense": 68000000,
    "depreciationAndAmortization": 137000000,
    "ebitda": 907000000,
    "ebitdaratio": 0.2758515815,
    "operatingIncome": 717000000,
    "operatingIncomeRatio": 0.2180656934,
    "totalOtherIncomeExpensesNet": -15000000,
    "incomeBeforeTax": 702000000,
    "incomeBeforeTaxRatio": 0.2135036496,
    "incomeTaxExpense": 112000000,
    "netIncome": 584000000,
    "netIncomeRatio": 0.1776155718,
    "eps": 2.12,
    "epsdiluted": 2.09,
    "weightedAverageShsOut": 275471698,
    "weightedAverageShsOutDil": 279300000,
    "link": "https://www.sec.gov/Archives/edgar/data/315293/000162828016011485/0001628280-16-011485-index.htm",
    "finalLink": "https://www.sec.gov/Archives/edgar/data/315293/000162828016011485/aonplc201510-k.htm"
  },
  {
    "date": "2015-09-30",
    "symbol": "AON",
    "reportedCurrency": "USD",
    "cik": "0000315293",
    "fillingDate": "2015-10-30",
    "acceptedDate": "2015-10-30 16:54:08",
    "calendarYear": "2015",
    "period": "Q3",
    "revenue": 2742000000,
    "costOfRevenue": 1644000000,
    "grossProfit": 1098000000,
    "grossProfitRatio": 0.4004376368,
    "researchAndDevelopmentExpenses": 0,
    "generalAndAdministrativeExpenses": 685000000,
    "sellingAndMarketingExpenses": 0,
    "sellingGeneralAndAdministrativeExpenses": 685000000,
    "otherExpenses": 0,
    "operatingExpenses": 685000000,
    "costAndExpenses": 2329000000,
    "interestIncome": 3000000,
    "interestExpense": 72000000,
    "depreciationAndAmortization": 134000000,
    "ebitda": 558000000,
    "ebitdaratio": 0.2035010941,
    "operatingIncome": 413000000,
    "operatingIncomeRatio": 0.1506199854,
    "totalOtherIncomeExpensesNet": -61000000,
    "incomeBeforeTax": 352000000,
    "incomeBeforeTaxRatio": 0.12837345,
    "incomeTaxExpense": 49000000,
    "netIncome": 295000000,
    "netIncomeRatio": 0.1075857039,
    "eps": 1.05,
    "epsdiluted": 1.04,
    "weightedAverageShsOut": 280900000,
    "weightedAverageShsOutDil": 283800000,
    "link": "https://www.sec.gov/Archives/edgar/data/315293/000162828015008083/0001628280-15-008083-index.htm",
    "finalLink": "https://www.sec.gov/Archives/edgar/data/315293/000162828015008083/q32015aonplc10-q.htm"
  },
  {
    "date": "2015-06-30",
    "symbol": "AON",
    "reportedCurrency": "USD",
    "cik": "0000315293",
    "fillingDate": "2015-07-31",
    "acceptedDate": "2015-07-31 16:25:22",
    "calendarYear": "2015",
    "period": "Q2",
    "revenue": 2805000000,
    "costOfRevenue": 1653000000,
    "grossProfit": 1152000000,
    "grossProfitRatio": 0.4106951872,
    "researchAndDevelopmentExpenses": 0,
    "generalAndAdministrativeExpenses": 875000000,
    "sellingAndMarketingExpenses": 0,
    "sellingGeneralAndAdministrativeExpenses": 875000000,
    "otherExpenses": 0,
    "operatingExpenses": 875000000,
    "costAndExpenses": 2528000000,
    "interestIncome": 4000000,
    "interestExpense": 68000000,
    "depreciationAndAmortization": 136000000,
    "ebitda": 418000000,
    "ebitdaratio": 0.1490196078,
    "operatingIncome": 277000000,
    "operatingIncomeRatio": 0.0987522282,
    "totalOtherIncomeExpensesNet": -63000000,
    "incomeBeforeTax": 214000000,
    "incomeBeforeTaxRatio": 0.0762923351,
    "incomeTaxExpense": 26000000,
    "netIncome": 178000000,
    "netIncomeRatio": 0.0634581105,
    "eps": 0.63,
    "epsdiluted": 0.62,
    "weightedAverageShsOut": 284500000,
    "weightedAverageShsOutDil": 286700000,
    "link": "https://www.sec.gov/Archives/edgar/data/315293/000162828015005806/0001628280-15-005806-index.htm",
    "finalLink": "https://www.sec.gov/Archives/edgar/data/315293/000162828015005806/q22015aonplc10-q.htm"
  },
  {
    "date": "2015-03-31",
    "symbol": "AON",
    "reportedCurrency": "USD",
    "cik": "0000315293",
    "fillingDate": "2015-05-01",
    "acceptedDate": "2015-05-01 16:34:32",
    "calendarYear": "2015",
    "period": "Q1",
    "revenue": 2847000000,
    "costOfRevenue": 1683000000,
    "grossProfit": 1164000000,
    "grossProfitRatio": 0.4088514226,
    "researchAndDevelopmentExpenses": 0,
    "generalAndAdministrativeExpenses": 723000000,
    "sellingAndMarketingExpenses": 0,
    "sellingGeneralAndAdministrativeExpenses": 723000000,
    "otherExpenses": 0,
    "operatingExpenses": 723000000,
    "costAndExpenses": 2406000000,
    "interestIncome": 3000000,
    "interestExpense": 65000000,
    "depreciationAndAmortization": 136000000,
    "ebitda": 622000000,
    "ebitdaratio": 0.2184755883,
    "operatingIncome": 441000000,
    "operatingIncomeRatio": 0.1548998946,
    "totalOtherIncomeExpensesNet": -20000000,
    "incomeBeforeTax": 421000000,
    "incomeBeforeTaxRatio": 0.1478749561,
    "incomeTaxExpense": 80000000,
    "netIncome": 328000000,
    "netIncomeRatio": 0.1152089919,
    "eps": 1.15,
    "epsdiluted": 1.14,
    "weightedAverageShsOut": 284200000,
    "weightedAverageShsOutDil": 287100000,
    "link": "https://www.sec.gov/Archives/edgar/data/315293/000162828015003433/0001628280-15-003433-index.htm",
    "finalLink": "https://www.sec.gov/Archives/edgar/data/315293/000162828015003433/q12015aonplc10-q.htm"
  },
  {
    "date": "2014-12-31",
    "symbol": "AON",
    "reportedCurrency": "USD",
    "cik": "0000315293",
    "fillingDate": "2015-02-24",
    "acceptedDate": "2015-02-23 18:02:59",
    "calendarYear": "2014",
    "period": "Q4",
    "revenue": 3299000000,
    "costOfRevenue": 1848000000,
    "grossProfit": 1451000000,
    "grossProfitRatio": 0.4398302516,
    "researchAndDevelopmentExpenses": 0,
    "generalAndAdministrativeExpenses": 816000000,
    "sellingAndMarketingExpenses": 0,
    "sellingGeneralAndAdministrativeExpenses": 816000000,
    "otherExpenses": 0,
    "operatingExpenses": 816000000,
    "costAndExpenses": 2664000000,
    "interestIncome": 3000000,
    "interestExpense": 67000000,
    "depreciationAndAmortization": 148000000,
    "ebitda": 796000000,
    "ebitdaratio": 0.241285238,
    "operatingIncome": 635000000,
    "operatingIncomeRatio": 0.1924825705,
    "totalOtherIncomeExpensesNet": -54000000,
    "incomeBeforeTax": 581000000,
    "incomeBeforeTaxRatio": 0.1761139739,
    "incomeTaxExpense": 114000000,
    "netIncome": 459000000,
    "netIncomeRatio": 0.1391330706,
    "eps": 1.6,
    "epsdiluted": 1.56,
    "weightedAverageShsOut": 286875000,
    "weightedAverageShsOutDil": 293400000,
    "link": "https://www.sec.gov/Archives/edgar/data/315293/000162828015000950/0001628280-15-000950-index.htm",
    "finalLink": "https://www.sec.gov/Archives/edgar/data/315293/000162828015000950/aonplc201410-k.htm"
  },
  {
    "date": "2014-09-30",
    "symbol": "AON",
    "reportedCurrency": "USD",
    "cik": "0000315293",
    "fillingDate": "2014-10-31",
    "acceptedDate": "2014-10-31 16:37:56",
    "calendarYear": "2014",
    "period": "Q3",
    "revenue": 2880000000,
    "costOfRevenue": 1707000000,
    "grossProfit": 1173000000,
    "grossProfitRatio": 0.4072916667,
    "researchAndDevelopmentExpenses": 0,
    "generalAndAdministrativeExpenses": 756000000,
    "sellingAndMarketingExpenses": 0,
    "sellingGeneralAndAdministrativeExpenses": 756000000,
    "otherExpenses": 0,
    "operatingExpenses": 756000000,
    "costAndExpenses": 2463000000,
    "interestIncome": 3000000,
    "interestExpense": 65000000,
    "depreciationAndAmortization": 151000000,
    "ebitda": 606000000,
    "ebitdaratio": 0.2104166667,
    "operatingIncome": 417000000,
    "operatingIncomeRatio": 0.1447916667,
    "totalOtherIncomeExpensesNet": -27000000,
    "incomeBeforeTax": 390000000,
    "incomeBeforeTaxRatio": 0.1354166667,
    "incomeTaxExpense": 75000000,
    "netIncome": 309000000,
    "netIncomeRatio": 0.1072916667,
    "eps": 1.06,
    "epsdiluted": 1.04,
    "weightedAverageShsOut": 292300000,
    "weightedAverageShsOutDil": 296100000,
    "link": "https://www.sec.gov/Archives/edgar/data/315293/000144530514004665/0001445305-14-004665-index.htm",
    "finalLink": "https://www.sec.gov/Archives/edgar/data/315293/000144530514004665/q32014aonplc10-q.htm"
  },
  {
    "date": "2014-06-30",
    "symbol": "AON",
    "reportedCurrency": "USD",
    "cik": "0000315293",
    "fillingDate": "2014-07-25",
    "acceptedDate": "2014-07-25 16:09:32",
    "calendarYear": "2014",
    "period": "Q2",
    "revenue": 2919000000,
    "costOfRevenue": 1708000000,
    "grossProfit": 1211000000,
    "grossProfitRatio": 0.4148681055,
    "researchAndDevelopmentExpenses": 0,
    "generalAndAdministrativeExpenses": 766000000,
    "sellingAndMarketingExpenses": 0,
    "sellingGeneralAndAdministrativeExpenses": 766000000,
    "otherExpenses": 0,
    "operatingExpenses": 766000000,
    "costAndExpenses": 2474000000,
    "interestIncome": 2000000,
    "interestExpense": 65000000,
    "depreciationAndAmortization": 149000000,
    "ebitda": 594000000,
    "ebitdaratio": 0.2034943474,
    "operatingIncome": 445000000,
    "operatingIncomeRatio": 0.152449469,
    "totalOtherIncomeExpensesNet": -65000000,
    "incomeBeforeTax": 380000000,
    "incomeBeforeTaxRatio": 0.130181569,
    "incomeTaxExpense": 67000000,
    "netIncome": 304000000,
    "netIncomeRatio": 0.1041452552,
    "eps": 1.02,
    "epsdiluted": 1.01,
    "weightedAverageShsOut": 298500000,
    "weightedAverageShsOutDil": 301600000,
    "link": "https://www.sec.gov/Archives/edgar/data/315293/000144530514002885/0001445305-14-002885-index.htm",
    "finalLink": "https://www.sec.gov/Archives/edgar/data/315293/000144530514002885/q22014aonplc10-q.htm"
  },
  {
    "date": "2014-03-31",
    "symbol": "AON",
    "reportedCurrency": "USD",
    "cik": "0000315293",
    "fillingDate": "2014-04-25",
    "acceptedDate": "2014-04-25 16:41:17",
    "calendarYear": "2014",
    "period": "Q1",
    "revenue": 2947000000,
    "costOfRevenue": 1751000000,
    "grossProfit": 1196000000,
    "grossProfitRatio": 0.4058364438,
    "researchAndDevelopmentExpenses": 0,
    "generalAndAdministrativeExpenses": 727000000,
    "sellingAndMarketingExpenses": 0,
    "sellingGeneralAndAdministrativeExpenses": 727000000,
    "otherExpenses": 0,
    "operatingExpenses": 727000000,
    "costAndExpenses": 2478000000,
    "interestIncome": 2000000,
    "interestExpense": 58000000,
    "depreciationAndAmortization": 146000000,
    "ebitda": 618000000,
    "ebitdaratio": 0.2097047845,
    "operatingIncome": 469000000,
    "operatingIncomeRatio": 0.1591448931,
    "totalOtherIncomeExpensesNet": -55000000,
    "incomeBeforeTax": 414000000,
    "incomeBeforeTaxRatio": 0.1404818459,
    "incomeTaxExpense": 78000000,
    "netIncome": 325000000,
    "netIncomeRatio": 0.1102816423,
    "eps": 1.07,
    "epsdiluted": 1.06,
    "weightedAverageShsOut": 303738318,
    "weightedAverageShsOutDil": 307200000,
    "link": "https://www.sec.gov/Archives/edgar/data/315293/000144530514001467/0001445305-14-001467-index.htm",
    "finalLink": "https://www.sec.gov/Archives/edgar/data/315293/000144530514001467/q12014aonplc10-q.htm"
  },
  {
    "date": "2013-12-31",
    "symbol": "AON",
    "reportedCurrency": "USD",
    "cik": "0000315293",
    "fillingDate": "2014-02-18",
    "acceptedDate": "2014-02-18 17:15:50",
    "calendarYear": "2013",
    "period": "Q4",
    "revenue": 3209000000,
    "costOfRevenue": 1842000000,
    "grossProfit": 1367000000,
    "grossProfitRatio": 0.4259894048,
    "researchAndDevelopmentExpenses": 0,
    "generalAndAdministrativeExpenses": 852000000,
    "sellingAndMarketingExpenses": 0,
    "sellingGeneralAndAdministrativeExpenses": 852000000,
    "otherExpenses": 0,
    "operatingExpenses": 852000000,
    "costAndExpenses": 2694000000,
    "interestIncome": 3000000,
    "interestExpense": 57000000,
    "depreciationAndAmortization": 162000000,
    "ebitda": 694000000,
    "ebitdaratio": 0.2162667498,
    "operatingIncome": 515000000,
    "operatingIncomeRatio": 0.1604861328,
    "totalOtherIncomeExpensesNet": -40000000,
    "incomeBeforeTax": 475000000,
    "incomeBeforeTaxRatio": 0.1480211904,
    "incomeTaxExpense": 115000000,
    "netIncome": 355000000,
    "netIncomeRatio": 0.1106263634,
    "eps": 1.16,
    "epsdiluted": 1.14,
    "weightedAverageShsOut": 306034483,
    "weightedAverageShsOutDil": 311400000,
    "link": "https://www.sec.gov/Archives/edgar/data/315293/000144530514000476/0001445305-14-000476-index.htm",
    "finalLink": "https://www.sec.gov/Archives/edgar/data/315293/000144530514000476/aonplc201310-k.htm"
  },
  {
    "date": "2013-09-30",
    "symbol": "AON",
    "reportedCurrency": "USD",
    "cik": "0000315293",
    "fillingDate": "2013-10-25",
    "acceptedDate": "2013-10-25 16:40:50",
    "calendarYear": "2013",
    "period": "Q3",
    "revenue": 2794000000,
    "costOfRevenue": 1666000000,
    "grossProfit": 1128000000,
    "grossProfitRatio": 0.403722262,
    "researchAndDevelopmentExpenses": 0,
    "generalAndAdministrativeExpenses": 764000000,
    "sellingAndMarketingExpenses": 0,
    "sellingGeneralAndAdministrativeExpenses": 764000000,
    "otherExpenses": 0,
    "operatingExpenses": 764000000,
    "costAndExpenses": 2430000000,
    "interestIncome": 3000000,
    "interestExpense": 53000000,
    "depreciationAndAmortization": 157000000,
    "ebitda": 563000000,
    "ebitdaratio": 0.2015032212,
    "operatingIncome": 364000000,
    "operatingIncomeRatio": 0.1302791696,
    "totalOtherIncomeExpensesNet": -11000000,
    "incomeBeforeTax": 353000000,
    "incomeBeforeTaxRatio": 0.1263421618,
    "incomeTaxExpense": 89000000,
    "netIncome": 256000000,
    "netIncomeRatio": 0.0916249105,
    "eps": 0.83,
    "epsdiluted": 0.82,
    "weightedAverageShsOut": 308433735,
    "weightedAverageShsOutDil": 312900000,
    "link": "https://www.sec.gov/Archives/edgar/data/315293/000144530513002517/0001445305-13-002517-index.htm",
    "finalLink": "https://www.sec.gov/Archives/edgar/data/315293/000144530513002517/q32013aonplc10-q.htm"
  },
  {
    "date": "2013-06-30",
    "symbol": "AON",
    "reportedCurrency": "USD",
    "cik": "0000315293",
    "fillingDate": "2013-07-26",
    "acceptedDate": "2013-07-26 16:49:04",
    "calendarYear": "2013",
    "period": "Q2",
    "revenue": 2897000000,
    "costOfRevenue": 1712000000,
    "grossProfit": 1185000000,
    "grossProfitRatio": 0.4090438385,
    "researchAndDevelopmentExpenses": 0,
    "generalAndAdministrativeExpenses": 803000000,
    "sellingAndMarketingExpenses": 0,
    "sellingGeneralAndAdministrativeExpenses": 803000000,
    "otherExpenses": 0,
    "operatingExpenses": 803000000,
    "costAndExpenses": 2515000000,
    "interestIncome": 2000000,
    "interestExpense": 48000000,
    "depreciationAndAmortization": 158000000,
    "ebitda": 548000000,
    "ebitdaratio": 0.1891612012,
    "operatingIncome": 382000000,
    "operatingIncomeRatio": 0.1318605454,
    "totalOtherIncomeExpensesNet": -40000000,
    "incomeBeforeTax": 342000000,
    "incomeBeforeTaxRatio": 0.1180531584,
    "incomeTaxExpense": 90000000,
    "netIncome": 241000000,
    "netIncomeRatio": 0.0831895064,
    "eps": 0.77,
    "epsdiluted": 0.76,
    "weightedAverageShsOut": 313700000,
    "weightedAverageShsOutDil": 317100000,
    "link": "https://www.sec.gov/Archives/edgar/data/315293/000144530513001716/0001445305-13-001716-index.htm",
    "finalLink": "https://www.sec.gov/Archives/edgar/data/315293/000144530513001716/q22013aonplc10-q.htm"
  },
  {
    "date": "2013-03-31",
    "symbol": "AON",
    "reportedCurrency": "USD",
    "cik": "0000315293",
    "fillingDate": "2013-05-01",
    "acceptedDate": "2013-05-01 17:06:05",
    "calendarYear": "2013",
    "period": "Q1",
    "revenue": 2915000000,
    "costOfRevenue": 1725000000,
    "grossProfit": 1190000000,
    "grossProfitRatio": 0.4082332762,
    "researchAndDevelopmentExpenses": 0,
    "generalAndAdministrativeExpenses": 780000000,
    "sellingAndMarketingExpenses": 0,
    "sellingGeneralAndAdministrativeExpenses": 780000000,
    "otherExpenses": 0,
    "operatingExpenses": 780000000,
    "costAndExpenses": 2505000000,
    "interestIncome": 1000000,
    "interestExpense": 52000000,
    "depreciationAndAmortization": 158000000,
    "ebitda": 578000000,
    "ebitdaratio": 0.1982847341,
    "operatingIncome": 410000000,
    "operatingIncomeRatio": 0.140651801,
    "totalOtherIncomeExpensesNet": -42000000,
    "incomeBeforeTax": 368000000,
    "incomeBeforeTaxRatio": 0.1262435678,
    "incomeTaxExpense": 96000000,
    "netIncome": 261000000,
    "netIncomeRatio": 0.0895368782,
    "eps": 0.82,
    "epsdiluted": 0.82,
    "weightedAverageShsOut": 318292683,
    "weightedAverageShsOutDil": 320000000,
    "link": "https://www.sec.gov/Archives/edgar/data/315293/000144530513001035/0001445305-13-001035-index.htm",
    "finalLink": "https://www.sec.gov/Archives/edgar/data/315293/000144530513001035/aonplc10-q.htm"
  },
  {
    "date": "2012-12-31",
    "symbol": "AON",
    "reportedCurrency": "USD",
    "cik": "0000315293",
    "fillingDate": "2013-02-22",
    "acceptedDate": "2013-02-22 16:06:50",
    "calendarYear": "2012",
    "period": "Q4",
    "revenue": 3115000000,
    "costOfRevenue": 6709000000,
    "grossProfit": -3594000000,
    "grossProfitRatio": -1.1537720706,
    "researchAndDevelopmentExpenses": 0,
    "generalAndAdministrativeExpenses": -4055000000,
    "sellingAndMarketingExpenses": 0,
    "sellingGeneralAndAdministrativeExpenses": -4055000000,
    "otherExpenses": 0,
    "operatingExpenses": -4055000000,
    "costAndExpenses": 2654000000,
    "interestIncome": 4000000,
    "interestExpense": 55000000,
    "depreciationAndAmortization": 174000000,
    "ebitda": 639000000,
    "ebitdaratio": 0.2051364366,
    "operatingIncome": 461000000,
    "operatingIncomeRatio": 0.1479935795,
    "totalOtherIncomeExpensesNet": -51000000,
    "incomeBeforeTax": 410000000,
    "incomeBeforeTaxRatio": 0.1316211878,
    "incomeTaxExpense": 103000000,
    "netIncome": 305000000,
    "netIncomeRatio": 0.0979133226,
    "eps": 0.95,
    "epsdiluted": 0.93,
    "weightedAverageShsOut": 321052632,
    "weightedAverageShsOutDil": 327500000,
    "link": "https://www.sec.gov/Archives/edgar/data/315293/000104746913001494/0001047469-13-001494-index.htm",
    "finalLink": "https://www.sec.gov/Archives/edgar/data/315293/000104746913001494/a2212713z10-k.htm"
  },
  {
    "date": "2012-09-30",
    "symbol": "AON",
    "reportedCurrency": "USD",
    "cik": "0000315293",
    "fillingDate": "2012-10-31",
    "acceptedDate": "2012-10-31 16:08:22",
    "calendarYear": "2012",
    "period": "Q3",
    "revenue": 2737000000,
    "costOfRevenue": 1620000000,
    "grossProfit": 1117000000,
    "grossProfitRatio": 0.4081110705,
    "researchAndDevelopmentExpenses": 0,
    "generalAndAdministrativeExpenses": 778000000,
    "sellingAndMarketingExpenses": 0,
    "sellingGeneralAndAdministrativeExpenses": 778000000,
    "otherExpenses": 0,
    "operatingExpenses": 778000000,
    "costAndExpenses": 2398000000,
    "interestIncome": 1000000,
    "interestExpense": 57000000,
    "depreciationAndAmortization": 161000000,
    "ebitda": 492000000,
    "ebitdaratio": 0.1797588601,
    "operatingIncome": 339000000,
    "operatingIncomeRatio": 0.1238582389,
    "totalOtherIncomeExpensesNet": -65000000,
    "incomeBeforeTax": 274000000,
    "incomeBeforeTaxRatio": 0.1001096091,
    "incomeTaxExpense": 64000000,
    "netIncome": 204000000,
    "netIncomeRatio": 0.0745341615,
    "eps": 0.62,
    "epsdiluted": 0.62,
    "weightedAverageShsOut": 329032258,
    "weightedAverageShsOutDil": 331000000,
    "link": "https://www.sec.gov/Archives/edgar/data/315293/000110465912072700/0001104659-12-072700-index.htm",
    "finalLink": "https://www.sec.gov/Archives/edgar/data/315293/000110465912072700/a12-19884_110q.htm"
  },
  {
    "date": "2012-06-30",
    "symbol": "AON",
    "reportedCurrency": "USD",
    "cik": "0000315293",
    "fillingDate": "2012-08-08",
    "acceptedDate": "2012-08-08 17:01:33",
    "calendarYear": "2012",
    "period": "Q2",
    "revenue": 2821000000,
    "costOfRevenue": 1639000000,
    "grossProfit": 1182000000,
    "grossProfitRatio": 0.4190003545,
    "researchAndDevelopmentExpenses": 0,
    "generalAndAdministrativeExpenses": 788000000,
    "sellingAndMarketingExpenses": 0,
    "sellingGeneralAndAdministrativeExpenses": 788000000,
    "otherExpenses": 0,
    "operatingExpenses": 788000000,
    "costAndExpenses": 2427000000,
    "interestIncome": 2000000,
    "interestExpense": 57000000,
    "depreciationAndAmortization": 161000000,
    "ebitda": 569000000,
    "ebitdaratio": 0.2017015243,
    "operatingIncome": 394000000,
    "operatingIncomeRatio": 0.1396667848,
    "totalOtherIncomeExpensesNet": -43000000,
    "incomeBeforeTax": 351000000,
    "incomeBeforeTaxRatio": 0.1244239631,
    "incomeTaxExpense": 96000000,
    "netIncome": 246000000,
    "netIncomeRatio": 0.0872031195,
    "eps": 0.74,
    "epsdiluted": 0.73,
    "weightedAverageShsOut": 332432432,
    "weightedAverageShsOutDil": 335600000,
    "link": "https://www.sec.gov/Archives/edgar/data/315293/000110465912055980/0001104659-12-055980-index.htm",
    "finalLink": "https://www.sec.gov/Archives/edgar/data/315293/000110465912055980/a12-13662_110q.htm"
  },
  {
    "date": "2012-03-31",
    "symbol": "AON",
    "reportedCurrency": "USD",
    "cik": "0000315293",
    "fillingDate": "2012-05-08",
    "acceptedDate": "2012-05-08 16:07:54",
    "calendarYear": "2012",
    "period": "Q1",
    "revenue": 2841000000,
    "costOfRevenue": 1661000000,
    "grossProfit": 1180000000,
    "grossProfitRatio": 0.4153467089,
    "researchAndDevelopmentExpenses": 0,
    "generalAndAdministrativeExpenses": 778000000,
    "sellingAndMarketingExpenses": 0,
    "sellingGeneralAndAdministrativeExpenses": 778000000,
    "otherExpenses": 0,
    "operatingExpenses": 778000000,
    "costAndExpenses": 2439000000,
    "interestIncome": 3000000,
    "interestExpense": 59000000,
    "depreciationAndAmortization": 159000000,
    "ebitda": 564000000,
    "ebitdaratio": 0.1985216473,
    "operatingIncome": 402000000,
    "operatingIncomeRatio": 0.141499472,
    "totalOtherIncomeExpensesNet": -56000000,
    "incomeBeforeTax": 346000000,
    "incomeBeforeTaxRatio": 0.1217881028,
    "incomeTaxExpense": 97000000,
    "netIncome": 238000000,
    "netIncomeRatio": 0.0837733193,
    "eps": 0.72,
    "epsdiluted": 0.71,
    "weightedAverageShsOut": 330555556,
    "weightedAverageShsOutDil": 336600000,
    "link": "https://www.sec.gov/Archives/edgar/data/315293/000110465912034478/0001104659-12-034478-index.htm",
    "finalLink": "https://www.sec.gov/Archives/edgar/data/315293/000110465912034478/a12-6844_110q.htm"
  },
  {
    "date": "2011-12-31",
    "symbol": "AON",
    "reportedCurrency": "USD",
    "cik": "0000315293",
    "fillingDate": "2012-02-24",
    "acceptedDate": "2012-02-24 16:47:56",
    "calendarYear": "2011",
    "period": "Q4",
    "revenue": 2994000000,
    "costOfRevenue": 0,
    "grossProfit": 2994000000,
    "grossProfitRatio": 1,
    "researchAndDevelopmentExpenses": 0,
    "generalAndAdministrativeExpenses": 2559000000,
    "sellingAndMarketingExpenses": 0,
    "sellingGeneralAndAdministrativeExpenses": 2559000000,
    "otherExpenses": 0,
    "operatingExpenses": 2559000000,
    "costAndExpenses": 2559000000,
    "interestIncome": 4000000,
    "interestExpense": 59000000,
    "depreciationAndAmortization": 145000000,
    "ebitda": 588000000,
    "ebitdaratio": 0.1963927856,
    "operatingIncome": 435000000,
    "operatingIncomeRatio": 0.1452905812,
    "totalOtherIncomeExpensesNet": -51000000,
    "incomeBeforeTax": 384000000,
    "incomeBeforeTaxRatio": 0.128256513,
    "incomeTaxExpense": 104000000,
    "netIncome": 277000000,
    "netIncomeRatio": 0.0925183701,
    "eps": 0.84,
    "epsdiluted": 0.82,
    "weightedAverageShsOut": 330555556,
    "weightedAverageShsOutDil": 336600000,
    "link": "https://www.sec.gov/Archives/edgar/data/315293/000104746912001478/0001047469-12-001478-index.htm",
    "finalLink": "https://www.sec.gov/Archives/edgar/data/315293/000104746912001478/a2207295z10-k.htm"
  },
  {
    "date": "2011-09-30",
    "symbol": "AON",
    "reportedCurrency": "USD",
    "cik": "0000315293",
    "fillingDate": "2011-11-04",
    "acceptedDate": "2011-11-04 16:06:39",
    "calendarYear": "2011",
    "period": "Q3",
    "revenue": 2723000000,
    "costOfRevenue": 0,
    "grossProfit": 2723000000,
    "grossProfitRatio": 1,
    "researchAndDevelopmentExpenses": 0,
    "generalAndAdministrativeExpenses": 2395000000,
    "sellingAndMarketingExpenses": 0,
    "sellingGeneralAndAdministrativeExpenses": 2395000000,
    "otherExpenses": 0,
    "operatingExpenses": 2395000000,
    "costAndExpenses": 2395000000,
    "interestIncome": 4000000,
    "interestExpense": 60000000,
    "depreciationAndAmortization": 144000000,
    "ebitda": 496000000,
    "ebitdaratio": 0.1821520382,
    "operatingIncome": 328000000,
    "operatingIncomeRatio": 0.1204553801,
    "totalOtherIncomeExpensesNet": -36000000,
    "incomeBeforeTax": 292000000,
    "incomeBeforeTaxRatio": 0.1072346676,
    "incomeTaxExpense": 84000000,
    "netIncome": 198000000,
    "netIncomeRatio": 0.0727139185,
    "eps": 0.59,
    "epsdiluted": 0.59,
    "weightedAverageShsOut": 335593220,
    "weightedAverageShsOutDil": 336900000,
    "link": "https://www.sec.gov/Archives/edgar/data/315293/000110465911061134/0001104659-11-061134-index.htm",
    "finalLink": "https://www.sec.gov/Archives/edgar/data/315293/000110465911061134/a11-25657_110q.htm"
  },
  {
    "date": "2011-06-30",
    "symbol": "AON",
    "reportedCurrency": "USD",
    "cik": "0000315293",
    "fillingDate": "2011-08-04",
    "acceptedDate": "2011-08-04 16:37:47",
    "calendarYear": "2011",
    "period": "Q2",
    "revenue": 2811000000,
    "costOfRevenue": 0,
    "grossProfit": 2811000000,
    "grossProfitRatio": 1,
    "researchAndDevelopmentExpenses": 0,
    "generalAndAdministrativeExpenses": 2371000000,
    "sellingAndMarketingExpenses": 0,
    "sellingGeneralAndAdministrativeExpenses": 2371000000,
    "otherExpenses": 0,
    "operatingExpenses": 2371000000,
    "costAndExpenses": 2371000000,
    "interestIncome": 4000000,
    "interestExpense": 63000000,
    "depreciationAndAmortization": 149000000,
    "ebitda": 564000000,
    "ebitdaratio": 0.2006403415,
    "operatingIncome": 440000000,
    "operatingIncomeRatio": 0.156527926,
    "totalOtherIncomeExpensesNet": -88000000,
    "incomeBeforeTax": 352000000,
    "incomeBeforeTaxRatio": 0.1252223408,
    "incomeTaxExpense": 87000000,
    "netIncome": 258000000,
    "netIncomeRatio": 0.0917822839,
    "eps": 0.76,
    "epsdiluted": 0.75,
    "weightedAverageShsOut": 339473684,
    "weightedAverageShsOutDil": 342700000,
    "link": "https://www.sec.gov/Archives/edgar/data/315293/000110465911043744/0001104659-11-043744-index.htm",
    "finalLink": "https://www.sec.gov/Archives/edgar/data/315293/000110465911043744/a11-13853_110q.htm"
  },
  {
    "date": "2011-03-31",
    "symbol": "AON",
    "reportedCurrency": "USD",
    "cik": "0000315293",
    "fillingDate": "2011-05-05",
    "acceptedDate": "2011-05-05 16:36:32",
    "calendarYear": "2011",
    "period": "Q1",
    "revenue": 2759000000,
    "costOfRevenue": 0,
    "grossProfit": 2759000000,
    "grossProfitRatio": 1,
    "researchAndDevelopmentExpenses": 0,
    "generalAndAdministrativeExpenses": 2361000000,
    "sellingAndMarketingExpenses": 0,
    "sellingGeneralAndAdministrativeExpenses": 2361000000,
    "otherExpenses": 0,
    "operatingExpenses": 2361000000,
    "costAndExpenses": 2361000000,
    "interestIncome": 6000000,
    "interestExpense": 63000000,
    "depreciationAndAmortization": 144000000,
    "ebitda": 563000000,
    "ebitdaratio": 0.2040594418,
    "operatingIncome": 398000000,
    "operatingIncomeRatio": 0.1442551649,
    "totalOtherIncomeExpensesNet": -42000000,
    "incomeBeforeTax": 356000000,
    "incomeBeforeTaxRatio": 0.1290322581,
    "incomeTaxExpense": 103000000,
    "netIncome": 246000000,
    "netIncomeRatio": 0.0891627401,
    "eps": 0.72,
    "epsdiluted": 0.71,
    "weightedAverageShsOut": 341666667,
    "weightedAverageShsOutDil": 345400000,
    "link": "https://www.sec.gov/Archives/edgar/data/315293/000110465911026364/0001104659-11-026364-index.htm",
    "finalLink": "https://www.sec.gov/Archives/edgar/data/315293/000110465911026364/a11-8884_110q.htm"
  },
  {
    "date": "2010-12-31",
    "symbol": "AON",
    "reportedCurrency": "USD",
    "cik": "0000315293",
    "fillingDate": "2011-02-25",
    "acceptedDate": "2011-02-25 17:20:56",
    "calendarYear": "2010",
    "period": "Q4",
    "revenue": 2909000000,
    "costOfRevenue": 0,
    "grossProfit": 2909000000,
    "grossProfitRatio": 1,
    "researchAndDevelopmentExpenses": 0,
    "generalAndAdministrativeExpenses": 2487000000,
    "sellingAndMarketingExpenses": 0,
    "sellingGeneralAndAdministrativeExpenses": 2487000000,
    "otherExpenses": 0,
    "operatingExpenses": 2487000000,
    "costAndExpenses": 2487000000,
    "interestIncome": 6000000,
    "interestExpense": 65000000,
    "depreciationAndAmortization": 126000000,
    "ebitda": 551000000,
    "ebitdaratio": 0.1894121691,
    "operatingIncome": 422000000,
    "operatingIncomeRatio": 0.1450670333,
    "totalOtherIncomeExpensesNet": -62000000,
    "incomeBeforeTax": 360000000,
    "incomeBeforeTaxRatio": 0.1237538673,
    "incomeTaxExpense": 118000000,
    "netIncome": 231000000,
    "netIncomeRatio": 0.0794087315,
    "eps": 0.68,
    "epsdiluted": 0.67,
    "weightedAverageShsOut": 341666667,
    "weightedAverageShsOutDil": 345400000,
    "link": "https://www.sec.gov/Archives/edgar/data/315293/000104746911001427/0001047469-11-001427-index.htm",
    "finalLink": "https://www.sec.gov/Archives/edgar/data/315293/000104746911001427/a2202065z10-k.htm"
  },
  {
    "date": "2010-09-30",
    "symbol": "AON",
    "reportedCurrency": "USD",
    "cik": "0000315293",
    "fillingDate": "2010-11-04",
    "acceptedDate": "2010-11-04 17:23:26",
    "calendarYear": "2010",
    "period": "Q3",
    "revenue": 1801000000,
    "costOfRevenue": 0,
    "grossProfit": 1801000000,
    "grossProfitRatio": 1,
    "researchAndDevelopmentExpenses": 0,
    "generalAndAdministrativeExpenses": 1538000000,
    "sellingAndMarketingExpenses": 0,
    "sellingGeneralAndAdministrativeExpenses": 1538000000,
    "otherExpenses": 0,
    "operatingExpenses": 1538000000,
    "costAndExpenses": 1538000000,
    "interestIncome": 4000000,
    "interestExpense": 50000000,
    "depreciationAndAmortization": 61000000,
    "ebitda": 319000000,
    "ebitdaratio": 0.1771238201,
    "operatingIncome": 263000000,
    "operatingIncomeRatio": 0.1460299833,
    "totalOtherIncomeExpensesNet": -55000000,
    "incomeBeforeTax": 208000000,
    "incomeBeforeTaxRatio": 0.1154913937,
    "incomeTaxExpense": 61000000,
    "netIncome": 144000000,
    "netIncomeRatio": 0.0799555802,
    "eps": 0.52,
    "epsdiluted": 0.51,
    "weightedAverageShsOut": 276923077,
    "weightedAverageShsOutDil": 282200000,
    "link": "https://www.sec.gov/Archives/edgar/data/315293/000110465910056151/0001104659-10-056151-index.htm",
    "finalLink": "https://www.sec.gov/Archives/edgar/data/315293/000110465910056151/a10-17273_110q.htm"
  },
  {
    "date": "2010-06-30",
    "symbol": "AON",
    "reportedCurrency": "USD",
    "cik": "0000315293",
    "fillingDate": "2010-08-06",
    "acceptedDate": "2010-08-06 16:01:17",
    "calendarYear": "2010",
    "period": "Q2",
    "revenue": 1898000000,
    "costOfRevenue": 0,
    "grossProfit": 1898000000,
    "grossProfitRatio": 1,
    "researchAndDevelopmentExpenses": 0,
    "generalAndAdministrativeExpenses": 1630000000,
    "sellingAndMarketingExpenses": 0,
    "sellingGeneralAndAdministrativeExpenses": 1630000000,
    "otherExpenses": 0,
    "operatingExpenses": 1630000000,
    "costAndExpenses": 1630000000,
    "interestIncome": 4000000,
    "interestExpense": 33000000,
    "depreciationAndAmortization": 60000000,
    "ebitda": 337000000,
    "ebitdaratio": 0.1775553214,
    "operatingIncome": 268000000,
    "operatingIncomeRatio": 0.1412012645,
    "totalOtherIncomeExpensesNet": -24000000,
    "incomeBeforeTax": 244000000,
    "incomeBeforeTaxRatio": 0.1285563751,
    "incomeTaxExpense": 60000000,
    "netIncome": 153000000,
    "netIncomeRatio": 0.0806111697,
    "eps": 0.55,
    "epsdiluted": 0.54,
    "weightedAverageShsOut": 278181818,
    "weightedAverageShsOutDil": 282600000,
    "link": "https://www.sec.gov/Archives/edgar/data/315293/000110465910042738/0001104659-10-042738-index.htm",
    "finalLink": "https://www.sec.gov/Archives/edgar/data/315293/000110465910042738/a10-12609_110q.htm"
  },
  {
    "date": "2010-03-31",
    "symbol": "AON",
    "reportedCurrency": "USD",
    "cik": "0000315293",
    "fillingDate": "2010-05-04",
    "acceptedDate": "2010-05-04 16:14:55",
    "calendarYear": "2010",
    "period": "Q1",
    "revenue": 1904000000,
    "costOfRevenue": 0,
    "grossProfit": 1904000000,
    "grossProfitRatio": 1,
    "researchAndDevelopmentExpenses": 0,
    "generalAndAdministrativeExpenses": 1631000000,
    "sellingAndMarketingExpenses": 0,
    "sellingGeneralAndAdministrativeExpenses": 1631000000,
    "otherExpenses": 0,
    "operatingExpenses": 1631000000,
    "costAndExpenses": 1631000000,
    "interestIncome": 1000000,
    "interestExpense": 34000000,
    "depreciationAndAmortization": 58000000,
    "ebitda": 339000000,
    "ebitdaratio": 0.1780462185,
    "operatingIncome": 273000000,
    "operatingIncomeRatio": 0.1433823529,
    "totalOtherIncomeExpensesNet": -26000000,
    "incomeBeforeTax": 247000000,
    "incomeBeforeTaxRatio": 0.1297268908,
    "incomeTaxExpense": 61000000,
    "netIncome": 178000000,
    "netIncomeRatio": 0.093487395,
    "eps": 0.65,
    "epsdiluted": 0.63,
    "weightedAverageShsOut": 275900000,
    "weightedAverageShsOutDil": 283400000,
    "link": "https://www.sec.gov/Archives/edgar/data/315293/000110465910025227/0001104659-10-025227-index.htm",
    "finalLink": "https://www.sec.gov/Archives/edgar/data/315293/000110465910025227/a10-5733_110q.htm"
  },
  {
    "date": "2009-12-31",
    "symbol": "AON",
    "reportedCurrency": "USD",
    "cik": "0000315293",
    "fillingDate": "2010-02-26",
    "acceptedDate": "2010-02-26 16:16:58",
    "calendarYear": "2009",
    "period": "Q4",
    "revenue": 2048000000,
    "costOfRevenue": 0,
    "grossProfit": 2048000000,
    "grossProfitRatio": 1,
    "researchAndDevelopmentExpenses": 0,
    "generalAndAdministrativeExpenses": 2020000000,
    "sellingAndMarketingExpenses": 0,
    "sellingGeneralAndAdministrativeExpenses": 2020000000,
    "otherExpenses": -174000000,
    "operatingExpenses": 1846000000,
    "costAndExpenses": 1846000000,
    "interestIncome": 0,
    "interestExpense": 35000000,
    "depreciationAndAmortization": 68000000,
    "ebitda": 321000000,
    "ebitdaratio": 0.1567382813,
    "operatingIncome": 202000000,
    "operatingIncomeRatio": 0.0986328125,
    "totalOtherIncomeExpensesNet": 16000000,
    "incomeBeforeTax": 218000000,
    "incomeBeforeTaxRatio": 0.1064453125,
    "incomeTaxExpense": 56000000,
    "netIncome": 198000000,
    "netIncomeRatio": 0.0966796875,
    "eps": 0.72,
    "epsdiluted": 0.7,
    "weightedAverageShsOut": 275900000,
    "weightedAverageShsOutDil": 283400000,
    "link": "https://www.sec.gov/Archives/edgar/data/315293/000104746910001535/0001047469-10-001535-index.htm",
    "finalLink": "https://www.sec.gov/Archives/edgar/data/315293/000104746910001535/a2196344z10-k.htm"
  },
  {
    "date": "2009-09-30",
    "symbol": "AON",
    "reportedCurrency": "USD",
    "cik": "0000315293",
    "fillingDate": "2009-11-03",
    "acceptedDate": "2009-11-03 16:20:28",
    "calendarYear": "2009",
    "period": "Q3",
    "revenue": 1794000000,
    "costOfRevenue": 0,
    "grossProfit": 1794000000,
    "grossProfitRatio": 1,
    "researchAndDevelopmentExpenses": 0,
    "generalAndAdministrativeExpenses": 1600000000,
    "sellingAndMarketingExpenses": 0,
    "sellingGeneralAndAdministrativeExpenses": 1600000000,
    "otherExpenses": 0,
    "operatingExpenses": 1600000000,
    "costAndExpenses": 1600000000,
    "interestIncome": 3000000,
    "interestExpense": 32000000,
    "depreciationAndAmortization": 56000000,
    "ebitda": 266000000,
    "ebitdaratio": 0.1482720178,
    "operatingIncome": 194000000,
    "operatingIncomeRatio": 0.1081382386,
    "totalOtherIncomeExpensesNet": -16000000,
    "incomeBeforeTax": 178000000,
    "incomeBeforeTaxRatio": 0.099219621,
    "incomeTaxExpense": 47000000,
    "netIncome": 120000000,
    "netIncomeRatio": 0.0668896321,
    "eps": 0.42,
    "epsdiluted": 0.41,
    "weightedAverageShsOut": 285714286,
    "weightedAverageShsOutDil": 292100000,
    "link": "https://www.sec.gov/Archives/edgar/data/315293/000110465909062181/0001104659-09-062181-index.htm",
    "finalLink": "https://www.sec.gov/Archives/edgar/data/315293/000110465909062181/a09-30756_110q.htm"
  },
  {
    "date": "2009-06-30",
    "symbol": "AON",
    "reportedCurrency": "USD",
    "cik": "0000315293",
    "fillingDate": "2009-08-07",
    "acceptedDate": "2009-08-07 16:03:11",
    "calendarYear": "2009",
    "period": "Q2",
    "revenue": 1882000000,
    "costOfRevenue": 0,
    "grossProfit": 1882000000,
    "grossProfitRatio": 1,
    "researchAndDevelopmentExpenses": 0,
    "generalAndAdministrativeExpenses": 1662000000,
    "sellingAndMarketingExpenses": 0,
    "sellingGeneralAndAdministrativeExpenses": 1662000000,
    "otherExpenses": 0,
    "operatingExpenses": 1662000000,
    "costAndExpenses": 1662000000,
    "interestIncome": 2000000,
    "interestExpense": 26000000,
    "depreciationAndAmortization": 58000000,
    "ebitda": 294000000,
    "ebitdaratio": 0.1562167906,
    "operatingIncome": 220000000,
    "operatingIncomeRatio": 0.1168969182,
    "totalOtherIncomeExpensesNet": -10000000,
    "incomeBeforeTax": 210000000,
    "incomeBeforeTaxRatio": 0.1115834219,
    "incomeTaxExpense": 57000000,
    "netIncome": 149000000,
    "netIncomeRatio": 0.0791710946,
    "eps": 0.53,
    "epsdiluted": 0.52,
    "weightedAverageShsOut": 281132075,
    "weightedAverageShsOutDil": 289100000,
    "link": "https://www.sec.gov/Archives/edgar/data/315293/000110465909048222/0001104659-09-048222-index.htm",
    "finalLink": "https://www.sec.gov/Archives/edgar/data/315293/000110465909048222/a09-14241_110q.htm"
  },
  {
    "date": "2009-03-31",
    "symbol": "AON",
    "reportedCurrency": "USD",
    "cik": "0000315293",
    "fillingDate": "2009-05-08",
    "acceptedDate": "2009-05-08 17:14:39",
    "calendarYear": "2009",
    "period": "Q1",
    "revenue": 1846000000,
    "costOfRevenue": 0,
    "grossProfit": 1846000000,
    "grossProfitRatio": 1,
    "researchAndDevelopmentExpenses": 0,
    "generalAndAdministrativeExpenses": 1480000000,
    "sellingAndMarketingExpenses": 0,
    "sellingGeneralAndAdministrativeExpenses": 1480000000,
    "otherExpenses": 0,
    "operatingExpenses": 1480000000,
    "costAndExpenses": 1480000000,
    "interestIncome": 7000000,
    "interestExpense": 29000000,
    "depreciationAndAmortization": 60000000,
    "ebitda": 432000000,
    "ebitdaratio": 0.2340195016,
    "operatingIncome": 366000000,
    "operatingIncomeRatio": 0.1982665222,
    "totalOtherIncomeExpensesNet": -23000000,
    "incomeBeforeTax": 343000000,
    "incomeBeforeTaxRatio": 0.1858071506,
    "incomeTaxExpense": 108000000,
    "netIncome": 280000000,
    "netIncomeRatio": 0.1516793066,
    "eps": 0.99,
    "epsdiluted": 0.96,
    "weightedAverageShsOut": 284300000,
    "weightedAverageShsOutDil": 292000000,
    "link": "https://www.sec.gov/Archives/edgar/data/315293/000110465909031127/0001104659-09-031127-index.htm",
    "finalLink": "https://www.sec.gov/Archives/edgar/data/315293/000110465909031127/a09-11078_110q.htm"
  },
  {
    "date": "2008-12-31",
    "symbol": "AON",
    "reportedCurrency": "USD",
    "cik": "0000315293",
    "fillingDate": "2009-03-02",
    "acceptedDate": "2009-03-02 16:27:42",
    "calendarYear": "2008",
    "period": "Q4",
    "revenue": 1920000000,
    "costOfRevenue": 0,
    "grossProfit": 1920000000,
    "grossProfitRatio": 1,
    "researchAndDevelopmentExpenses": 0,
    "generalAndAdministrativeExpenses": 1599000000,
    "sellingAndMarketingExpenses": 0,
    "sellingGeneralAndAdministrativeExpenses": 1599000000,
    "otherExpenses": 65000000,
    "operatingExpenses": 1664000000,
    "costAndExpenses": 1664000000,
    "interestIncome": 0,
    "interestExpense": 30000000,
    "depreciationAndAmortization": 65000000,
    "ebitda": 273000000,
    "ebitdaratio": 0.1421875,
    "operatingIncome": 256000000,
    "operatingIncomeRatio": 0.1333333333,
    "totalOtherIncomeExpensesNet": -78000000,
    "incomeBeforeTax": 178000000,
    "incomeBeforeTaxRatio": 0.0927083333,
    "incomeTaxExpense": 51000000,
    "netIncome": -6000000,
    "netIncomeRatio": -0.003125,
    "eps": -0.0211,
    "epsdiluted": -0.0208,
    "weightedAverageShsOut": 284300000,
    "weightedAverageShsOutDil": 288800000,
    "link": "https://www.sec.gov/Archives/edgar/data/315293/000104746909002122/0001047469-09-002122-index.htm",
    "finalLink": "https://www.sec.gov/Archives/edgar/data/315293/000104746909002122/a2190823z10-k.htm"
  },
  {
    "date": "2008-09-30",
    "symbol": "AON",
    "reportedCurrency": "USD",
    "cik": "0000315293",
    "fillingDate": "2008-11-07",
    "acceptedDate": "2008-11-07 16:19:31",
    "calendarYear": "2008",
    "period": "Q3",
    "revenue": 1846000000,
    "costOfRevenue": 0,
    "grossProfit": 1846000000,
    "grossProfitRatio": 1,
    "researchAndDevelopmentExpenses": 0,
    "generalAndAdministrativeExpenses": 1550000000,
    "sellingAndMarketingExpenses": 0,
    "sellingGeneralAndAdministrativeExpenses": 1550000000,
    "otherExpenses": 49000000,
    "operatingExpenses": 1599000000,
    "costAndExpenses": 1599000000,
    "interestIncome": 0,
    "interestExpense": 32000000,
    "depreciationAndAmortization": 49000000,
    "ebitda": 299000000,
    "ebitdaratio": 0.161971831,
    "operatingIncome": 247000000,
    "operatingIncomeRatio": 0.1338028169,
    "totalOtherIncomeExpensesNet": -29000000,
    "incomeBeforeTax": 218000000,
    "incomeBeforeTaxRatio": 0.1180931744,
    "incomeTaxExpense": 59000000,
    "netIncome": 117000000,
    "netIncomeRatio": 0.0633802817,
    "eps": 0.43,
    "epsdiluted": 0.4,
    "weightedAverageShsOut": 272093023,
    "weightedAverageShsOutDil": 290300000,
    "link": "https://www.sec.gov/Archives/edgar/data/315293/000110465908069209/0001104659-08-069209-index.htm",
    "finalLink": "https://www.sec.gov/Archives/edgar/data/315293/000110465908069209/a08-25372_110q.htm"
  },
  {
    "date": "2008-06-30",
    "symbol": "AON",
    "reportedCurrency": "USD",
    "cik": "0000315293",
    "fillingDate": "2008-08-08",
    "acceptedDate": "2008-08-08 16:09:08",
    "calendarYear": "2008",
    "period": "Q2",
    "revenue": 1956000000,
    "costOfRevenue": 0,
    "grossProfit": 1956000000,
    "grossProfitRatio": 1,
    "researchAndDevelopmentExpenses": 0,
    "generalAndAdministrativeExpenses": 1643000000,
    "sellingAndMarketingExpenses": 0,
    "sellingGeneralAndAdministrativeExpenses": 1643000000,
    "otherExpenses": 58000000,
    "operatingExpenses": 1701000000,
    "costAndExpenses": 1701000000,
    "interestIncome": 0,
    "interestExpense": 31000000,
    "depreciationAndAmortization": 58000000,
    "ebitda": 315000000,
    "ebitdaratio": 0.1610429448,
    "operatingIncome": 255000000,
    "operatingIncomeRatio": 0.1303680982,
    "totalOtherIncomeExpensesNet": -29000000,
    "incomeBeforeTax": 226000000,
    "incomeBeforeTaxRatio": 0.1155419223,
    "incomeTaxExpense": 57000000,
    "netIncome": 1133000000,
    "netIncomeRatio": 0.5792433538,
    "eps": 3.82,
    "epsdiluted": 3.71,
    "weightedAverageShsOut": 289500000,
    "weightedAverageShsOutDil": 305300000,
    "link": "https://www.sec.gov/Archives/edgar/data/315293/000110465908051363/0001104659-08-051363-index.htm",
    "finalLink": "https://www.sec.gov/Archives/edgar/data/315293/000110465908051363/a08-18671_110q.htm"
  },
  {
    "date": "2008-03-31",
    "symbol": "AON",
    "reportedCurrency": "USD",
    "cik": "0000315293",
    "fillingDate": "2008-05-09",
    "acceptedDate": "2008-05-09 16:02:21",
    "calendarYear": "2008",
    "period": "Q1",
    "revenue": 1905000000,
    "costOfRevenue": 0,
    "grossProfit": 1905000000,
    "grossProfitRatio": 1,
    "researchAndDevelopmentExpenses": 0,
    "generalAndAdministrativeExpenses": 1568000000,
    "sellingAndMarketingExpenses": 0,
    "sellingGeneralAndAdministrativeExpenses": 1568000000,
    "otherExpenses": 50000000,
    "operatingExpenses": 1618000000,
    "costAndExpenses": 1618000000,
    "interestIncome": 0,
    "interestExpense": 33000000,
    "depreciationAndAmortization": 50000000,
    "ebitda": 341000000,
    "ebitdaratio": 0.1790026247,
    "operatingIncome": 287000000,
    "operatingIncomeRatio": 0.150656168,
    "totalOtherIncomeExpensesNet": -29000000,
    "incomeBeforeTax": 258000000,
    "incomeBeforeTaxRatio": 0.1354330709,
    "incomeTaxExpense": 76000000,
    "netIncome": 218000000,
    "netIncomeRatio": 0.1144356955,
    "eps": 0.7,
    "epsdiluted": 0.68,
    "weightedAverageShsOut": 311900000,
    "weightedAverageShsOutDil": 319800000,
    "link": "https://www.sec.gov/Archives/edgar/data/315293/000110465908031853/0001104659-08-031853-index.htm",
    "finalLink": "https://www.sec.gov/Archives/edgar/data/315293/000110465908031853/a08-11280_110q.htm"
  },
  {
    "date": "2007-12-31",
    "symbol": "AON",
    "reportedCurrency": "USD",
    "cik": "0000315293",
    "fillingDate": "2008-02-28",
    "acceptedDate": "2008-02-28 16:42:26",
    "calendarYear": "2007",
    "period": "Q4",
    "revenue": 195000000,
    "costOfRevenue": 0,
    "grossProfit": 0,
    "grossProfitRatio": 0,
    "researchAndDevelopmentExpenses": 0,
    "generalAndAdministrativeExpenses": 2599000000,
    "sellingAndMarketingExpenses": 0,
    "sellingGeneralAndAdministrativeExpenses": 2599000000,
    "otherExpenses": -2477000000,
    "operatingExpenses": 122000000,
    "costAndExpenses": 122000000,
    "interestIncome": 0,
    "interestExpense": 0,
    "depreciationAndAmortization": 87000000,
    "ebitda": 158000000,
    "ebitdaratio": 0.8102564103,
    "operatingIncome": 73000000,
    "operatingIncomeRatio": 0.3743589744,
    "totalOtherIncomeExpensesNet": -37000000,
    "incomeBeforeTax": 36000000,
    "incomeBeforeTaxRatio": 0.1846153846,
    "incomeTaxExpense": 2000000,
    "netIncome": 207000000,
    "netIncomeRatio": 1.0615384615,
    "eps": 0.68,
    "epsdiluted": 0.65,
    "weightedAverageShsOut": 304000000,
    "weightedAverageShsOutDil": 319800000,
    "link": "https://www.sec.gov/Archives/edgar/data/315293/000104746908001929/0001047469-08-001929-index.htm",
    "finalLink": "https://www.sec.gov/Archives/edgar/data/315293/000104746908001929/a2182853z10-k.htm"
  },
  {
    "date": "2007-09-30",
    "symbol": "AON",
    "reportedCurrency": "USD",
    "cik": "0000315293",
    "fillingDate": "2007-11-08",
    "acceptedDate": "2007-11-08 15:09:25",
    "calendarYear": "2007",
    "period": "Q3",
    "revenue": 1749000000,
    "costOfRevenue": 0,
    "grossProfit": 1749000000,
    "grossProfitRatio": 1,
    "researchAndDevelopmentExpenses": 0,
    "generalAndAdministrativeExpenses": 1445000000,
    "sellingAndMarketingExpenses": 0,
    "sellingGeneralAndAdministrativeExpenses": 1445000000,
    "otherExpenses": 48000000,
    "operatingExpenses": 1493000000,
    "costAndExpenses": 1493000000,
    "interestIncome": 0,
    "interestExpense": 33000000,
    "depreciationAndAmortization": 50000000,
    "ebitda": 306000000,
    "ebitdaratio": 0.1749571184,
    "operatingIncome": 256000000,
    "operatingIncomeRatio": 0.1463693539,
    "totalOtherIncomeExpensesNet": -33000000,
    "incomeBeforeTax": 223000000,
    "incomeBeforeTaxRatio": 0.1275014294,
    "incomeTaxExpense": 93000000,
    "netIncome": 204000000,
    "netIncomeRatio": 0.1166380789,
    "eps": 0.69,
    "epsdiluted": 0.64,
    "weightedAverageShsOut": 295000000,
    "weightedAverageShsOutDil": 321500000,
    "link": "https://www.sec.gov/Archives/edgar/data/315293/000110465907081144/0001104659-07-081144-index.htm",
    "finalLink": "https://www.sec.gov/Archives/edgar/data/315293/000110465907081144/a07-25519_110q.htm"
  },
  {
    "date": "2007-06-30",
    "symbol": "AON",
    "reportedCurrency": "USD",
    "cik": "0000315293",
    "fillingDate": "2007-08-09",
    "acceptedDate": "2007-08-09 11:07:43",
    "calendarYear": "2007",
    "period": "Q2",
    "revenue": 1866000000,
    "costOfRevenue": 0,
    "grossProfit": 1866000000,
    "grossProfitRatio": 1,
    "researchAndDevelopmentExpenses": 0,
    "generalAndAdministrativeExpenses": 1534000000,
    "sellingAndMarketingExpenses": 0,
    "sellingGeneralAndAdministrativeExpenses": 1534000000,
    "otherExpenses": 46000000,
    "operatingExpenses": 1580000000,
    "costAndExpenses": 1580000000,
    "interestIncome": 0,
    "interestExpense": 34000000,
    "depreciationAndAmortization": 49000000,
    "ebitda": 364000000,
    "ebitdaratio": 0.1950696677,
    "operatingIncome": 286000000,
    "operatingIncomeRatio": 0.1532690247,
    "totalOtherIncomeExpensesNet": -5000000,
    "incomeBeforeTax": 281000000,
    "incomeBeforeTaxRatio": 0.1505894962,
    "incomeTaxExpense": 98000000,
    "netIncome": 240000000,
    "netIncomeRatio": 0.1286173633,
    "eps": 0.81,
    "epsdiluted": 0.75,
    "weightedAverageShsOut": 296000000,
    "weightedAverageShsOutDil": 321900000,
    "link": "https://www.sec.gov/Archives/edgar/data/315293/000110465907060638/0001104659-07-060638-index.htm",
    "finalLink": "https://www.sec.gov/Archives/edgar/data/315293/000110465907060638/a07-18825_110q.htm"
  },
  {
    "date": "2007-03-31",
    "symbol": "AON",
    "reportedCurrency": "USD",
    "cik": "0000315293",
    "fillingDate": "2007-05-10",
    "acceptedDate": "2007-05-10 12:18:34",
    "calendarYear": "2007",
    "period": "Q1",
    "revenue": 1798000000,
    "costOfRevenue": 0,
    "grossProfit": 0,
    "grossProfitRatio": 0,
    "researchAndDevelopmentExpenses": 0,
    "generalAndAdministrativeExpenses": 1053000000,
    "sellingAndMarketingExpenses": 0,
    "sellingGeneralAndAdministrativeExpenses": 1053000000,
    "otherExpenses": 470000000,
    "operatingExpenses": 1523000000,
    "costAndExpenses": 1523000000,
    "interestIncome": 0,
    "interestExpense": 0,
    "depreciationAndAmortization": 50000000,
    "ebitda": 325000000,
    "ebitdaratio": 0.180756396,
    "operatingIncome": 275000000,
    "operatingIncomeRatio": 0.1529477197,
    "totalOtherIncomeExpensesNet": -35000000,
    "incomeBeforeTax": 240000000,
    "incomeBeforeTaxRatio": 0.1334816463,
    "incomeTaxExpense": 75000000,
    "netIncome": 213000000,
    "netIncomeRatio": 0.1184649611,
    "eps": 0.71,
    "epsdiluted": 0.66,
    "weightedAverageShsOut": 298000000,
    "weightedAverageShsOutDil": 324400000,
    "link": "https://www.sec.gov/Archives/edgar/data/315293/000110465907038033/0001104659-07-038033-index.htm",
    "finalLink": "https://www.sec.gov/Archives/edgar/data/315293/000110465907038033/a07-10775_110q.htm"
  },
  {
    "date": "2006-12-31",
    "symbol": "AON",
    "reportedCurrency": "USD",
    "cik": "0000315293",
    "fillingDate": "2007-03-01",
    "acceptedDate": "2007-03-01 17:18:36",
    "calendarYear": "2006",
    "period": "Q4",
    "revenue": 2413000000,
    "costOfRevenue": 0,
    "grossProfit": 0,
    "grossProfitRatio": 0,
    "researchAndDevelopmentExpenses": 0,
    "generalAndAdministrativeExpenses": 3179000000,
    "sellingAndMarketingExpenses": 0,
    "sellingGeneralAndAdministrativeExpenses": 3179000000,
    "otherExpenses": -1044000000,
    "operatingExpenses": 2135000000,
    "costAndExpenses": 2135000000,
    "interestIncome": 0,
    "interestExpense": 0,
    "depreciationAndAmortization": -83000000,
    "ebitda": 350000000,
    "ebitdaratio": 0.1450476585,
    "operatingIncome": 278000000,
    "operatingIncomeRatio": 0.1152092831,
    "totalOtherIncomeExpensesNet": -30000000,
    "incomeBeforeTax": 248000000,
    "incomeBeforeTaxRatio": 0.1027766266,
    "incomeTaxExpense": 60000000,
    "netIncome": 223000000,
    "netIncomeRatio": 0.0924160796,
    "eps": 0.74,
    "epsdiluted": 0.69,
    "weightedAverageShsOut": 300000000,
    "weightedAverageShsOutDil": 324400000,
    "link": "https://www.sec.gov/Archives/edgar/data/315293/000104746907001537/0001047469-07-001537-index.htm",
    "finalLink": "https://www.sec.gov/Archives/edgar/data/315293/000104746907001537/a2176366z10-k.htm"
  },
  {
    "date": "2006-09-30",
    "symbol": "AON",
    "reportedCurrency": "USD",
    "cik": "0000315293",
    "fillingDate": "2006-11-09",
    "acceptedDate": "2006-11-09 16:53:20",
    "calendarYear": "2006",
    "period": "Q3",
    "revenue": 2168000000,
    "costOfRevenue": 0,
    "grossProfit": 0,
    "grossProfitRatio": 0,
    "researchAndDevelopmentExpenses": 0,
    "generalAndAdministrativeExpenses": 1116000000,
    "sellingAndMarketingExpenses": 0,
    "sellingGeneralAndAdministrativeExpenses": 1116000000,
    "otherExpenses": 879000000,
    "operatingExpenses": 1995000000,
    "costAndExpenses": 1995000000,
    "interestIncome": 0,
    "interestExpense": 0,
    "depreciationAndAmortization": 44000000,
    "ebitda": 229000000,
    "ebitdaratio": 0.1056273063,
    "operatingIncome": 173000000,
    "operatingIncomeRatio": 0.079797048,
    "totalOtherIncomeExpensesNet": -34000000,
    "incomeBeforeTax": 139000000,
    "incomeBeforeTaxRatio": 0.0641143911,
    "incomeTaxExpense": 49000000,
    "netIncome": 106000000,
    "netIncomeRatio": 0.0488929889,
    "eps": 0.34,
    "epsdiluted": 0.32,
    "weightedAverageShsOut": 340100000,
    "weightedAverageShsOutDil": 340100000,
    "link": "https://www.sec.gov/Archives/edgar/data/315293/000110465906073688/0001104659-06-073688-index.htm",
    "finalLink": "https://www.sec.gov/Archives/edgar/data/315293/000110465906073688/a06-21629_110q.htm"
  },
  {
    "date": "2006-06-30",
    "symbol": "AON",
    "reportedCurrency": "USD",
    "cik": "0000315293",
    "fillingDate": "2006-08-09",
    "acceptedDate": "2006-08-09 17:04:53",
    "calendarYear": "2006",
    "period": "Q2",
    "revenue": 2208000000,
    "costOfRevenue": 0,
    "grossProfit": 0,
    "grossProfitRatio": 0,
    "researchAndDevelopmentExpenses": 0,
    "generalAndAdministrativeExpenses": 1590000000,
    "sellingAndMarketingExpenses": 0,
    "sellingGeneralAndAdministrativeExpenses": 1590000000,
    "otherExpenses": 317000000,
    "operatingExpenses": 1907000000,
    "costAndExpenses": 1907000000,
    "interestIncome": 0,
    "interestExpense": 0,
    "depreciationAndAmortization": 47000000,
    "ebitda": 356000000,
    "ebitdaratio": 0.1612318841,
    "operatingIncome": 301000000,
    "operatingIncomeRatio": 0.1363224638,
    "totalOtherIncomeExpensesNet": -34000000,
    "incomeBeforeTax": 267000000,
    "incomeBeforeTaxRatio": 0.120923913,
    "incomeTaxExpense": 92000000,
    "netIncome": 193000000,
    "netIncomeRatio": 0.0874094203,
    "eps": 0.6,
    "epsdiluted": 0.57,
    "weightedAverageShsOut": 320000000,
    "weightedAverageShsOutDil": 344800000,
    "link": "https://www.sec.gov/Archives/edgar/data/315293/000110465906053238/0001104659-06-053238-index.htm",
    "finalLink": "https://www.sec.gov/Archives/edgar/data/315293/000110465906053238/a06-15282_110q.htm"
  },
  {
    "date": "2006-03-31",
    "symbol": "AON",
    "reportedCurrency": "USD",
    "cik": "0000315293",
    "fillingDate": "2006-05-10",
    "acceptedDate": "2006-05-10 17:13:22",
    "calendarYear": "2006",
    "period": "Q1",
    "revenue": 2165000000,
    "costOfRevenue": 0,
    "grossProfit": 0,
    "grossProfitRatio": 0,
    "researchAndDevelopmentExpenses": 0,
    "generalAndAdministrativeExpenses": 1097000000,
    "sellingAndMarketingExpenses": 0,
    "sellingGeneralAndAdministrativeExpenses": 1097000000,
    "otherExpenses": 802000000,
    "operatingExpenses": 1899000000,
    "costAndExpenses": 1899000000,
    "interestIncome": 0,
    "interestExpense": 0,
    "depreciationAndAmortization": 46000000,
    "ebitda": 576000000,
    "ebitdaratio": 0.2660508083,
    "operatingIncome": 266000000,
    "operatingIncomeRatio": 0.1228637413,
    "totalOtherIncomeExpensesNet": 0,
    "incomeBeforeTax": 266000000,
    "incomeBeforeTaxRatio": 0.1228637413,
    "incomeTaxExpense": 93000000,
    "netIncome": 198000000,
    "netIncomeRatio": 0.0914549654,
    "eps": 0.61,
    "epsdiluted": 0.57,
    "weightedAverageShsOut": 324590164,
    "weightedAverageShsOutDil": 350200000,
    "link": "https://www.sec.gov/Archives/edgar/data/315293/000110465906033419/0001104659-06-033419-index.htm",
    "finalLink": "https://www.sec.gov/Archives/edgar/data/315293/000110465906033419/a06-9358_110q.htm"
  },
  {
    "date": "2005-12-31",
    "symbol": "AON",
    "reportedCurrency": "USD",
    "cik": "0000315293",
    "fillingDate": "2006-03-09",
    "acceptedDate": "2006-03-09 16:53:35",
    "calendarYear": "2005",
    "period": "Q4",
    "revenue": 2523000000,
    "costOfRevenue": 0,
    "grossProfit": 0,
    "grossProfitRatio": 0,
    "researchAndDevelopmentExpenses": 0,
    "generalAndAdministrativeExpenses": 1843000000,
    "sellingAndMarketingExpenses": 0,
    "sellingGeneralAndAdministrativeExpenses": 1843000000,
    "otherExpenses": 444000000,
    "operatingExpenses": 2287000000,
    "costAndExpenses": 2287000000,
    "interestIncome": 0,
    "interestExpense": 0,
    "depreciationAndAmortization": 137000000,
    "ebitda": 374000000,
    "ebitdaratio": 0.1482362267,
    "operatingIncome": 236000000,
    "operatingIncomeRatio": 0.0935394372,
    "totalOtherIncomeExpensesNet": -31000000,
    "incomeBeforeTax": 205000000,
    "incomeBeforeTaxRatio": 0.0812524772,
    "incomeTaxExpense": 61000000,
    "netIncome": 224000000,
    "netIncomeRatio": 0.0887831946,
    "eps": 0.69,
    "epsdiluted": 0.64,
    "weightedAverageShsOut": 324590164,
    "weightedAverageShsOutDil": 350200000,
    "link": "https://www.sec.gov/Archives/edgar/data/315293/000104746906003130/0001047469-06-003130-index.htm",
    "finalLink": "https://www.sec.gov/Archives/edgar/data/315293/000104746906003130/a2167992z10-k.htm"
  },
  {
    "date": "2005-09-30",
    "symbol": "AON",
    "reportedCurrency": "USD",
    "cik": "0000315293",
    "fillingDate": "2005-11-08",
    "acceptedDate": "2005-11-08 17:29:53",
    "calendarYear": "2005",
    "period": "Q3",
    "revenue": 2018000000,
    "costOfRevenue": 0,
    "grossProfit": 0,
    "grossProfitRatio": 0,
    "researchAndDevelopmentExpenses": 0,
    "generalAndAdministrativeExpenses": 1697000000,
    "sellingAndMarketingExpenses": 0,
    "sellingGeneralAndAdministrativeExpenses": 1697000000,
    "otherExpenses": 148000000,
    "operatingExpenses": 1845000000,
    "costAndExpenses": 1845000000,
    "interestIncome": 0,
    "interestExpense": 0,
    "depreciationAndAmortization": 6000000,
    "ebitda": 250000000,
    "ebitdaratio": 0.1238850347,
    "operatingIncome": 173000000,
    "operatingIncomeRatio": 0.085728444,
    "totalOtherIncomeExpensesNet": -29000000,
    "incomeBeforeTax": 144000000,
    "incomeBeforeTaxRatio": 0.07135778,
    "incomeTaxExpense": 47000000,
    "netIncome": 122000000,
    "netIncomeRatio": 0.0604558969,
    "eps": 0.37,
    "epsdiluted": 0.36,
    "weightedAverageShsOut": 327027027,
    "weightedAverageShsOutDil": 342700000,
    "link": "https://www.sec.gov/Archives/edgar/data/315293/000110465905053611/0001104659-05-053611-index.htm",
    "finalLink": "https://www.sec.gov/Archives/edgar/data/315293/000110465905053611/a05-18062_110q.htm"
  },
  {
    "date": "2005-06-30",
    "symbol": "AON",
    "reportedCurrency": "USD",
    "cik": "0000315293",
    "fillingDate": "2005-08-05",
    "acceptedDate": "2005-08-05 17:16:45",
    "calendarYear": "2005",
    "period": "Q2",
    "revenue": 2148000000,
    "costOfRevenue": 0,
    "grossProfit": 0,
    "grossProfitRatio": 0,
    "researchAndDevelopmentExpenses": 0,
    "generalAndAdministrativeExpenses": 1552000000,
    "sellingAndMarketingExpenses": 0,
    "sellingGeneralAndAdministrativeExpenses": 1552000000,
    "otherExpenses": 319000000,
    "operatingExpenses": 1871000000,
    "costAndExpenses": 1871000000,
    "interestIncome": 0,
    "interestExpense": 0,
    "depreciationAndAmortization": 98000000,
    "ebitda": 375000000,
    "ebitdaratio": 0.1745810056,
    "operatingIncome": 277000000,
    "operatingIncomeRatio": 0.1289571695,
    "totalOtherIncomeExpensesNet": -31000000,
    "incomeBeforeTax": 246000000,
    "incomeBeforeTaxRatio": 0.1145251397,
    "incomeTaxExpense": 98000000,
    "netIncome": 191000000,
    "netIncomeRatio": 0.0889199255,
    "eps": 0.59,
    "epsdiluted": 0.57,
    "weightedAverageShsOut": 323728814,
    "weightedAverageShsOutDil": 338500000,
    "link": "https://www.sec.gov/Archives/edgar/data/315293/000110465905036909/0001104659-05-036909-index.htm",
    "finalLink": "https://www.sec.gov/Archives/edgar/data/315293/000110465905036909/a05-12701_110q.htm"
  },
  {
    "date": "2005-03-31",
    "symbol": "AON",
    "reportedCurrency": "USD",
    "cik": "0000315293",
    "fillingDate": "2005-05-09",
    "acceptedDate": "2005-05-09 16:13:21",
    "calendarYear": "2005",
    "period": "Q1",
    "revenue": 2464000000,
    "costOfRevenue": 0,
    "grossProfit": 0,
    "grossProfitRatio": 0,
    "researchAndDevelopmentExpenses": 0,
    "generalAndAdministrativeExpenses": 1123000000,
    "sellingAndMarketingExpenses": 0,
    "sellingGeneralAndAdministrativeExpenses": 1123000000,
    "otherExpenses": 997000000,
    "operatingExpenses": 2120000000,
    "costAndExpenses": 2120000000,
    "interestIncome": 0,
    "interestExpense": 0,
    "depreciationAndAmortization": 68000000,
    "ebitda": 412000000,
    "ebitdaratio": 0.1672077922,
    "operatingIncome": 344000000,
    "operatingIncomeRatio": 0.1396103896,
    "totalOtherIncomeExpensesNet": -34000000,
    "incomeBeforeTax": 310000000,
    "incomeBeforeTaxRatio": 0.1258116883,
    "incomeTaxExpense": 112000000,
    "netIncome": 200000000,
    "netIncomeRatio": 0.0811688312,
    "eps": 0.62,
    "epsdiluted": 0.59,
    "weightedAverageShsOut": 320967742,
    "weightedAverageShsOutDil": 337100000,
    "link": "https://www.sec.gov/Archives/edgar/data/315293/000110465905021676/0001104659-05-021676-index.htm",
    "finalLink": "https://www.sec.gov/Archives/edgar/data/315293/000110465905021676/a05-8045_110q.htm"
  },
  {
    "date": "2004-12-31",
    "symbol": "AON",
    "reportedCurrency": "USD",
    "cik": "0000315293",
    "fillingDate": "2005-03-16",
    "acceptedDate": "2005-03-15 18:52:18",
    "calendarYear": "2004",
    "period": "Q4",
    "revenue": 2662000000,
    "costOfRevenue": 0,
    "grossProfit": 0,
    "grossProfitRatio": 0,
    "researchAndDevelopmentExpenses": 0,
    "generalAndAdministrativeExpenses": 1964000000,
    "sellingAndMarketingExpenses": 0,
    "sellingGeneralAndAdministrativeExpenses": 1964000000,
    "otherExpenses": 553000000,
    "operatingExpenses": 2517000000,
    "costAndExpenses": 2517000000,
    "interestIncome": 0,
    "interestExpense": 0,
    "depreciationAndAmortization": 76000000,
    "ebitda": 401000000,
    "ebitdaratio": 0.1506386176,
    "operatingIncome": 145000000,
    "operatingIncomeRatio": 0.0544703231,
    "totalOtherIncomeExpensesNet": -35000000,
    "incomeBeforeTax": 110000000,
    "incomeBeforeTaxRatio": 0.041322314,
    "incomeTaxExpense": 26000000,
    "netIncome": 81000000,
    "netIncomeRatio": 0.0304282494,
    "eps": 0.25,
    "epsdiluted": 0.24,
    "weightedAverageShsOut": 320967742,
    "weightedAverageShsOutDil": 337100000,
    "link": "https://www.sec.gov/Archives/edgar/data/315293/000104746905006608/0001047469-05-006608-index.htm",
    "finalLink": "https://www.sec.gov/Archives/edgar/data/315293/000104746905006608/a2152901z10-k.htm"
  },
  {
    "date": "2004-09-30",
    "symbol": "AON",
    "reportedCurrency": "USD",
    "cik": "0000315293",
    "fillingDate": "2004-11-09",
    "acceptedDate": "2004-11-09 16:01:38",
    "calendarYear": "2004",
    "period": "Q3",
    "revenue": 2347000000,
    "costOfRevenue": 0,
    "grossProfit": 0,
    "grossProfitRatio": 0,
    "researchAndDevelopmentExpenses": 0,
    "generalAndAdministrativeExpenses": 1684000000,
    "sellingAndMarketingExpenses": 0,
    "sellingGeneralAndAdministrativeExpenses": 1684000000,
    "otherExpenses": 456000000,
    "operatingExpenses": 2140000000,
    "costAndExpenses": 2140000000,
    "interestIncome": 0,
    "interestExpense": 0,
    "depreciationAndAmortization": 78000000,
    "ebitda": 285000000,
    "ebitdaratio": 0.1214316148,
    "operatingIncome": 207000000,
    "operatingIncomeRatio": 0.0881976992,
    "totalOtherIncomeExpensesNet": -32000000,
    "incomeBeforeTax": 175000000,
    "incomeBeforeTaxRatio": 0.0745632723,
    "incomeTaxExpense": 62000000,
    "netIncome": 122000000,
    "netIncomeRatio": 0.0519812527,
    "eps": 0.38,
    "epsdiluted": 0.36,
    "weightedAverageShsOut": 318421053,
    "weightedAverageShsOutDil": 337400000,
    "link": "https://www.sec.gov/Archives/edgar/data/315293/000110465904034725/0001104659-04-034725-index.htm",
    "finalLink": "https://www.sec.gov/Archives/edgar/data/315293/000110465904034725/a04-12834_110q.htm"
  },
  {
    "date": "2004-06-30",
    "symbol": "AON",
    "reportedCurrency": "USD",
    "cik": "0000315293",
    "fillingDate": "2004-08-06",
    "acceptedDate": "2004-08-06 16:49:45",
    "calendarYear": "2004",
    "period": "Q2",
    "revenue": 2544000000,
    "costOfRevenue": 0,
    "grossProfit": 0,
    "grossProfitRatio": 0,
    "researchAndDevelopmentExpenses": 0,
    "generalAndAdministrativeExpenses": 1752000000,
    "sellingAndMarketingExpenses": 0,
    "sellingGeneralAndAdministrativeExpenses": 1752000000,
    "otherExpenses": 475000000,
    "operatingExpenses": 2227000000,
    "costAndExpenses": 2227000000,
    "interestIncome": 0,
    "interestExpense": 0,
    "depreciationAndAmortization": 84000000,
    "ebitda": 401000000,
    "ebitdaratio": 0.1576257862,
    "operatingIncome": 317000000,
    "operatingIncomeRatio": 0.1246069182,
    "totalOtherIncomeExpensesNet": -35000000,
    "incomeBeforeTax": 282000000,
    "incomeBeforeTaxRatio": 0.1108490566,
    "incomeTaxExpense": 102000000,
    "netIncome": 173000000,
    "netIncomeRatio": 0.0680031447,
    "eps": 0.54,
    "epsdiluted": 0.52,
    "weightedAverageShsOut": 320370370,
    "weightedAverageShsOutDil": 337100000,
    "link": "https://www.sec.gov/Archives/edgar/data/315293/000104746904025662/0001047469-04-025662-index.htm",
    "finalLink": "https://www.sec.gov/Archives/edgar/data/315293/000104746904025662/a2141543z10-q.htm"
  },
  {
    "date": "2004-03-31",
    "symbol": "AON",
    "reportedCurrency": "USD",
    "cik": "0000315293",
    "fillingDate": "2004-05-07",
    "acceptedDate": "2004-05-07 15:58:02",
    "calendarYear": "2004",
    "period": "Q1",
    "revenue": 2564000000,
    "costOfRevenue": 0,
    "grossProfit": 0,
    "grossProfitRatio": 0,
    "researchAndDevelopmentExpenses": 0,
    "generalAndAdministrativeExpenses": 1842000000,
    "sellingAndMarketingExpenses": -65000000,
    "sellingGeneralAndAdministrativeExpenses": 1777000000,
    "otherExpenses": 453000000,
    "operatingExpenses": 2230000000,
    "costAndExpenses": 2230000000,
    "interestIncome": 0,
    "interestExpense": 0,
    "depreciationAndAmortization": 71000000,
    "ebitda": 405000000,
    "ebitdaratio": 0.1579563183,
    "operatingIncome": 334000000,
    "operatingIncomeRatio": 0.1302652106,
    "totalOtherIncomeExpensesNet": -34000000,
    "incomeBeforeTax": 300000000,
    "incomeBeforeTaxRatio": 0.1170046802,
    "incomeTaxExpense": 108000000,
    "netIncome": 170000000,
    "netIncomeRatio": 0.0663026521,
    "eps": 0.53,
    "epsdiluted": 0.51,
    "weightedAverageShsOut": 318867925,
    "weightedAverageShsOutDil": 335300000,
    "link": "https://www.sec.gov/Archives/edgar/data/315293/000104746904016426/0001047469-04-016426-index.htm",
    "finalLink": "https://www.sec.gov/Archives/edgar/data/315293/000104746904016426/a2135966z10-q.htm"
  },
  {
    "date": "2003-12-31",
    "symbol": "AON",
    "reportedCurrency": "USD",
    "cik": "0000315293",
    "fillingDate": "2004-03-11",
    "acceptedDate": "2004-03-11 16:58:14",
    "calendarYear": "2003",
    "period": "Q4",
    "revenue": 2601000000,
    "costOfRevenue": 0,
    "grossProfit": 0,
    "grossProfitRatio": 0,
    "researchAndDevelopmentExpenses": 0,
    "generalAndAdministrativeExpenses": 1876000000,
    "sellingAndMarketingExpenses": 0,
    "sellingGeneralAndAdministrativeExpenses": 1876000000,
    "otherExpenses": 347000000,
    "operatingExpenses": 2223000000,
    "costAndExpenses": 2223000000,
    "interestIncome": 0,
    "interestExpense": 0,
    "depreciationAndAmortization": 85000000,
    "ebitda": 449000000,
    "ebitdaratio": 0.1726259131,
    "operatingIncome": 378000000,
    "operatingIncomeRatio": 0.1453287197,
    "totalOtherIncomeExpensesNet": -22000000,
    "incomeBeforeTax": 356000000,
    "incomeBeforeTaxRatio": 0.1368704344,
    "incomeTaxExpense": 132000000,
    "netIncome": 215000000,
    "netIncomeRatio": 0.0826605152,
    "eps": 0.59,
    "epsdiluted": 0.59,
    "weightedAverageShsOut": 318867925,
    "weightedAverageShsOutDil": 321300000,
    "link": "https://www.sec.gov/Archives/edgar/data/315293/000104746904007513/0001047469-04-007513-index.htm",
    "finalLink": "https://www.sec.gov/Archives/edgar/data/315293/000104746904007513/a2129818z10-k.htm"
  },
  {
    "date": "2003-09-30",
    "symbol": "AON",
    "reportedCurrency": "USD",
    "cik": "0000315293",
    "fillingDate": "2003-11-13",
    "acceptedDate": "2003-11-13 11:39:44",
    "calendarYear": "2003",
    "period": "Q3",
    "revenue": 2368000000,
    "costOfRevenue": 0,
    "grossProfit": 0,
    "grossProfitRatio": 0,
    "researchAndDevelopmentExpenses": 0,
    "generalAndAdministrativeExpenses": 1718000000,
    "sellingAndMarketingExpenses": 0,
    "sellingGeneralAndAdministrativeExpenses": 1718000000,
    "otherExpenses": 384000000,
    "operatingExpenses": 2102000000,
    "costAndExpenses": 2102000000,
    "interestIncome": 0,
    "interestExpense": 0,
    "depreciationAndAmortization": 79000000,
    "ebitda": 345000000,
    "ebitdaratio": 0.1456925676,
    "operatingIncome": 266000000,
    "operatingIncomeRatio": 0.1123310811,
    "totalOtherIncomeExpensesNet": -24000000,
    "incomeBeforeTax": 242000000,
    "incomeBeforeTaxRatio": 0.1021959459,
    "incomeTaxExpense": 90000000,
    "netIncome": 115000000,
    "netIncomeRatio": 0.0485641892,
    "eps": 0.36,
    "epsdiluted": 0.36,
    "weightedAverageShsOut": 316666667,
    "weightedAverageShsOutDil": 318600000,
    "link": "https://www.sec.gov/Archives/edgar/data/315293/000104746903037183/0001047469-03-037183-index.htm",
    "finalLink": "https://www.sec.gov/Archives/edgar/data/315293/000104746903037183/a2122284z10-q.htm"
  },
  {
    "date": "2003-06-30",
    "symbol": "AON",
    "reportedCurrency": "USD",
    "cik": "0000315293",
    "fillingDate": "2003-08-13",
    "acceptedDate": "2003-08-13 17:17:59",
    "calendarYear": "2003",
    "period": "Q2",
    "revenue": 2412000000,
    "costOfRevenue": 0,
    "grossProfit": 0,
    "grossProfitRatio": 0,
    "researchAndDevelopmentExpenses": 0,
    "generalAndAdministrativeExpenses": 1776000000,
    "sellingAndMarketingExpenses": 0,
    "sellingGeneralAndAdministrativeExpenses": 1776000000,
    "otherExpenses": 349000000,
    "operatingExpenses": 2125000000,
    "costAndExpenses": 2125000000,
    "interestIncome": 0,
    "interestExpense": 0,
    "depreciationAndAmortization": 79000000,
    "ebitda": 375000000,
    "ebitdaratio": 0.1554726368,
    "operatingIncome": 287000000,
    "operatingIncomeRatio": 0.1189883914,
    "totalOtherIncomeExpensesNet": -27000000,
    "incomeBeforeTax": 260000000,
    "incomeBeforeTaxRatio": 0.1077943615,
    "incomeTaxExpense": 96000000,
    "netIncome": 146000000,
    "netIncomeRatio": 0.0605306799,
    "eps": 0.46,
    "epsdiluted": 0.46,
    "weightedAverageShsOut": 317391304,
    "weightedAverageShsOutDil": 318200000,
    "link": "https://www.sec.gov/Archives/edgar/data/315293/000104746903027479/0001047469-03-027479-index.htm",
    "finalLink": "https://www.sec.gov/Archives/edgar/data/315293/000104746903027479/a2116555z10-q.htm"
  },
  {
    "date": "2003-03-31",
    "symbol": "AON",
    "reportedCurrency": "USD",
    "cik": "0000315293",
    "fillingDate": "2003-05-15",
    "acceptedDate": "2003-05-15 12:28:15",
    "calendarYear": "2003",
    "period": "Q1",
    "revenue": 2369000000,
    "costOfRevenue": 0,
    "grossProfit": 0,
    "grossProfitRatio": 0,
    "researchAndDevelopmentExpenses": 0,
    "generalAndAdministrativeExpenses": 1709000000,
    "sellingAndMarketingExpenses": -31000000,
    "sellingGeneralAndAdministrativeExpenses": 1678000000,
    "otherExpenses": 395000000,
    "operatingExpenses": 2073000000,
    "costAndExpenses": 2073000000,
    "interestIncome": 0,
    "interestExpense": 0,
    "depreciationAndAmortization": 68000000,
    "ebitda": 364000000,
    "ebitdaratio": 0.1536513297,
    "operatingIncome": 296000000,
    "operatingIncomeRatio": 0.1249472351,
    "totalOtherIncomeExpensesNet": -28000000,
    "incomeBeforeTax": 268000000,
    "incomeBeforeTaxRatio": 0.1131279021,
    "incomeTaxExpense": 99000000,
    "netIncome": 152000000,
    "netIncomeRatio": 0.0641620937,
    "eps": 0.48,
    "epsdiluted": 0.48,
    "weightedAverageShsOut": 314583333,
    "weightedAverageShsOutDil": 315200000,
    "link": "https://www.sec.gov/Archives/edgar/data/315293/000104746903018734/0001047469-03-018734-index.htm",
    "finalLink": "https://www.sec.gov/Archives/edgar/data/315293/000104746903018734/a2111080z10-q.htm"
  },
  {
    "date": "2002-12-31",
    "symbol": "AON",
    "reportedCurrency": "USD",
    "cik": "0000315293",
    "fillingDate": "2003-03-26",
    "acceptedDate": "2003-03-26 13:59:22",
    "calendarYear": "2002",
    "period": "Q4",
    "revenue": 2366000000,
    "costOfRevenue": 0,
    "grossProfit": 0,
    "grossProfitRatio": 0,
    "researchAndDevelopmentExpenses": 0,
    "generalAndAdministrativeExpenses": 0,
    "sellingAndMarketingExpenses": 0,
    "sellingGeneralAndAdministrativeExpenses": 1719000000,
    "otherExpenses": 325000000,
    "operatingExpenses": 2044000000,
    "costAndExpenses": 2044000000,
    "interestIncome": 0,
    "interestExpense": 0,
    "depreciationAndAmortization": 75000000,
    "ebitda": 415000000,
    "ebitdaratio": 0.1754015216,
    "operatingIncome": 322000000,
    "operatingIncomeRatio": 0.1360946746,
    "totalOtherIncomeExpensesNet": -33000000,
    "incomeBeforeTax": 289000000,
    "incomeBeforeTaxRatio": 0.1221470837,
    "incomeTaxExpense": 107000000,
    "netIncome": 178000000,
    "netIncomeRatio": 0.0752324598,
    "eps": 0.57,
    "epsdiluted": 0.56,
    "weightedAverageShsOut": 314583333,
    "weightedAverageShsOutDil": 315200000,
    "link": "https://www.sec.gov/Archives/edgar/data/315293/000104746903010294/0001047469-03-010294-index.htm",
    "finalLink": "https://www.sec.gov/Archives/edgar/data/315293/000104746903010294/a2106480z10-k.htm"
  },
  {
    "date": "2002-09-30",
    "symbol": "AON",
    "reportedCurrency": "USD",
    "cik": "0000315293",
    "fillingDate": "2002-11-14",
    "acceptedDate": "2002-11-14 17:09:56",
    "calendarYear": "2002",
    "period": "Q3",
    "revenue": 2242000000,
    "costOfRevenue": 0,
    "grossProfit": 0,
    "grossProfitRatio": 0,
    "researchAndDevelopmentExpenses": 0,
    "generalAndAdministrativeExpenses": 1640000000,
    "sellingAndMarketingExpenses": 0,
    "sellingGeneralAndAdministrativeExpenses": 1640000000,
    "otherExpenses": 353000000,
    "operatingExpenses": 1993000000,
    "costAndExpenses": 1993000000,
    "interestIncome": 0,
    "interestExpense": 0,
    "depreciationAndAmortization": 62000000,
    "ebitda": 2667000000,
    "ebitdaratio": 1.1895628903,
    "operatingIncome": 249000000,
    "operatingIncomeRatio": 0.1110615522,
    "totalOtherIncomeExpensesNet": -34000000,
    "incomeBeforeTax": 215000000,
    "incomeBeforeTaxRatio": 0.095896521,
    "incomeTaxExpense": 83000000,
    "netIncome": 128000000,
    "netIncomeRatio": 0.0570918822,
    "eps": 0.46,
    "epsdiluted": 0.46,
    "weightedAverageShsOut": 277100000,
    "weightedAverageShsOutDil": 277100000,
    "link": "https://www.sec.gov/Archives/edgar/data/315293/000104746902003116/0001047469-02-003116-index.htm",
    "finalLink": "https://www.sec.gov/Archives/edgar/data/315293/000104746902003116/a2093657z10-q.htm"
  },
  {
    "date": "2002-06-30",
    "symbol": "AON",
    "reportedCurrency": "USD",
    "cik": "0000315293",
    "fillingDate": "2002-08-14",
    "acceptedDate": "2002-08-14 15:27:16",
    "calendarYear": "2002",
    "period": "Q2",
    "revenue": 2122000000,
    "costOfRevenue": 0,
    "grossProfit": 0,
    "grossProfitRatio": 0,
    "researchAndDevelopmentExpenses": 0,
    "generalAndAdministrativeExpenses": 1671000000,
    "sellingAndMarketingExpenses": 0,
    "sellingGeneralAndAdministrativeExpenses": 1671000000,
    "otherExpenses": 405000000,
    "operatingExpenses": 2076000000,
    "costAndExpenses": 2076000000,
    "interestIncome": 0,
    "interestExpense": 0,
    "depreciationAndAmortization": 68000000,
    "ebitda": 114000000,
    "ebitdaratio": 0.0537229029,
    "operatingIncome": 46000000,
    "operatingIncomeRatio": 0.0216776626,
    "totalOtherIncomeExpensesNet": -30000000,
    "incomeBeforeTax": 16000000,
    "incomeBeforeTaxRatio": 0.0075400566,
    "incomeTaxExpense": 6000000,
    "netIncome": 0,
    "netIncomeRatio": 0,
    "eps": 0.0369,
    "epsdiluted": 0.036,
    "weightedAverageShsOut": 271052632,
    "weightedAverageShsOutDil": 278000000,
    "link": "https://www.sec.gov/Archives/edgar/data/315293/000091205702032074/0000912057-02-032074-index.htm",
    "finalLink": "https://www.sec.gov/Archives/edgar/data/315293/000091205702032074/a2087355z10-q.htm"
  },
  {
    "date": "2002-03-31",
    "symbol": "AON",
    "reportedCurrency": "USD",
    "cik": "0000315293",
    "fillingDate": "2002-09-27",
    "acceptedDate": "2002-09-27 12:51:22",
    "calendarYear": "2002",
    "period": "Q1",
    "revenue": 2088000000,
    "costOfRevenue": 0,
    "grossProfit": 0,
    "grossProfitRatio": 0,
    "researchAndDevelopmentExpenses": 0,
    "generalAndAdministrativeExpenses": 1463000000,
    "sellingAndMarketingExpenses": 0,
    "sellingGeneralAndAdministrativeExpenses": 1463000000,
    "otherExpenses": 415000000,
    "operatingExpenses": 1878000000,
    "costAndExpenses": 1878000000,
    "interestIncome": 0,
    "interestExpense": 0,
    "depreciationAndAmortization": 58000000,
    "ebitda": 268000000,
    "ebitdaratio": 0.1283524904,
    "operatingIncome": 210000000,
    "operatingIncomeRatio": 0.1005747126,
    "totalOtherIncomeExpensesNet": -29000000,
    "incomeBeforeTax": 181000000,
    "incomeBeforeTaxRatio": 0.0866858238,
    "incomeTaxExpense": 67000000,
    "netIncome": 104000000,
    "netIncomeRatio": 0.0498084291,
    "eps": 0.38,
    "epsdiluted": 0.37,
    "weightedAverageShsOut": 271052632,
    "weightedAverageShsOutDil": 276600000,
    "link": "https://www.sec.gov/Archives/edgar/data/315293/000091205702037069/0000912057-02-037069-index.htm",
    "finalLink": "https://www.sec.gov/Archives/edgar/data/315293/000091205702037069/a2084204z10-qa.htm"
  },
  {
    "date": "2001-12-31",
    "symbol": "AON",
    "reportedCurrency": "USD",
    "cik": "0000315293",
    "fillingDate": "2002-03-15",
    "acceptedDate": "2002-03-15 00:00:00",
    "calendarYear": "2001",
    "period": "Q4",
    "revenue": 2036000000,
    "costOfRevenue": 0,
    "grossProfit": 0,
    "grossProfitRatio": 0,
    "researchAndDevelopmentExpenses": 0,
    "generalAndAdministrativeExpenses": 0,
    "sellingAndMarketingExpenses": 0,
    "sellingGeneralAndAdministrativeExpenses": 1510000000,
    "otherExpenses": 343000000,
    "operatingExpenses": 1853000000,
    "costAndExpenses": 1853000000,
    "interestIncome": 0,
    "interestExpense": 0,
    "depreciationAndAmortization": 87000000,
    "ebitda": 217000000,
    "ebitdaratio": 0.1065815324,
    "operatingIncome": 183000000,
    "operatingIncomeRatio": 0.0898821218,
    "totalOtherIncomeExpensesNet": -29000000,
    "incomeBeforeTax": 154000000,
    "incomeBeforeTaxRatio": 0.0756385069,
    "incomeTaxExpense": 61000000,
    "netIncome": 83000000,
    "netIncomeRatio": 0.0407662083,
    "eps": 0.31,
    "epsdiluted": 0.3,
    "weightedAverageShsOut": 271052632,
    "weightedAverageShsOutDil": 276600000,
    "link": "https://www.sec.gov/Archives/edgar/data/315293/000094857202000008/0000948572-02-000008-index.htm",
    "finalLink": "https://www.sec.gov/Archives/edgar/data/315293/000094857202000008/b10kdec2002.txt"
  },
  {
    "date": "2001-09-30",
    "symbol": "AON",
    "reportedCurrency": "USD",
    "cik": "0000315293",
    "fillingDate": "2001-11-14",
    "acceptedDate": "2001-11-14 00:00:00",
    "calendarYear": "2001",
    "period": "Q3",
    "revenue": 1912000000,
    "costOfRevenue": 0,
    "grossProfit": 0,
    "grossProfitRatio": 0,
    "researchAndDevelopmentExpenses": 0,
    "generalAndAdministrativeExpenses": 1384000000,
    "sellingAndMarketingExpenses": 0,
    "sellingGeneralAndAdministrativeExpenses": 1384000000,
    "otherExpenses": 364000000,
    "operatingExpenses": 1748000000,
    "costAndExpenses": 1748000000,
    "interestIncome": 0,
    "interestExpense": 0,
    "depreciationAndAmortization": 84000000,
    "ebitda": 301000000,
    "ebitdaratio": 0.1574267782,
    "operatingIncome": 164000000,
    "operatingIncomeRatio": 0.0857740586,
    "totalOtherIncomeExpensesNet": -31000000,
    "incomeBeforeTax": 133000000,
    "incomeBeforeTaxRatio": 0.0695606695,
    "incomeTaxExpense": 51000000,
    "netIncome": 72000000,
    "netIncomeRatio": 0.0376569038,
    "eps": 0.26,
    "epsdiluted": 0.26,
    "weightedAverageShsOut": 273076923,
    "weightedAverageShsOutDil": 275400000,
    "link": "https://www.sec.gov/Archives/edgar/data/315293/000094857201500054/0000948572-01-500054-index.htm",
    "finalLink": "https://www.sec.gov/Archives/edgar/data/315293/000094857201500054/b10q111401.txt"
  },
  {
    "date": "2001-06-30",
    "symbol": "AON",
    "reportedCurrency": "USD",
    "cik": "0000315293",
    "fillingDate": "2001-08-14",
    "acceptedDate": "2001-08-14 00:00:00",
    "calendarYear": "2001",
    "period": "Q2",
    "revenue": 1917000000,
    "costOfRevenue": 0,
    "grossProfit": 0,
    "grossProfitRatio": 0,
    "researchAndDevelopmentExpenses": 0,
    "generalAndAdministrativeExpenses": 1523000000,
    "sellingAndMarketingExpenses": 0,
    "sellingGeneralAndAdministrativeExpenses": 1523000000,
    "otherExpenses": 299000000,
    "operatingExpenses": 1822000000,
    "costAndExpenses": 1822000000,
    "interestIncome": 0,
    "interestExpense": 0,
    "depreciationAndAmortization": 85000000,
    "ebitda": 180000000,
    "ebitdaratio": 0.0938967136,
    "operatingIncome": 95000000,
    "operatingIncomeRatio": 0.0495565989,
    "totalOtherIncomeExpensesNet": -31000000,
    "incomeBeforeTax": 64000000,
    "incomeBeforeTaxRatio": 0.0333854982,
    "incomeTaxExpense": 25000000,
    "netIncome": 29000000,
    "netIncomeRatio": 0.0151278039,
    "eps": 0.11,
    "epsdiluted": 0.11,
    "weightedAverageShsOut": 263636364,
    "weightedAverageShsOutDil": 270200000,
    "link": "https://www.sec.gov/Archives/edgar/data/315293/000094857201500042/0000948572-01-500042-index.htm",
    "finalLink": "https://www.sec.gov/Archives/edgar/data/315293/000094857201500042/b10q-aug.txt"
  },
  {
    "date": "2001-03-31",
    "symbol": "AON",
    "reportedCurrency": "USD",
    "cik": "0000315293",
    "fillingDate": "2001-05-15",
    "acceptedDate": "2001-05-15 00:00:00",
    "calendarYear": "2001",
    "period": "Q1",
    "revenue": 1811000000,
    "costOfRevenue": 0,
    "grossProfit": 0,
    "grossProfitRatio": 0,
    "researchAndDevelopmentExpenses": 0,
    "generalAndAdministrativeExpenses": 1396000000,
    "sellingAndMarketingExpenses": 0,
    "sellingGeneralAndAdministrativeExpenses": 1396000000,
    "otherExpenses": 331000000,
    "operatingExpenses": 1727000000,
    "costAndExpenses": 1727000000,
    "interestIncome": 0,
    "interestExpense": 0,
    "depreciationAndAmortization": 83000000,
    "ebitda": 167000000,
    "ebitdaratio": 0.0922142463,
    "operatingIncome": 84000000,
    "operatingIncomeRatio": 0.0463832137,
    "totalOtherIncomeExpensesNet": -36000000,
    "incomeBeforeTax": 48000000,
    "incomeBeforeTaxRatio": 0.0265046935,
    "incomeTaxExpense": 19000000,
    "netIncome": 19000000,
    "netIncomeRatio": 0.0104914412,
    "eps": 0.07,
    "epsdiluted": 0.07,
    "weightedAverageShsOut": 257142857,
    "weightedAverageShsOutDil": 267900000,
    "link": "https://www.sec.gov/Archives/edgar/data/315293/000094857201500018/0000948572-01-500018-index.htm",
    "finalLink": "https://www.sec.gov/Archives/edgar/data/315293/000094857201500018/may10q.txt"
  },
  {
    "date": "2000-12-31",
    "symbol": "AON",
    "reportedCurrency": "USD",
    "cik": "0000315293",
    "fillingDate": "2001-03-27",
    "acceptedDate": "2001-03-27 00:00:00",
    "calendarYear": "2000",
    "period": "Q4",
    "revenue": 1961000000,
    "costOfRevenue": 0,
    "grossProfit": 0,
    "grossProfitRatio": 0,
    "researchAndDevelopmentExpenses": 0,
    "generalAndAdministrativeExpenses": 0,
    "sellingAndMarketingExpenses": 0,
    "sellingGeneralAndAdministrativeExpenses": 1449000000,
    "otherExpenses": 310000000,
    "operatingExpenses": 1759000000,
    "costAndExpenses": 1759000000,
    "interestIncome": 0,
    "interestExpense": 0,
    "depreciationAndAmortization": 87000000,
    "ebitda": 289000000,
    "ebitdaratio": 0.1473737889,
    "operatingIncome": 202000000,
    "operatingIncomeRatio": 0.103008669,
    "totalOtherIncomeExpensesNet": -38000000,
    "incomeBeforeTax": 164000000,
    "incomeBeforeTaxRatio": 0.0836308006,
    "incomeTaxExpense": 64000000,
    "netIncome": 83000000,
    "netIncomeRatio": 0.0423253442,
    "eps": 0.35,
    "epsdiluted": 0.34,
    "weightedAverageShsOut": 257142857,
    "weightedAverageShsOutDil": 267900000,
    "link": "https://www.sec.gov/Archives/edgar/data/315293/000094857201000011/0000948572-01-000011-index.htm",
    "finalLink": "https://www.sec.gov/Archives/edgar/data/315293/000094857201000011/0000948572-01-000011-0001.txt"
  },
  {
    "date": "2000-09-30",
    "symbol": "AON",
    "reportedCurrency": "USD",
    "cik": "0000315293",
    "fillingDate": "2000-11-13",
    "acceptedDate": "2000-11-13 00:00:00",
    "calendarYear": "2000",
    "period": "Q3",
    "revenue": 1785000000,
    "costOfRevenue": 0,
    "grossProfit": 0,
    "grossProfitRatio": 0,
    "researchAndDevelopmentExpenses": 0,
    "generalAndAdministrativeExpenses": 0,
    "sellingAndMarketingExpenses": 0,
    "sellingGeneralAndAdministrativeExpenses": 1208000000,
    "otherExpenses": 295000000,
    "operatingExpenses": 1503000000,
    "costAndExpenses": 1503000000,
    "interestIncome": 0,
    "interestExpense": 0,
    "depreciationAndAmortization": 81000000,
    "ebitda": 363000000,
    "ebitdaratio": 0.2033613445,
    "operatingIncome": 282000000,
    "operatingIncomeRatio": 0.1579831933,
    "totalOtherIncomeExpensesNet": -38000000,
    "incomeBeforeTax": 244000000,
    "incomeBeforeTaxRatio": 0.1366946779,
    "incomeTaxExpense": 95000000,
    "netIncome": 139000000,
    "netIncomeRatio": 0.0778711485,
    "eps": 0.53,
    "epsdiluted": 0.53,
    "weightedAverageShsOut": 260377358,
    "weightedAverageShsOutDil": 262800000,
    "link": "https://www.sec.gov/Archives/edgar/data/315293/000094857200000055/0000948572-00-000055-index.htm",
    "finalLink": "https://www.sec.gov/Archives/edgar/data/315293/000094857200000055/0000948572-00-000055-0001.txt"
  },
  {
    "date": "2000-06-30",
    "symbol": "AON",
    "reportedCurrency": "USD",
    "cik": "0000315293",
    "fillingDate": "2000-08-11",
    "acceptedDate": "2000-08-11 00:00:00",
    "calendarYear": "2000",
    "period": "Q2",
    "revenue": 1819000000,
    "costOfRevenue": 0,
    "grossProfit": 0,
    "grossProfitRatio": 0,
    "researchAndDevelopmentExpenses": 0,
    "generalAndAdministrativeExpenses": 0,
    "sellingAndMarketingExpenses": 0,
    "sellingGeneralAndAdministrativeExpenses": 1262000000,
    "otherExpenses": 296000000,
    "operatingExpenses": 1558000000,
    "costAndExpenses": 1558000000,
    "interestIncome": 0,
    "interestExpense": 0,
    "depreciationAndAmortization": 83000000,
    "ebitda": 344000000,
    "ebitdaratio": 0.1891148983,
    "operatingIncome": 261000000,
    "operatingIncomeRatio": 0.1434854316,
    "totalOtherIncomeExpensesNet": -33000000,
    "incomeBeforeTax": 228000000,
    "incomeBeforeTaxRatio": 0.1253435954,
    "incomeTaxExpense": 89000000,
    "netIncome": 129000000,
    "netIncomeRatio": 0.0709180869,
    "eps": 0.5,
    "epsdiluted": 0.49,
    "weightedAverageShsOut": 258000000,
    "weightedAverageShsOutDil": 261700000,
    "link": "https://www.sec.gov/Archives/edgar/data/315293/000094857200000044/0000948572-00-000044-index.htm",
    "finalLink": "https://www.sec.gov/Archives/edgar/data/315293/000094857200000044/0000948572-00-000044-0001.txt"
  },
  {
    "date": "2000-03-31",
    "symbol": "AON",
    "reportedCurrency": "USD",
    "cik": "0000315293",
    "fillingDate": "2000-05-12",
    "acceptedDate": "2000-05-12 00:00:00",
    "calendarYear": "2000",
    "period": "Q1",
    "revenue": 1810000000,
    "costOfRevenue": 0,
    "grossProfit": 0,
    "grossProfitRatio": 0,
    "researchAndDevelopmentExpenses": 0,
    "generalAndAdministrativeExpenses": 0,
    "sellingAndMarketingExpenses": 0,
    "sellingGeneralAndAdministrativeExpenses": 1271000000,
    "otherExpenses": 290000000,
    "operatingExpenses": 1561000000,
    "costAndExpenses": 1561000000,
    "interestIncome": 0,
    "interestExpense": 0,
    "depreciationAndAmortization": 82000000,
    "ebitda": 331000000,
    "ebitdaratio": 0.1828729282,
    "operatingIncome": 249000000,
    "operatingIncomeRatio": 0.1375690608,
    "totalOtherIncomeExpensesNet": -31000000,
    "incomeBeforeTax": 218000000,
    "incomeBeforeTaxRatio": 0.120441989,
    "incomeTaxExpense": 85000000,
    "netIncome": 123000000,
    "netIncomeRatio": 0.0679558011,
    "eps": 0.47,
    "epsdiluted": 0.47,
    "weightedAverageShsOut": 259574468,
    "weightedAverageShsOutDil": 260500000,
    "link": "https://www.sec.gov/Archives/edgar/data/315293/000094857200000033/0000948572-00-000033-index.html",
    "finalLink": "https://www.sec.gov/Archives/edgar/data/315293/000094857200000033/"
  },
  {
    "date": "1999-12-31",
    "symbol": "AON",
    "reportedCurrency": "USD",
    "cik": "0000315293",
    "fillingDate": "2000-03-24",
    "acceptedDate": "2000-03-24 00:00:00",
    "calendarYear": "1999",
    "period": "Q4",
    "revenue": 1878000000,
    "costOfRevenue": 0,
    "grossProfit": 0,
    "grossProfitRatio": 0,
    "researchAndDevelopmentExpenses": 0,
    "generalAndAdministrativeExpenses": 0,
    "sellingAndMarketingExpenses": 0,
    "sellingGeneralAndAdministrativeExpenses": 0,
    "otherExpenses": 10853000000,
    "operatingExpenses": 10853000000,
    "costAndExpenses": 10853000000,
    "interestIncome": 0,
    "interestExpense": 0,
    "depreciationAndAmortization": 0,
    "ebitda": -8975000000,
    "ebitdaratio": -4.7790202343,
    "operatingIncome": -8975000000,
    "operatingIncomeRatio": -4.7790202343,
    "totalOtherIncomeExpensesNet": 9045000000,
    "incomeBeforeTax": 70000000,
    "incomeBeforeTaxRatio": 0.0372736954,
    "incomeTaxExpense": 17000000,
    "netIncome": 13000000,
    "netIncomeRatio": 0.0069222577,
    "eps": 0.05,
    "epsdiluted": 0.05,
    "weightedAverageShsOut": 259574468,
    "weightedAverageShsOutDil": 260500000,
    "link": "https://www.sec.gov/Archives/edgar/data/315293/000094857200000017/0000948572-00-000017-index.html",
    "finalLink": "https://www.sec.gov/Archives/edgar/data/315293/000094857200000017/"
  },
  {
    "date": "1999-09-30",
    "symbol": "AON",
    "reportedCurrency": "USD",
    "cik": "0000315293",
    "fillingDate": "1999-11-15",
    "acceptedDate": "1999-11-15 00:00:00",
    "calendarYear": "1999",
    "period": "Q3",
    "revenue": 1770000000,
    "costOfRevenue": 0,
    "grossProfit": 0,
    "grossProfitRatio": 0,
    "researchAndDevelopmentExpenses": 0,
    "generalAndAdministrativeExpenses": 0,
    "sellingAndMarketingExpenses": 0,
    "sellingGeneralAndAdministrativeExpenses": 0,
    "otherExpenses": -1502000000,
    "operatingExpenses": -1502000000,
    "costAndExpenses": -1502000000,
    "interestIncome": 0,
    "interestExpense": 0,
    "depreciationAndAmortization": 0,
    "ebitda": 3272000000,
    "ebitdaratio": 1.8485875706,
    "operatingIncome": 3272000000,
    "operatingIncomeRatio": 1.8485875706,
    "totalOtherIncomeExpensesNet": -3043000000,
    "incomeBeforeTax": 229000000,
    "incomeBeforeTaxRatio": 0.1293785311,
    "incomeTaxExpense": 91000000,
    "netIncome": 138000000,
    "netIncomeRatio": 0.0779661017,
    "eps": 0.53,
    "epsdiluted": 0.52,
    "weightedAverageShsOut": 260000000,
    "weightedAverageShsOutDil": 264000000,
    "link": "https://www.sec.gov/Archives/edgar/data/315293/000094857299000063/0000948572-99-000063-index.html",
    "finalLink": "https://www.sec.gov/Archives/edgar/data/315293/000094857299000063/"
  },
  {
    "date": "1999-06-30",
    "symbol": "AON",
    "reportedCurrency": "USD",
    "cik": "0000315293",
    "fillingDate": "1999-08-16",
    "acceptedDate": "1999-08-16 00:00:00",
    "calendarYear": "1999",
    "period": "Q2",
    "revenue": 1723000000,
    "costOfRevenue": 0,
    "grossProfit": 0,
    "grossProfitRatio": 0,
    "researchAndDevelopmentExpenses": 0,
    "generalAndAdministrativeExpenses": 0,
    "sellingAndMarketingExpenses": 0,
    "sellingGeneralAndAdministrativeExpenses": 0,
    "otherExpenses": -1439000000,
    "operatingExpenses": -1439000000,
    "costAndExpenses": -1439000000,
    "interestIncome": 0,
    "interestExpense": 0,
    "depreciationAndAmortization": 0,
    "ebitda": 3162000000,
    "ebitdaratio": 1.835171213,
    "operatingIncome": 3162000000,
    "operatingIncomeRatio": 1.835171213,
    "totalOtherIncomeExpensesNet": -2912000000,
    "incomeBeforeTax": 250000000,
    "incomeBeforeTaxRatio": 0.1450957632,
    "incomeTaxExpense": 99000000,
    "netIncome": 151000000,
    "netIncomeRatio": 0.087637841,
    "eps": 0.58,
    "epsdiluted": 0.57,
    "weightedAverageShsOut": 263700000,
    "weightedAverageShsOutDil": 263700000,
    "link": "https://www.sec.gov/Archives/edgar/data/315293/000094857299000053/0000948572-99-000053-index.html",
    "finalLink": "https://www.sec.gov/Archives/edgar/data/315293/000094857299000053/"
  },
  {
    "date": "1999-03-31",
    "symbol": "AON",
    "reportedCurrency": "USD",
    "cik": "0000315293",
    "fillingDate": "1999-05-14",
    "acceptedDate": "1999-05-14 00:00:00",
    "calendarYear": "1999",
    "period": "Q1",
    "revenue": 1699000000,
    "costOfRevenue": 0,
    "grossProfit": 0,
    "grossProfitRatio": 0,
    "researchAndDevelopmentExpenses": 0,
    "generalAndAdministrativeExpenses": 0,
    "sellingAndMarketingExpenses": 0,
    "sellingGeneralAndAdministrativeExpenses": 0,
    "otherExpenses": -1582000000,
    "operatingExpenses": -1582000000,
    "costAndExpenses": -1582000000,
    "interestIncome": 0,
    "interestExpense": 0,
    "depreciationAndAmortization": 0,
    "ebitda": 3281000000,
    "ebitdaratio": 1.9311359623,
    "operatingIncome": 3281000000,
    "operatingIncomeRatio": 1.9311359623,
    "totalOtherIncomeExpensesNet": -3195000000,
    "incomeBeforeTax": 86000000,
    "incomeBeforeTaxRatio": 0.0506180106,
    "incomeTaxExpense": 36000000,
    "netIncome": 50000000,
    "netIncomeRatio": 0.0294290759,
    "eps": 0.19,
    "epsdiluted": 0.19,
    "weightedAverageShsOut": 261800000,
    "weightedAverageShsOutDil": 261800000,
    "link": "https://www.sec.gov/Archives/edgar/data/315293/000094857299000031/0000948572-99-000031-index.html",
    "finalLink": "https://www.sec.gov/Archives/edgar/data/315293/"
  },
  {
    "date": "1998-12-31",
    "symbol": "AON",
    "reportedCurrency": "USD",
    "cik": "0000315293",
    "fillingDate": "1999-03-29",
    "acceptedDate": "1999-03-29 00:00:00",
    "calendarYear": "1998",
    "period": "Q4",
    "revenue": 1701800000,
    "costOfRevenue": 0,
    "grossProfit": 0,
    "grossProfitRatio": 0,
    "researchAndDevelopmentExpenses": 0,
    "generalAndAdministrativeExpenses": 0,
    "sellingAndMarketingExpenses": 0,
    "sellingGeneralAndAdministrativeExpenses": 0,
    "otherExpenses": 9510400000,
    "operatingExpenses": 9510400000,
    "costAndExpenses": 9510400000,
    "interestIncome": 0,
    "interestExpense": 0,
    "depreciationAndAmortization": 0,
    "ebitda": -7808600000,
    "ebitdaratio": -4.5884357739,
    "operatingIncome": -7808600000,
    "operatingIncomeRatio": -4.5884357739,
    "totalOtherIncomeExpensesNet": 8078100000,
    "incomeBeforeTax": 269500000,
    "incomeBeforeTaxRatio": 0.1583617346,
    "incomeTaxExpense": 89400000,
    "netIncome": 139100000,
    "netIncomeRatio": 0.0817369844,
    "eps": 0.53,
    "epsdiluted": 0.53,
    "weightedAverageShsOut": 261800000,
    "weightedAverageShsOutDil": 261800000,
    "link": "https://www.sec.gov/Archives/edgar/data/315293/000094857299000007/0000948572-99-000007-index.html",
    "finalLink": "https://www.sec.gov/Archives/edgar/data/315293/"
  },
  {
    "date": "1998-09-30",
    "symbol": "AON",
    "reportedCurrency": "USD",
    "cik": "0000315293",
    "fillingDate": "1998-11-13",
    "acceptedDate": "1998-11-13 00:00:00",
    "calendarYear": "1998",
    "period": "Q3",
    "revenue": 1607000000,
    "costOfRevenue": 0,
    "grossProfit": 0,
    "grossProfitRatio": 0,
    "researchAndDevelopmentExpenses": 0,
    "generalAndAdministrativeExpenses": 0,
    "sellingAndMarketingExpenses": 0,
    "sellingGeneralAndAdministrativeExpenses": 0,
    "otherExpenses": -1369000000,
    "operatingExpenses": -1369000000,
    "costAndExpenses": -1369000000,
    "interestIncome": 0,
    "interestExpense": 0,
    "depreciationAndAmortization": 0,
    "ebitda": 2976000000,
    "ebitdaratio": 1.8518979465,
    "operatingIncome": 2976000000,
    "operatingIncomeRatio": 1.8518979465,
    "totalOtherIncomeExpensesNet": -2772000000,
    "incomeBeforeTax": 204000000,
    "incomeBeforeTaxRatio": 0.1269446173,
    "incomeTaxExpense": 80000000,
    "netIncome": 124000000,
    "netIncomeRatio": 0.0771624144,
    "eps": 0.48,
    "epsdiluted": 0.47,
    "weightedAverageShsOut": 260900000,
    "weightedAverageShsOutDil": 260900000,
    "link": "https://www.sec.gov/Archives/edgar/data/315293/000094857298000046/0000948572-98-000046-index.html",
    "finalLink": "https://www.sec.gov/Archives/edgar/data/315293/"
  },
  {
    "date": "1998-06-30",
    "symbol": "AON",
    "reportedCurrency": "USD",
    "cik": "0000315293",
    "fillingDate": "1998-08-14",
    "acceptedDate": "1998-08-14 00:00:00",
    "calendarYear": "1998",
    "period": "Q2",
    "revenue": 1623000000,
    "costOfRevenue": 0,
    "grossProfit": 0,
    "grossProfitRatio": 0,
    "researchAndDevelopmentExpenses": 0,
    "generalAndAdministrativeExpenses": 0,
    "sellingAndMarketingExpenses": 0,
    "sellingGeneralAndAdministrativeExpenses": 0,
    "otherExpenses": -1362000000,
    "operatingExpenses": -1362000000,
    "costAndExpenses": -1362000000,
    "interestIncome": 0,
    "interestExpense": 0,
    "depreciationAndAmortization": 0,
    "ebitda": 2985000000,
    "ebitdaratio": 1.8391866913,
    "operatingIncome": 2985000000,
    "operatingIncomeRatio": 1.8391866913,
    "totalOtherIncomeExpensesNet": -2755000000,
    "incomeBeforeTax": 230000000,
    "incomeBeforeTaxRatio": 0.1417128774,
    "incomeTaxExpense": 90000000,
    "netIncome": 140000000,
    "netIncomeRatio": 0.0862600123,
    "eps": 0.55,
    "epsdiluted": 0.54,
    "weightedAverageShsOut": 258300000,
    "weightedAverageShsOutDil": 258300000,
    "link": "https://www.sec.gov/Archives/edgar/data/315293/000094857298000037/0000948572-98-000037-index.html",
    "finalLink": "https://www.sec.gov/Archives/edgar/data/315293/"
  },
  {
    "date": "1998-03-31",
    "symbol": "AON",
    "reportedCurrency": "USD",
    "cik": "0000315293",
    "fillingDate": "1998-05-15",
    "acceptedDate": "1998-05-15 00:00:00",
    "calendarYear": "1998",
    "period": "Q1",
    "revenue": 1562000000,
    "costOfRevenue": 0,
    "grossProfit": 0,
    "grossProfitRatio": 0,
    "researchAndDevelopmentExpenses": 0,
    "generalAndAdministrativeExpenses": 0,
    "sellingAndMarketingExpenses": 0,
    "sellingGeneralAndAdministrativeExpenses": 0,
    "otherExpenses": -1304000000,
    "operatingExpenses": -1304000000,
    "costAndExpenses": -1304000000,
    "interestIncome": 0,
    "interestExpense": 0,
    "depreciationAndAmortization": 0,
    "ebitda": 2866000000,
    "ebitdaratio": 1.8348271447,
    "operatingIncome": 2866000000,
    "operatingIncomeRatio": 1.8348271447,
    "totalOtherIncomeExpensesNet": -2638000000,
    "incomeBeforeTax": 228000000,
    "incomeBeforeTaxRatio": 0.1459667093,
    "incomeTaxExpense": 89000000,
    "netIncome": 139000000,
    "netIncomeRatio": 0.0889884763,
    "eps": 0.37,
    "epsdiluted": 0.35,
    "weightedAverageShsOut": 257100000,
    "weightedAverageShsOutDil": 257100000,
    "link": "https://www.sec.gov/Archives/edgar/data/315293/000094857298000022/0000948572-98-000022-index.html",
    "finalLink": "https://www.sec.gov/Archives/edgar/data/315293/"
  },
  {
    "date": "1997-12-31",
    "symbol": "AON",
    "reportedCurrency": "USD",
    "cik": "0000315293",
    "fillingDate": "1998-03-31",
    "acceptedDate": "1998-03-31 00:00:00",
    "calendarYear": "1997",
    "period": "Q4",
    "revenue": 1520800000,
    "costOfRevenue": 0,
    "grossProfit": 0,
    "grossProfitRatio": 0,
    "researchAndDevelopmentExpenses": 0,
    "generalAndAdministrativeExpenses": 0,
    "sellingAndMarketingExpenses": 0,
    "sellingGeneralAndAdministrativeExpenses": 0,
    "otherExpenses": 8766900000,
    "operatingExpenses": 8766900000,
    "costAndExpenses": 8766900000,
    "interestIncome": 0,
    "interestExpense": 0,
    "depreciationAndAmortization": 0,
    "ebitda": -7246100000,
    "ebitdaratio": -4.7646633351,
    "operatingIncome": -7246100000,
    "operatingIncomeRatio": -4.7646633351,
    "totalOtherIncomeExpensesNet": 7472500000,
    "incomeBeforeTax": 226400000,
    "incomeBeforeTaxRatio": 0.1488690163,
    "incomeTaxExpense": 73800000,
    "netIncome": 112900000,
    "netIncomeRatio": 0.0742372436,
    "eps": 0.44,
    "epsdiluted": 0.44,
    "weightedAverageShsOut": 256972000,
    "weightedAverageShsOutDil": 256972000,
    "link": "https://www.sec.gov/Archives/edgar/data/315293/000094857298000011/0000948572-98-000011-index.html",
    "finalLink": "https://www.sec.gov/Archives/edgar/data/315293/"
  },
  {
    "date": "1997-09-30",
    "symbol": "AON",
    "reportedCurrency": "USD",
    "cik": "0000315293",
    "fillingDate": "1997-11-14",
    "acceptedDate": "1997-11-14 00:00:00",
    "calendarYear": "1997",
    "period": "Q3",
    "revenue": 1451000000,
    "costOfRevenue": 0,
    "grossProfit": 0,
    "grossProfitRatio": 0,
    "researchAndDevelopmentExpenses": 0,
    "generalAndAdministrativeExpenses": 0,
    "sellingAndMarketingExpenses": 0,
    "sellingGeneralAndAdministrativeExpenses": 0,
    "otherExpenses": -1254500000,
    "operatingExpenses": -1254500000,
    "costAndExpenses": -1254500000,
    "interestIncome": 0,
    "interestExpense": 0,
    "depreciationAndAmortization": 0,
    "ebitda": 2705500000,
    "ebitdaratio": 1.8645761544,
    "operatingIncome": 2705500000,
    "operatingIncomeRatio": 1.8645761544,
    "totalOtherIncomeExpensesNet": -2537900000,
    "incomeBeforeTax": 167600000,
    "incomeBeforeTaxRatio": 0.1155065472,
    "incomeTaxExpense": 66600000,
    "netIncome": 101000000,
    "netIncomeRatio": 0.0696071675,
    "eps": 0.39,
    "epsdiluted": 0.38,
    "weightedAverageShsOut": 256522000,
    "weightedAverageShsOutDil": 256522000,
    "link": "https://www.sec.gov/Archives/edgar/data/315293/000094857297000058/0000948572-97-000058-index.html",
    "finalLink": "https://www.sec.gov/Archives/edgar/data/315293/"
  },
  {
    "date": "1997-06-30",
    "symbol": "AON",
    "reportedCurrency": "USD",
    "cik": "0000315293",
    "fillingDate": "1997-08-14",
    "acceptedDate": "1997-08-14 00:00:00",
    "calendarYear": "1997",
    "period": "Q2",
    "revenue": 1424500000,
    "costOfRevenue": 0,
    "grossProfit": 0,
    "grossProfitRatio": 0,
    "researchAndDevelopmentExpenses": 0,
    "generalAndAdministrativeExpenses": 0,
    "sellingAndMarketingExpenses": 0,
    "sellingGeneralAndAdministrativeExpenses": 0,
    "otherExpenses": -1229700000,
    "operatingExpenses": -1229700000,
    "costAndExpenses": -1229700000,
    "interestIncome": 0,
    "interestExpense": 0,
    "depreciationAndAmortization": 0,
    "ebitda": 2654200000,
    "ebitdaratio": 1.8632502633,
    "operatingIncome": 2654200000,
    "operatingIncomeRatio": 1.8632502633,
    "totalOtherIncomeExpensesNet": -2513000000,
    "incomeBeforeTax": 141200000,
    "incomeBeforeTaxRatio": 0.0991224991,
    "incomeTaxExpense": 57000000,
    "netIncome": 84200000,
    "netIncomeRatio": 0.0591084591,
    "eps": 0.32,
    "epsdiluted": 0.32,
    "weightedAverageShsOut": 252812500,
    "weightedAverageShsOutDil": 252812500,
    "link": "https://www.sec.gov/Archives/edgar/data/315293/000094857297000043/0000948572-97-000043-index.html",
    "finalLink": "https://www.sec.gov/Archives/edgar/data/315293/"
  },
  {
    "date": "1997-03-31",
    "symbol": "AON",
    "reportedCurrency": "USD",
    "cik": "0000315293",
    "fillingDate": "1997-05-15",
    "acceptedDate": "1997-05-15 00:00:00",
    "calendarYear": "1997",
    "period": "Q1",
    "revenue": 1354300000,
    "costOfRevenue": 0,
    "grossProfit": 0,
    "grossProfitRatio": 0,
    "researchAndDevelopmentExpenses": 0,
    "generalAndAdministrativeExpenses": 0,
    "sellingAndMarketingExpenses": 0,
    "sellingGeneralAndAdministrativeExpenses": 0,
    "otherExpenses": -1179500000,
    "operatingExpenses": -1179500000,
    "costAndExpenses": -1179500000,
    "interestIncome": 0,
    "interestExpense": 0,
    "depreciationAndAmortization": 0,
    "ebitda": 2533800000,
    "ebitdaratio": 1.8709296315,
    "operatingIncome": 2533800000,
    "operatingIncomeRatio": 1.8709296315,
    "totalOtherIncomeExpensesNet": -2527400000,
    "incomeBeforeTax": 6400000,
    "incomeBeforeTaxRatio": 0.0047256885,
    "incomeTaxExpense": 5700000,
    "netIncome": 700000,
    "netIncomeRatio": 0.0005168722,
    "eps": -0.01,
    "epsdiluted": -0.01,
    "weightedAverageShsOut": 250525000,
    "weightedAverageShsOutDil": 250525000,
    "link": "https://www.sec.gov/Archives/edgar/data/315293/000094857297000030/0000948572-97-000030-index.html",
    "finalLink": "https://www.sec.gov/Archives/edgar/data/315293/"
  },
  {
    "date": "1996-12-31",
    "symbol": "AON",
    "reportedCurrency": "USD",
    "cik": "0000315293",
    "fillingDate": "1997-03-26",
    "acceptedDate": "1997-03-26 00:00:00",
    "calendarYear": "1996",
    "period": "Q4",
    "revenue": 1069400000,
    "costOfRevenue": 0,
    "grossProfit": 0,
    "grossProfitRatio": 0,
    "researchAndDevelopmentExpenses": 0,
    "generalAndAdministrativeExpenses": 0,
    "sellingAndMarketingExpenses": 0,
    "sellingGeneralAndAdministrativeExpenses": 0,
    "otherExpenses": 5610100000,
    "operatingExpenses": 5610100000,
    "costAndExpenses": 5610100000,
    "interestIncome": 0,
    "interestExpense": 0,
    "depreciationAndAmortization": 0,
    "ebitda": -4540700000,
    "ebitdaratio": -4.2460258089,
    "operatingIncome": -4540700000,
    "operatingIncomeRatio": -4.2460258089,
    "totalOtherIncomeExpensesNet": 4611400000,
    "incomeBeforeTax": 70700000,
    "incomeBeforeTaxRatio": 0.0661118384,
    "incomeTaxExpense": 24500000,
    "netIncome": 46200000,
    "netIncomeRatio": 0.0432017954,
    "eps": 0.18,
    "epsdiluted": 0.18,
    "weightedAverageShsOut": 253673000,
    "weightedAverageShsOutDil": 253673000,
    "link": "https://www.sec.gov/Archives/edgar/data/315293/000094857297000010/0000948572-97-000010-index.html",
    "finalLink": "https://www.sec.gov/Archives/edgar/data/315293/"
  },
  {
    "date": "1996-09-30",
    "symbol": "AON",
    "reportedCurrency": "USD",
    "cik": "0000315293",
    "fillingDate": "1996-11-14",
    "acceptedDate": "1996-11-14 00:00:00",
    "calendarYear": "1996",
    "period": "Q3",
    "revenue": 944300000,
    "costOfRevenue": 0,
    "grossProfit": 0,
    "grossProfitRatio": 0,
    "researchAndDevelopmentExpenses": 0,
    "generalAndAdministrativeExpenses": 0,
    "sellingAndMarketingExpenses": 0,
    "sellingGeneralAndAdministrativeExpenses": 0,
    "otherExpenses": -807200000,
    "operatingExpenses": -807200000,
    "costAndExpenses": -807200000,
    "interestIncome": 0,
    "interestExpense": 0,
    "depreciationAndAmortization": 0,
    "ebitda": 1751500000,
    "ebitdaratio": 1.8548130891,
    "operatingIncome": 1751500000,
    "operatingIncomeRatio": 1.8548130891,
    "totalOtherIncomeExpensesNet": -1623500000,
    "incomeBeforeTax": 128000000,
    "incomeBeforeTaxRatio": 0.135550143,
    "incomeTaxExpense": 44200000,
    "netIncome": 83800000,
    "netIncomeRatio": 0.0887429842,
    "eps": 0.32,
    "epsdiluted": 0.32,
    "weightedAverageShsOut": 245904000,
    "weightedAverageShsOutDil": 245904000,
    "link": "https://www.sec.gov/Archives/edgar/data/315293/000094857296000071/0000948572-96-000071-index.html",
    "finalLink": "https://www.sec.gov/Archives/edgar/data/315293/"
  },
  {
    "date": "1996-06-30",
    "symbol": "AON",
    "reportedCurrency": "USD",
    "cik": "0000315293",
    "fillingDate": "1996-08-14",
    "acceptedDate": "1996-08-14 00:00:00",
    "calendarYear": "1996",
    "period": "Q2",
    "revenue": 932400000,
    "costOfRevenue": 0,
    "grossProfit": 0,
    "grossProfitRatio": 0,
    "researchAndDevelopmentExpenses": 0,
    "generalAndAdministrativeExpenses": 0,
    "sellingAndMarketingExpenses": 0,
    "sellingGeneralAndAdministrativeExpenses": 0,
    "otherExpenses": -821000000,
    "operatingExpenses": -821000000,
    "costAndExpenses": -821000000,
    "interestIncome": 0,
    "interestExpense": 0,
    "depreciationAndAmortization": 0,
    "ebitda": 1753400000,
    "ebitdaratio": 1.8805233805,
    "operatingIncome": 1753400000,
    "operatingIncomeRatio": 1.8805233805,
    "totalOtherIncomeExpensesNet": -1652100000,
    "incomeBeforeTax": 101300000,
    "incomeBeforeTaxRatio": 0.1086443586,
    "incomeTaxExpense": 36000000,
    "netIncome": 86300000,
    "netIncomeRatio": 0.0925568426,
    "eps": 0.33,
    "epsdiluted": 0.33,
    "weightedAverageShsOut": 246803000,
    "weightedAverageShsOutDil": 246803000,
    "link": "https://www.sec.gov/Archives/edgar/data/315293/000095013196003954/0000950131-96-003954-index.html",
    "finalLink": "https://www.sec.gov/Archives/edgar/data/315293/"
  },
  {
    "date": "1996-03-31",
    "symbol": "AON",
    "reportedCurrency": "USD",
    "cik": "0000315293",
    "fillingDate": "1996-05-15",
    "acceptedDate": "1996-05-15 00:00:00",
    "calendarYear": "1996",
    "period": "Q1",
    "revenue": 942100000,
    "costOfRevenue": 0,
    "grossProfit": 0,
    "grossProfitRatio": 0,
    "researchAndDevelopmentExpenses": 0,
    "generalAndAdministrativeExpenses": 0,
    "sellingAndMarketingExpenses": 0,
    "sellingGeneralAndAdministrativeExpenses": 0,
    "otherExpenses": -787300000,
    "operatingExpenses": -787300000,
    "costAndExpenses": -787300000,
    "interestIncome": 0,
    "interestExpense": 0,
    "depreciationAndAmortization": 0,
    "ebitda": 1729400000,
    "ebitdaratio": 1.8356862329,
    "operatingIncome": 1729400000,
    "operatingIncomeRatio": 1.8356862329,
    "totalOtherIncomeExpensesNet": -1583800000,
    "incomeBeforeTax": 145600000,
    "incomeBeforeTaxRatio": 0.1545483494,
    "incomeTaxExpense": 49100000,
    "netIncome": 118900000,
    "netIncomeRatio": 0.126207409,
    "eps": 0.47,
    "epsdiluted": 0.46,
    "weightedAverageShsOut": 246579000,
    "weightedAverageShsOutDil": 246579000,
    "link": "https://www.sec.gov/Archives/edgar/data/315293/000095013196002299/0000950131-96-002299-index.html",
    "finalLink": "https://www.sec.gov/Archives/edgar/data/315293/"
  },
  {
    "date": "1995-12-31",
    "symbol": "AON",
    "reportedCurrency": "USD",
    "cik": "0000315293",
    "fillingDate": "1996-04-01",
    "acceptedDate": "1996-04-01 00:00:00",
    "calendarYear": "1995",
    "period": "Q4",
    "revenue": 42800000,
    "costOfRevenue": 0,
    "grossProfit": 0,
    "grossProfitRatio": 0,
    "researchAndDevelopmentExpenses": 0,
    "generalAndAdministrativeExpenses": 0,
    "sellingAndMarketingExpenses": 0,
    "sellingGeneralAndAdministrativeExpenses": 0,
    "otherExpenses": 5674900000,
    "operatingExpenses": 5674900000,
    "costAndExpenses": 5674900000,
    "interestIncome": 0,
    "interestExpense": 0,
    "depreciationAndAmortization": 0,
    "ebitda": -5632100000,
    "ebitdaratio": -131.5911214953,
    "operatingIncome": -5632100000,
    "operatingIncomeRatio": -131.5911214953,
    "totalOtherIncomeExpensesNet": 5620400000,
    "incomeBeforeTax": -11700000,
    "incomeBeforeTaxRatio": -0.273364486,
    "incomeTaxExpense": -5500000,
    "netIncome": 92900000,
    "netIncomeRatio": 2.1705607477,
    "eps": 0.38,
    "epsdiluted": 0.38,
    "weightedAverageShsOut": 246201828,
    "weightedAverageShsOutDil": 246579000,
    "link": "https://www.sec.gov/Archives/edgar/data/315293/000095013196001382/0000950131-96-001382-index.html",
    "finalLink": "https://www.sec.gov/Archives/edgar/data/315293/"
  },
  {
    "date": "1995-09-30",
    "symbol": "AON",
    "reportedCurrency": "USD",
    "cik": "0000315293",
    "fillingDate": "1995-11-14",
    "acceptedDate": "1995-11-14 00:00:00",
    "calendarYear": "1995",
    "period": "Q3",
    "revenue": 865700000,
    "costOfRevenue": 0,
    "grossProfit": 0,
    "grossProfitRatio": 0,
    "researchAndDevelopmentExpenses": 0,
    "generalAndAdministrativeExpenses": 0,
    "sellingAndMarketingExpenses": 0,
    "sellingGeneralAndAdministrativeExpenses": 0,
    "otherExpenses": -739800000,
    "operatingExpenses": -739800000,
    "costAndExpenses": -739800000,
    "interestIncome": 0,
    "interestExpense": 0,
    "depreciationAndAmortization": 0,
    "ebitda": 1605500000,
    "ebitdaratio": 1.8545685572,
    "operatingIncome": 1605500000,
    "operatingIncomeRatio": 1.8545685572,
    "totalOtherIncomeExpensesNet": -1489300000,
    "incomeBeforeTax": 116200000,
    "incomeBeforeTaxRatio": 0.1342266374,
    "incomeTaxExpense": 39200000,
    "netIncome": 100000000,
    "netIncomeRatio": 0.1155134573,
    "eps": 0.38,
    "epsdiluted": 0.38,
    "weightedAverageShsOut": 242982000,
    "weightedAverageShsOutDil": 242982000,
    "link": "https://www.sec.gov/Archives/edgar/data/315293/000095013195003225/0000950131-95-003225-index.html",
    "finalLink": "https://www.sec.gov/Archives/edgar/data/315293/"
  }
]