[
  {
    "date": "2025-06-30",
    "symbol": "AOS",
    "reportedCurrency": "USD",
    "cik": "0000091142",
    "fillingDate": "2025-07-24",
    "acceptedDate": "2025-07-24 13:51:21",
    "calendarYear": "2025",
    "period": "Q2",
    "revenue": 1011300000,
    "costOfRevenue": 614200000,
    "grossProfit": 397100000,
    "grossProfitRatio": 0.3926629091,
    "researchAndDevelopmentExpenses": 0,
    "generalAndAdministrativeExpenses": 0,
    "sellingAndMarketingExpenses": 0,
    "sellingGeneralAndAdministrativeExpenses": 191300000,
    "otherExpenses": 0,
    "operatingExpenses": 191300000,
    "costAndExpenses": 805500000,
    "interestIncome": 0,
    "interestExpense": 4600000,
    "depreciationAndAmortization": 20500000,
    "ebitda": 226700000,
    "ebitdaratio": 0.2241669139,
    "operatingIncome": 205800000,
    "operatingIncomeRatio": 0.203500445,
    "totalOtherIncomeExpensesNet": -4200000,
    "incomeBeforeTax": 201600000,
    "incomeBeforeTaxRatio": 0.1993473747,
    "incomeTaxExpense": 49400000,
    "netIncome": 152200000,
    "netIncomeRatio": 0.1504993573,
    "eps": 1.06,
    "epsdiluted": 1.06,
    "weightedAverageShsOut": 143440000,
    "weightedAverageShsOutDil": 143440000,
    "link": "https://www.sec.gov/Archives/edgar/data/91142/000009114225000100/0000091142-25-000100-index.htm",
    "finalLink": "https://www.sec.gov/Archives/edgar/data/91142/000009114225000100/aos-20250630.htm"
  },
  {
    "date": "2025-03-31",
    "symbol": "AOS",
    "reportedCurrency": "USD",
    "cik": "0000091142",
    "fillingDate": "2025-04-29",
    "acceptedDate": "2025-04-29 15:29:02",
    "calendarYear": "2025",
    "period": "Q1",
    "revenue": 963900000,
    "costOfRevenue": 588500000,
    "grossProfit": 375400000,
    "grossProfitRatio": 0.3894594875,
    "researchAndDevelopmentExpenses": 0,
    "generalAndAdministrativeExpenses": 0,
    "sellingAndMarketingExpenses": 0,
    "sellingGeneralAndAdministrativeExpenses": 192600000,
    "otherExpenses": 0,
    "operatingExpenses": 192600000,
    "costAndExpenses": 781100000,
    "interestIncome": 0,
    "interestExpense": 2900000,
    "depreciationAndAmortization": 20700000,
    "ebitda": 204700000,
    "ebitdaratio": 0.2123664281,
    "operatingIncome": 182800000,
    "operatingIncomeRatio": 0.1896462289,
    "totalOtherIncomeExpensesNet": -1700000,
    "incomeBeforeTax": 181100000,
    "incomeBeforeTaxRatio": 0.1878825604,
    "incomeTaxExpense": 44500000,
    "netIncome": 136600000,
    "netIncomeRatio": 0.1417159456,
    "eps": 0.95,
    "epsdiluted": 0.95,
    "weightedAverageShsOut": 144408000,
    "weightedAverageShsOutDil": 144408000,
    "link": "https://www.sec.gov/Archives/edgar/data/91142/000009114225000075/0000091142-25-000075-index.htm",
    "finalLink": "https://www.sec.gov/Archives/edgar/data/91142/000009114225000075/aos-20250331.htm"
  },
  {
    "date": "2024-12-31",
    "symbol": "AOS",
    "reportedCurrency": "USD",
    "cik": "0000091142",
    "fillingDate": "2025-02-11",
    "acceptedDate": "2025-02-11 17:28:15",
    "calendarYear": "2024",
    "period": "Q4",
    "revenue": 912400000,
    "costOfRevenue": 574300000,
    "grossProfit": 338100000,
    "grossProfitRatio": 0.3705611574,
    "researchAndDevelopmentExpenses": 0,
    "generalAndAdministrativeExpenses": 0,
    "sellingAndMarketingExpenses": 0,
    "sellingGeneralAndAdministrativeExpenses": 182000000,
    "otherExpenses": 0,
    "operatingExpenses": 182000000,
    "costAndExpenses": 756300000,
    "interestIncome": 0,
    "interestExpense": 2400000,
    "depreciationAndAmortization": 19300000,
    "ebitda": 157700000,
    "ebitdaratio": 0.1728408593,
    "operatingIncome": 156100000,
    "operatingIncomeRatio": 0.1710872424,
    "totalOtherIncomeExpensesNet": -11000000,
    "incomeBeforeTax": 145100000,
    "incomeBeforeTaxRatio": 0.1590311267,
    "incomeTaxExpense": 35400000,
    "netIncome": 109700000,
    "netIncomeRatio": 0.1202323542,
    "eps": 0.75,
    "epsdiluted": 0.75,
    "weightedAverageShsOut": 145758000,
    "weightedAverageShsOutDil": 145758000,
    "link": "https://www.sec.gov/Archives/edgar/data/91142/000009114225000036/0000091142-25-000036-index.htm",
    "finalLink": "https://www.sec.gov/Archives/edgar/data/91142/000009114225000036/aos-20241231.htm"
  },
  {
    "date": "2024-09-30",
    "symbol": "AOS",
    "reportedCurrency": "USD",
    "cik": "0000091142",
    "fillingDate": "2024-10-23",
    "acceptedDate": "2024-10-23 14:35:12",
    "calendarYear": "2024",
    "period": "Q3",
    "revenue": 902600000,
    "costOfRevenue": 565300000,
    "grossProfit": 337300000,
    "grossProfitRatio": 0.3736982052,
    "researchAndDevelopmentExpenses": 0,
    "generalAndAdministrativeExpenses": 0,
    "sellingAndMarketingExpenses": 0,
    "sellingGeneralAndAdministrativeExpenses": 176600000,
    "otherExpenses": 0,
    "operatingExpenses": 176600000,
    "costAndExpenses": 741900000,
    "interestIncome": 0,
    "interestExpense": 1500000,
    "depreciationAndAmortization": 20300000,
    "ebitda": 178400000,
    "ebitdaratio": 0.1976512298,
    "operatingIncome": 160700000,
    "operatingIncomeRatio": 0.1780412143,
    "totalOtherIncomeExpensesNet": -4100000,
    "incomeBeforeTax": 156600000,
    "incomeBeforeTaxRatio": 0.1734987813,
    "incomeTaxExpense": 36500000,
    "netIncome": 120100000,
    "netIncomeRatio": 0.1330600487,
    "eps": 0.83,
    "epsdiluted": 0.82,
    "weightedAverageShsOut": 145577000,
    "weightedAverageShsOutDil": 146700000,
    "link": "https://www.sec.gov/Archives/edgar/data/91142/000009114224000171/0000091142-24-000171-index.htm",
    "finalLink": "https://www.sec.gov/Archives/edgar/data/91142/000009114224000171/aos-20240930.htm"
  },
  {
    "date": "2024-06-30",
    "symbol": "AOS",
    "reportedCurrency": "USD",
    "cik": "0000091142",
    "fillingDate": "2024-07-24",
    "acceptedDate": "2024-07-24 13:54:15",
    "calendarYear": "2024",
    "period": "Q2",
    "revenue": 1024300000,
    "costOfRevenue": 629100000,
    "grossProfit": 395200000,
    "grossProfitRatio": 0.3858244655,
    "researchAndDevelopmentExpenses": 0,
    "generalAndAdministrativeExpenses": 0,
    "sellingAndMarketingExpenses": 0,
    "sellingGeneralAndAdministrativeExpenses": 188500000,
    "otherExpenses": 0,
    "operatingExpenses": 188500000,
    "costAndExpenses": 817600000,
    "interestIncome": 0,
    "interestExpense": 1800000,
    "depreciationAndAmortization": 19600000,
    "ebitda": 228000000,
    "ebitdaratio": 0.2225910378,
    "operatingIncome": 206700000,
    "operatingIncomeRatio": 0.2017963487,
    "totalOtherIncomeExpensesNet": -100000,
    "incomeBeforeTax": 206600000,
    "incomeBeforeTaxRatio": 0.2016987211,
    "incomeTaxExpense": 50400000,
    "netIncome": 156200000,
    "netIncomeRatio": 0.1524943864,
    "eps": 1.07,
    "epsdiluted": 1.06,
    "weightedAverageShsOut": 146465276,
    "weightedAverageShsOutDil": 147599585,
    "link": "https://www.sec.gov/Archives/edgar/data/91142/000009114224000151/0000091142-24-000151-index.htm",
    "finalLink": "https://www.sec.gov/Archives/edgar/data/91142/000009114224000151/aos-20240630.htm"
  },
  {
    "date": "2024-03-31",
    "symbol": "AOS",
    "reportedCurrency": "USD",
    "cik": "0000091142",
    "fillingDate": "2024-04-26",
    "acceptedDate": "2024-04-26 13:11:13",
    "calendarYear": "2024",
    "period": "Q1",
    "revenue": 978800000,
    "costOfRevenue": 594700000,
    "grossProfit": 384100000,
    "grossProfitRatio": 0.3924192889,
    "researchAndDevelopmentExpenses": 0,
    "generalAndAdministrativeExpenses": 0,
    "sellingAndMarketingExpenses": 0,
    "sellingGeneralAndAdministrativeExpenses": 192200000,
    "otherExpenses": 0,
    "operatingExpenses": 192200000,
    "costAndExpenses": 786900000,
    "interestIncome": 0,
    "interestExpense": 1000000,
    "depreciationAndAmortization": 19600000,
    "ebitda": 213300000,
    "ebitdaratio": 0.2179199019,
    "operatingIncome": 192500000,
    "operatingIncomeRatio": 0.1966693911,
    "totalOtherIncomeExpensesNet": 200000,
    "incomeBeforeTax": 192700000,
    "incomeBeforeTaxRatio": 0.1968737229,
    "incomeTaxExpense": 45100000,
    "netIncome": 147600000,
    "netIncomeRatio": 0.1507968942,
    "eps": 1,
    "epsdiluted": 1,
    "weightedAverageShsOut": 147178955,
    "weightedAverageShsOutDil": 148297481,
    "link": "https://www.sec.gov/Archives/edgar/data/91142/000009114224000132/0000091142-24-000132-index.htm",
    "finalLink": "https://www.sec.gov/Archives/edgar/data/91142/000009114224000132/aos-20240331.htm"
  },
  {
    "date": "2023-12-31",
    "symbol": "AOS",
    "reportedCurrency": "USD",
    "cik": "0000091142",
    "fillingDate": "2024-02-13",
    "acceptedDate": "2024-02-13 16:46:51",
    "calendarYear": "2023",
    "period": "Q4",
    "revenue": 988100000,
    "costOfRevenue": 618300000,
    "grossProfit": 369800000,
    "grossProfitRatio": 0.3742536181,
    "researchAndDevelopmentExpenses": 97500000,
    "generalAndAdministrativeExpenses": 0,
    "sellingAndMarketingExpenses": 0,
    "sellingGeneralAndAdministrativeExpenses": 185000000,
    "otherExpenses": -97500000,
    "operatingExpenses": 185000000,
    "costAndExpenses": 803300000,
    "interestIncome": 0,
    "interestExpense": 1100000,
    "depreciationAndAmortization": 20800000,
    "ebitda": 198800000,
    "ebitdaratio": 0.2011942111,
    "operatingIncome": 184800000,
    "operatingIncomeRatio": 0.1870256047,
    "totalOtherIncomeExpensesNet": -7900000,
    "incomeBeforeTax": 176900000,
    "incomeBeforeTaxRatio": 0.1790304625,
    "incomeTaxExpense": 39600000,
    "netIncome": 137300000,
    "netIncomeRatio": 0.1389535472,
    "eps": 0.93,
    "epsdiluted": 0.92,
    "weightedAverageShsOut": 147527327,
    "weightedAverageShsOutDil": 149436000,
    "link": "https://www.sec.gov/Archives/edgar/data/91142/000009114224000041/0000091142-24-000041-index.htm",
    "finalLink": "https://www.sec.gov/Archives/edgar/data/91142/000009114224000041/aos-20231231.htm"
  },
  {
    "date": "2023-09-30",
    "symbol": "AOS",
    "reportedCurrency": "USD",
    "cik": "0000091142",
    "fillingDate": "2023-10-27",
    "acceptedDate": "2023-10-27 13:17:53",
    "calendarYear": "2023",
    "period": "Q3",
    "revenue": 937500000,
    "costOfRevenue": 581300000,
    "grossProfit": 356200000,
    "grossProfitRatio": 0.3799466667,
    "researchAndDevelopmentExpenses": 0,
    "generalAndAdministrativeExpenses": 0,
    "sellingAndMarketingExpenses": 0,
    "sellingGeneralAndAdministrativeExpenses": 174900000,
    "otherExpenses": 0,
    "operatingExpenses": 174900000,
    "costAndExpenses": 756200000,
    "interestIncome": 0,
    "interestExpense": 2400000,
    "depreciationAndAmortization": 19400000,
    "ebitda": 198200000,
    "ebitdaratio": 0.2114133333,
    "operatingIncome": 181300000,
    "operatingIncomeRatio": 0.1933866667,
    "totalOtherIncomeExpensesNet": -4900000,
    "incomeBeforeTax": 176400000,
    "incomeBeforeTaxRatio": 0.18816,
    "incomeTaxExpense": 41000000,
    "netIncome": 135400000,
    "netIncomeRatio": 0.1444266667,
    "eps": 0.9,
    "epsdiluted": 0.9,
    "weightedAverageShsOut": 150103113,
    "weightedAverageShsOutDil": 151209974,
    "link": "https://www.sec.gov/Archives/edgar/data/91142/000009114223000099/0000091142-23-000099-index.htm",
    "finalLink": "https://www.sec.gov/Archives/edgar/data/91142/000009114223000099/aos-20230930.htm"
  },
  {
    "date": "2023-06-30",
    "symbol": "AOS",
    "reportedCurrency": "USD",
    "cik": "0000091142",
    "fillingDate": "2023-07-28",
    "acceptedDate": "2023-07-28 14:01:27",
    "calendarYear": "2023",
    "period": "Q2",
    "revenue": 960800000,
    "costOfRevenue": 576100000,
    "grossProfit": 384700000,
    "grossProfitRatio": 0.4003955037,
    "researchAndDevelopmentExpenses": 0,
    "generalAndAdministrativeExpenses": 0,
    "sellingAndMarketingExpenses": 0,
    "sellingGeneralAndAdministrativeExpenses": 180300000,
    "otherExpenses": 0,
    "operatingExpenses": 180300000,
    "costAndExpenses": 756400000,
    "interestIncome": 0,
    "interestExpense": 4500000,
    "depreciationAndAmortization": 18900000,
    "ebitda": 232300000,
    "ebitdaratio": 0.2417776853,
    "operatingIncome": 204400000,
    "operatingIncomeRatio": 0.2127393838,
    "totalOtherIncomeExpensesNet": 4500000,
    "incomeBeforeTax": 208900000,
    "incomeBeforeTaxRatio": 0.2174229808,
    "incomeTaxExpense": 51900000,
    "netIncome": 157000000,
    "netIncomeRatio": 0.1634054954,
    "eps": 1.04,
    "epsdiluted": 1.04,
    "weightedAverageShsOut": 150475003,
    "weightedAverageShsOutDil": 151541100,
    "link": "https://www.sec.gov/Archives/edgar/data/91142/000009114223000081/0000091142-23-000081-index.htm",
    "finalLink": "https://www.sec.gov/Archives/edgar/data/91142/000009114223000081/aos-20230630.htm"
  },
  {
    "date": "2023-03-31",
    "symbol": "AOS",
    "reportedCurrency": "USD",
    "cik": "0000091142",
    "fillingDate": "2023-04-28",
    "acceptedDate": "2023-04-28 12:49:42",
    "calendarYear": "2023",
    "period": "Q1",
    "revenue": 966400000,
    "costOfRevenue": 592300000,
    "grossProfit": 374100000,
    "grossProfitRatio": 0.3871067881,
    "researchAndDevelopmentExpenses": 0,
    "generalAndAdministrativeExpenses": 0,
    "sellingAndMarketingExpenses": 0,
    "sellingGeneralAndAdministrativeExpenses": 187200000,
    "otherExpenses": 0,
    "operatingExpenses": 187200000,
    "costAndExpenses": 779500000,
    "interestIncome": 0,
    "interestExpense": 4000000,
    "depreciationAndAmortization": 19200000,
    "ebitda": 194500000,
    "ebitdaratio": 0.2012624172,
    "operatingIncome": 186900000,
    "operatingIncomeRatio": 0.1933981788,
    "totalOtherIncomeExpensesNet": -15600000,
    "incomeBeforeTax": 171300000,
    "incomeBeforeTaxRatio": 0.1772557947,
    "incomeTaxExpense": 44400000,
    "netIncome": 126900000,
    "netIncomeRatio": 0.1313120861,
    "eps": 0.84,
    "epsdiluted": 0.84,
    "weightedAverageShsOut": 150897302,
    "weightedAverageShsOutDil": 151900847,
    "link": "https://www.sec.gov/Archives/edgar/data/91142/000009114223000061/0000091142-23-000061-index.htm",
    "finalLink": "https://www.sec.gov/Archives/edgar/data/91142/000009114223000061/aos-20230331.htm"
  },
  {
    "date": "2022-12-31",
    "symbol": "AOS",
    "reportedCurrency": "USD",
    "cik": "0000091142",
    "fillingDate": "2023-02-14",
    "acceptedDate": "2023-02-14 17:11:05",
    "calendarYear": "2022",
    "period": "Q4",
    "revenue": 936100000,
    "costOfRevenue": 587500000,
    "grossProfit": 346300000,
    "grossProfitRatio": 0.3699391091,
    "researchAndDevelopmentExpenses": 89000000,
    "generalAndAdministrativeExpenses": 0,
    "sellingAndMarketingExpenses": 0,
    "sellingGeneralAndAdministrativeExpenses": 168900000,
    "otherExpenses": -89000000,
    "operatingExpenses": 168900000,
    "costAndExpenses": 758700000,
    "interestIncome": 0,
    "interestExpense": 3400000,
    "depreciationAndAmortization": 20400000,
    "ebitda": -219100000,
    "ebitdaratio": -0.2340561906,
    "operatingIncome": 177400000,
    "operatingIncomeRatio": 0.1895096678,
    "totalOtherIncomeExpensesNet": -420300000,
    "incomeBeforeTax": -242900000,
    "incomeBeforeTaxRatio": -0.2594808247,
    "incomeTaxExpense": -122800000,
    "netIncome": -120100000,
    "netIncomeRatio": -0.1282982587,
    "eps": -0.79,
    "epsdiluted": -0.78,
    "weightedAverageShsOut": 151179079,
    "weightedAverageShsOutDil": 153158000,
    "link": "https://www.sec.gov/Archives/edgar/data/91142/000009114223000025/0000091142-23-000025-index.htm",
    "finalLink": "https://www.sec.gov/Archives/edgar/data/91142/000009114223000025/aos-20221231.htm"
  },
  {
    "date": "2022-09-30",
    "symbol": "AOS",
    "reportedCurrency": "USD",
    "cik": "0000091142",
    "fillingDate": "2022-10-28",
    "acceptedDate": "2022-10-28 11:01:05",
    "calendarYear": "2022",
    "period": "Q3",
    "revenue": 874200000,
    "costOfRevenue": 569200000,
    "grossProfit": 305000000,
    "grossProfitRatio": 0.3488904141,
    "researchAndDevelopmentExpenses": 0,
    "generalAndAdministrativeExpenses": 0,
    "sellingAndMarketingExpenses": 0,
    "sellingGeneralAndAdministrativeExpenses": 155500000,
    "otherExpenses": 0,
    "operatingExpenses": 155500000,
    "costAndExpenses": 724700000,
    "interestIncome": 0,
    "interestExpense": 2400000,
    "depreciationAndAmortization": 18200000,
    "ebitda": 165300000,
    "ebitdaratio": 0.1890871654,
    "operatingIncome": 149500000,
    "operatingIncomeRatio": 0.1710134981,
    "totalOtherIncomeExpensesNet": -4800000,
    "incomeBeforeTax": 144700000,
    "incomeBeforeTaxRatio": 0.1655227637,
    "incomeTaxExpense": 34900000,
    "netIncome": 109800000,
    "netIncomeRatio": 0.1256005491,
    "eps": 0.71,
    "epsdiluted": 0.7,
    "weightedAverageShsOut": 154197072,
    "weightedAverageShsOutDil": 157652567,
    "link": "https://www.sec.gov/Archives/edgar/data/91142/000009114222000101/0000091142-22-000101-index.htm",
    "finalLink": "https://www.sec.gov/Archives/edgar/data/91142/000009114222000101/aos-20220930.htm"
  },
  {
    "date": "2022-06-30",
    "symbol": "AOS",
    "reportedCurrency": "USD",
    "cik": "0000091142",
    "fillingDate": "2022-07-29",
    "acceptedDate": "2022-07-29 12:08:32",
    "calendarYear": "2022",
    "period": "Q2",
    "revenue": 965900000,
    "costOfRevenue": 631500000,
    "grossProfit": 333700000,
    "grossProfitRatio": 0.3454808986,
    "researchAndDevelopmentExpenses": 0,
    "generalAndAdministrativeExpenses": 0,
    "sellingAndMarketingExpenses": 0,
    "sellingGeneralAndAdministrativeExpenses": 166700000,
    "otherExpenses": 0,
    "operatingExpenses": 166700000,
    "costAndExpenses": 798900000,
    "interestIncome": 0,
    "interestExpense": 2100000,
    "depreciationAndAmortization": 18000000,
    "ebitda": 185400000,
    "ebitdaratio": 0.191945336,
    "operatingIncome": 167000000,
    "operatingIncomeRatio": 0.1728957449,
    "totalOtherIncomeExpensesNet": -1700000,
    "incomeBeforeTax": 165300000,
    "incomeBeforeTaxRatio": 0.1711357283,
    "incomeTaxExpense": 39100000,
    "netIncome": 126200000,
    "netIncomeRatio": 0.1306553473,
    "eps": 0.81,
    "epsdiluted": 0.8,
    "weightedAverageShsOut": 155692240,
    "weightedAverageShsOutDil": 157782947,
    "link": "https://www.sec.gov/Archives/edgar/data/91142/000009114222000084/0000091142-22-000084-index.htm",
    "finalLink": "https://www.sec.gov/Archives/edgar/data/91142/000009114222000084/aos-20220630.htm"
  },
  {
    "date": "2022-03-31",
    "symbol": "AOS",
    "reportedCurrency": "USD",
    "cik": "0000091142",
    "fillingDate": "2022-05-02",
    "acceptedDate": "2022-05-02 14:37:03",
    "calendarYear": "2022",
    "period": "Q1",
    "revenue": 977700000,
    "costOfRevenue": 636100000,
    "grossProfit": 341600000,
    "grossProfitRatio": 0.3493914289,
    "researchAndDevelopmentExpenses": 0,
    "generalAndAdministrativeExpenses": 0,
    "sellingAndMarketingExpenses": 0,
    "sellingGeneralAndAdministrativeExpenses": 179800000,
    "otherExpenses": 0,
    "operatingExpenses": 179800000,
    "costAndExpenses": 815900000,
    "interestIncome": 0,
    "interestExpense": 1500000,
    "depreciationAndAmortization": 20300000,
    "ebitda": 178400000,
    "ebitdaratio": 0.18246906,
    "operatingIncome": 161800000,
    "operatingIncomeRatio": 0.1654904367,
    "totalOtherIncomeExpensesNet": -5200000,
    "incomeBeforeTax": 156600000,
    "incomeBeforeTaxRatio": 0.1601718319,
    "incomeTaxExpense": 36800000,
    "netIncome": 119800000,
    "netIncomeRatio": 0.1225324742,
    "eps": 0.76,
    "epsdiluted": 0.76,
    "weightedAverageShsOut": 157018566,
    "weightedAverageShsOutDil": 158318000,
    "link": "https://www.sec.gov/Archives/edgar/data/91142/000009114222000066/0000091142-22-000066-index.htm",
    "finalLink": "https://www.sec.gov/Archives/edgar/data/91142/000009114222000066/aos-20220331.htm"
  },
  {
    "date": "2021-12-31",
    "symbol": "AOS",
    "reportedCurrency": "USD",
    "cik": "0000091142",
    "fillingDate": "2022-02-11",
    "acceptedDate": "2022-02-11 14:19:32",
    "calendarYear": "2021",
    "period": "Q4",
    "revenue": 995500000,
    "costOfRevenue": 634900000,
    "grossProfit": 360600000,
    "grossProfitRatio": 0.3622300352,
    "researchAndDevelopmentExpenses": 94200000,
    "generalAndAdministrativeExpenses": 0,
    "sellingAndMarketingExpenses": 0,
    "sellingGeneralAndAdministrativeExpenses": 184200000,
    "otherExpenses": -94200000,
    "operatingExpenses": 184200000,
    "costAndExpenses": 819100000,
    "interestIncome": 0,
    "interestExpense": 1400000,
    "depreciationAndAmortization": 19900000,
    "ebitda": 203100000,
    "ebitdaratio": 0.2040180814,
    "operatingIncome": 176400000,
    "operatingIncomeRatio": 0.1771973882,
    "totalOtherIncomeExpensesNet": 5400000,
    "incomeBeforeTax": 181800000,
    "incomeBeforeTaxRatio": 0.1826217981,
    "incomeTaxExpense": 42200000,
    "netIncome": 139600000,
    "netIncomeRatio": 0.1402310397,
    "eps": 0.89,
    "epsdiluted": 0.87,
    "weightedAverageShsOut": 157652567,
    "weightedAverageShsOutDil": 160171000,
    "link": "https://www.sec.gov/Archives/edgar/data/91142/000009114222000028/0000091142-22-000028-index.htm",
    "finalLink": "https://www.sec.gov/Archives/edgar/data/91142/000009114222000028/aos-20211231.htm"
  },
  {
    "date": "2021-09-30",
    "symbol": "AOS",
    "reportedCurrency": "USD",
    "cik": "0000091142",
    "fillingDate": "2021-10-29",
    "acceptedDate": "2021-10-29 10:52:41",
    "calendarYear": "2021",
    "period": "Q3",
    "revenue": 914600000,
    "costOfRevenue": 574300000,
    "grossProfit": 340300000,
    "grossProfitRatio": 0.3720752241,
    "researchAndDevelopmentExpenses": 0,
    "generalAndAdministrativeExpenses": 0,
    "sellingAndMarketingExpenses": 0,
    "sellingGeneralAndAdministrativeExpenses": 177600000,
    "otherExpenses": 0,
    "operatingExpenses": 177600000,
    "costAndExpenses": 751900000,
    "interestIncome": 0,
    "interestExpense": 1000000,
    "depreciationAndAmortization": 19000000,
    "ebitda": 186400000,
    "ebitdaratio": 0.2038049421,
    "operatingIncome": 162700000,
    "operatingIncomeRatio": 0.1778919746,
    "totalOtherIncomeExpensesNet": 3700000,
    "incomeBeforeTax": 166400000,
    "incomeBeforeTaxRatio": 0.181937459,
    "incomeTaxExpense": 34800000,
    "netIncome": 131600000,
    "netIncomeRatio": 0.1438880385,
    "eps": 0.83,
    "epsdiluted": 0.82,
    "weightedAverageShsOut": 159188790,
    "weightedAverageShsOutDil": 160628348,
    "link": "https://www.sec.gov/Archives/edgar/data/91142/000009114221000142/0000091142-21-000142-index.htm",
    "finalLink": "https://www.sec.gov/Archives/edgar/data/91142/000009114221000142/aos-20210930.htm"
  },
  {
    "date": "2021-06-30",
    "symbol": "AOS",
    "reportedCurrency": "USD",
    "cik": "0000091142",
    "fillingDate": "2021-07-30",
    "acceptedDate": "2021-07-30 11:33:56",
    "calendarYear": "2021",
    "period": "Q2",
    "revenue": 859800000,
    "costOfRevenue": 538400000,
    "grossProfit": 321400000,
    "grossProfitRatio": 0.3738078623,
    "researchAndDevelopmentExpenses": 0,
    "generalAndAdministrativeExpenses": 0,
    "sellingAndMarketingExpenses": 0,
    "sellingGeneralAndAdministrativeExpenses": 173100000,
    "otherExpenses": 0,
    "operatingExpenses": 173100000,
    "costAndExpenses": 711500000,
    "interestIncome": 0,
    "interestExpense": 900000,
    "depreciationAndAmortization": 19500000,
    "ebitda": 171700000,
    "ebitdaratio": 0.1996976041,
    "operatingIncome": 148300000,
    "operatingIncomeRatio": 0.1724819726,
    "totalOtherIncomeExpensesNet": 3000000,
    "incomeBeforeTax": 151300000,
    "incomeBeforeTaxRatio": 0.1759711561,
    "incomeTaxExpense": 33100000,
    "netIncome": 118200000,
    "netIncomeRatio": 0.1374738311,
    "eps": 0.74,
    "epsdiluted": 0.73,
    "weightedAverageShsOut": 160241814,
    "weightedAverageShsOutDil": 161731973,
    "link": "https://www.sec.gov/Archives/edgar/data/91142/000009114221000131/0000091142-21-000131-index.htm",
    "finalLink": "https://www.sec.gov/Archives/edgar/data/91142/000009114221000131/aos-20210630.htm"
  },
  {
    "date": "2021-03-31",
    "symbol": "AOS",
    "reportedCurrency": "USD",
    "cik": "0000091142",
    "fillingDate": "2021-04-30",
    "acceptedDate": "2021-04-30 10:19:35",
    "calendarYear": "2021",
    "period": "Q1",
    "revenue": 769000000,
    "costOfRevenue": 480400000,
    "grossProfit": 288600000,
    "grossProfitRatio": 0.3752925878,
    "researchAndDevelopmentExpenses": 0,
    "generalAndAdministrativeExpenses": 0,
    "sellingAndMarketingExpenses": 0,
    "sellingGeneralAndAdministrativeExpenses": 166500000,
    "otherExpenses": 0,
    "operatingExpenses": 166500000,
    "costAndExpenses": 646900000,
    "interestIncome": 0,
    "interestExpense": 1000000,
    "depreciationAndAmortization": 19500000,
    "ebitda": 146600000,
    "ebitdaratio": 0.1906371912,
    "operatingIncome": 122100000,
    "operatingIncomeRatio": 0.1587776333,
    "totalOtherIncomeExpensesNet": 4000000,
    "incomeBeforeTax": 126100000,
    "incomeBeforeTaxRatio": 0.1639791938,
    "incomeTaxExpense": 28400000,
    "netIncome": 97700000,
    "netIncomeRatio": 0.1270481144,
    "eps": 0.6,
    "epsdiluted": 0.6,
    "weightedAverageShsOut": 161526733,
    "weightedAverageShsOutDil": 162785323,
    "link": "https://www.sec.gov/Archives/edgar/data/91142/000009114221000085/0000091142-21-000085-index.htm",
    "finalLink": "https://www.sec.gov/Archives/edgar/data/91142/000009114221000085/aos-20210331.htm"
  },
  {
    "date": "2020-12-31",
    "symbol": "AOS",
    "reportedCurrency": "USD",
    "cik": "0000091142",
    "fillingDate": "2021-02-12",
    "acceptedDate": "2021-02-12 12:27:08",
    "calendarYear": "2020",
    "period": "Q4",
    "revenue": 834500000,
    "costOfRevenue": 510400000,
    "grossProfit": 324100000,
    "grossProfitRatio": 0.3883762732,
    "researchAndDevelopmentExpenses": 80700000,
    "generalAndAdministrativeExpenses": 0,
    "sellingAndMarketingExpenses": 0,
    "sellingGeneralAndAdministrativeExpenses": 171200000,
    "otherExpenses": -80700000,
    "operatingExpenses": 171200000,
    "costAndExpenses": 681600000,
    "interestIncome": 0,
    "interestExpense": 1000000,
    "depreciationAndAmortization": 19300000,
    "ebitda": 172200000,
    "ebitdaratio": 0.2063511084,
    "operatingIncome": 152900000,
    "operatingIncomeRatio": 0.1832234871,
    "totalOtherIncomeExpensesNet": -1000000,
    "incomeBeforeTax": 151900000,
    "incomeBeforeTaxRatio": 0.1820251648,
    "incomeTaxExpense": 31900000,
    "netIncome": 120000000,
    "netIncomeRatio": 0.1437986818,
    "eps": 0.74,
    "epsdiluted": 0.74,
    "weightedAverageShsOut": 161769759,
    "weightedAverageShsOutDil": 162866000,
    "link": "https://www.sec.gov/Archives/edgar/data/91142/000009114221000025/0000091142-21-000025-index.htm",
    "finalLink": "https://www.sec.gov/Archives/edgar/data/91142/000009114221000025/aos-20201231.htm"
  },
  {
    "date": "2020-09-30",
    "symbol": "AOS",
    "reportedCurrency": "USD",
    "cik": "0000091142",
    "fillingDate": "2020-11-06",
    "acceptedDate": "2020-11-06 11:57:25",
    "calendarYear": "2020",
    "period": "Q3",
    "revenue": 760000000,
    "costOfRevenue": 462900000,
    "grossProfit": 297100000,
    "grossProfitRatio": 0.3909210526,
    "researchAndDevelopmentExpenses": 0,
    "generalAndAdministrativeExpenses": 0,
    "sellingAndMarketingExpenses": 0,
    "sellingGeneralAndAdministrativeExpenses": 159400000,
    "otherExpenses": 0,
    "operatingExpenses": 159400000,
    "costAndExpenses": 622300000,
    "interestIncome": 0,
    "interestExpense": 1600000,
    "depreciationAndAmortization": 20700000,
    "ebitda": 159600000,
    "ebitdaratio": 0.21,
    "operatingIncome": 137700000,
    "operatingIncomeRatio": 0.1811842105,
    "totalOtherIncomeExpensesNet": -400000,
    "incomeBeforeTax": 137300000,
    "incomeBeforeTaxRatio": 0.1806578947,
    "incomeTaxExpense": 31900000,
    "netIncome": 105400000,
    "netIncomeRatio": 0.1386842105,
    "eps": 0.65,
    "epsdiluted": 0.65,
    "weightedAverageShsOut": 161411049,
    "weightedAverageShsOutDil": 162479678,
    "link": "https://www.sec.gov/Archives/edgar/data/91142/000009114220000064/0000091142-20-000064-index.htm",
    "finalLink": "https://www.sec.gov/Archives/edgar/data/91142/000009114220000064/aos-20200930.htm"
  },
  {
    "date": "2020-06-30",
    "symbol": "AOS",
    "reportedCurrency": "USD",
    "cik": "0000091142",
    "fillingDate": "2020-08-05",
    "acceptedDate": "2020-08-05 12:22:59",
    "calendarYear": "2020",
    "period": "Q2",
    "revenue": 663900000,
    "costOfRevenue": 416400000,
    "grossProfit": 247500000,
    "grossProfitRatio": 0.372797108,
    "researchAndDevelopmentExpenses": 0,
    "generalAndAdministrativeExpenses": 0,
    "sellingAndMarketingExpenses": 0,
    "sellingGeneralAndAdministrativeExpenses": 155900000,
    "otherExpenses": 0,
    "operatingExpenses": 155900000,
    "costAndExpenses": 572300000,
    "interestIncome": 0,
    "interestExpense": 2500000,
    "depreciationAndAmortization": 19900000,
    "ebitda": 109400000,
    "ebitdaratio": 0.164783853,
    "operatingIncome": 91600000,
    "operatingIncomeRatio": 0.1379725862,
    "totalOtherIncomeExpensesNet": -4600000,
    "incomeBeforeTax": 87000000,
    "incomeBeforeTaxRatio": 0.1310438319,
    "incomeTaxExpense": 19200000,
    "netIncome": 67800000,
    "netIncomeRatio": 0.1021238138,
    "eps": 0.42,
    "epsdiluted": 0.42,
    "weightedAverageShsOut": 161208194,
    "weightedAverageShsOutDil": 162173842,
    "link": "https://www.sec.gov/Archives/edgar/data/91142/000119312520210347/0001193125-20-210347-index.htm",
    "finalLink": "https://www.sec.gov/Archives/edgar/data/91142/000119312520210347/d909928d10q.htm"
  },
  {
    "date": "2020-03-31",
    "symbol": "AOS",
    "reportedCurrency": "USD",
    "cik": "0000091142",
    "fillingDate": "2020-05-05",
    "acceptedDate": "2020-05-05 16:22:32",
    "calendarYear": "2020",
    "period": "Q1",
    "revenue": 636900000,
    "costOfRevenue": 397400000,
    "grossProfit": 239500000,
    "grossProfitRatio": 0.3760401947,
    "researchAndDevelopmentExpenses": 0,
    "generalAndAdministrativeExpenses": 0,
    "sellingAndMarketingExpenses": 0,
    "sellingGeneralAndAdministrativeExpenses": 173800000,
    "otherExpenses": 0,
    "operatingExpenses": 173800000,
    "costAndExpenses": 571200000,
    "interestIncome": 0,
    "interestExpense": 2200000,
    "depreciationAndAmortization": 20100000,
    "ebitda": 90000000,
    "ebitdaratio": 0.1413094677,
    "operatingIncome": 65700000,
    "operatingIncomeRatio": 0.1031559114,
    "totalOtherIncomeExpensesNet": 2000000,
    "incomeBeforeTax": 67700000,
    "incomeBeforeTaxRatio": 0.1062961218,
    "incomeTaxExpense": 16000000,
    "netIncome": 51700000,
    "netIncomeRatio": 0.0811744387,
    "eps": 0.32,
    "epsdiluted": 0.32,
    "weightedAverageShsOut": 161871788,
    "weightedAverageShsOutDil": 162897605,
    "link": "https://www.sec.gov/Archives/edgar/data/91142/000119312520133747/0001193125-20-133747-index.htm",
    "finalLink": "https://www.sec.gov/Archives/edgar/data/91142/000119312520133747/d159152d10q.htm"
  },
  {
    "date": "2019-12-31",
    "symbol": "AOS",
    "reportedCurrency": "USD",
    "cik": "0000091142",
    "fillingDate": "2020-02-24",
    "acceptedDate": "2020-02-24 17:31:06",
    "calendarYear": "2019",
    "period": "Q4",
    "revenue": 750900000,
    "costOfRevenue": 455900000,
    "grossProfit": 295000000,
    "grossProfitRatio": 0.3928618991,
    "researchAndDevelopmentExpenses": 87900000,
    "generalAndAdministrativeExpenses": 69200000,
    "sellingAndMarketingExpenses": 110700000,
    "sellingGeneralAndAdministrativeExpenses": 179900000,
    "otherExpenses": -87900000,
    "operatingExpenses": 179900000,
    "costAndExpenses": 635800000,
    "interestIncome": 0,
    "interestExpense": 2500000,
    "depreciationAndAmortization": 20200000,
    "ebitda": 138200000,
    "ebitdaratio": 0.1840458117,
    "operatingIncome": 115100000,
    "operatingIncomeRatio": 0.1532827274,
    "totalOtherIncomeExpensesNet": 400000,
    "incomeBeforeTax": 115500000,
    "incomeBeforeTaxRatio": 0.1538154215,
    "incomeTaxExpense": 24200000,
    "netIncome": 91300000,
    "netIncomeRatio": 0.1215874284,
    "eps": 0.56,
    "epsdiluted": 0.56,
    "weightedAverageShsOut": 162371408,
    "weightedAverageShsOutDil": 164185000,
    "link": "https://www.sec.gov/Archives/edgar/data/91142/000119312520046736/0001193125-20-046736-index.htm",
    "finalLink": "https://www.sec.gov/Archives/edgar/data/91142/000119312520046736/d846284d10k.htm"
  },
  {
    "date": "2019-09-30",
    "symbol": "AOS",
    "reportedCurrency": "USD",
    "cik": "0000091142",
    "fillingDate": "2019-11-06",
    "acceptedDate": "2019-11-06 14:51:04",
    "calendarYear": "2019",
    "period": "Q3",
    "revenue": 728200000,
    "costOfRevenue": 444000000,
    "grossProfit": 284200000,
    "grossProfitRatio": 0.3902773963,
    "researchAndDevelopmentExpenses": 0,
    "generalAndAdministrativeExpenses": 0,
    "sellingAndMarketingExpenses": 0,
    "sellingGeneralAndAdministrativeExpenses": 172300000,
    "otherExpenses": 0,
    "operatingExpenses": 172300000,
    "costAndExpenses": 616300000,
    "interestIncome": 0,
    "interestExpense": 3100000,
    "depreciationAndAmortization": 19700000,
    "ebitda": 135600000,
    "ebitdaratio": 0.186212579,
    "operatingIncome": 111900000,
    "operatingIncomeRatio": 0.1536665751,
    "totalOtherIncomeExpensesNet": 900000,
    "incomeBeforeTax": 112800000,
    "incomeBeforeTaxRatio": 0.1549024993,
    "incomeTaxExpense": 25500000,
    "netIncome": 87300000,
    "netIncomeRatio": 0.1198846471,
    "eps": 0.53,
    "epsdiluted": 0.53,
    "weightedAverageShsOut": 164298458,
    "weightedAverageShsOutDil": 165543245,
    "link": "https://www.sec.gov/Archives/edgar/data/91142/000119312519285763/0001193125-19-285763-index.htm",
    "finalLink": "https://www.sec.gov/Archives/edgar/data/91142/000119312519285763/d816891d10q.htm"
  },
  {
    "date": "2019-06-30",
    "symbol": "AOS",
    "reportedCurrency": "USD",
    "cik": "0000091142",
    "fillingDate": "2019-08-08",
    "acceptedDate": "2019-08-08 16:49:26",
    "calendarYear": "2019",
    "period": "Q2",
    "revenue": 765400000,
    "costOfRevenue": 456700000,
    "grossProfit": 308700000,
    "grossProfitRatio": 0.4033185263,
    "researchAndDevelopmentExpenses": 0,
    "generalAndAdministrativeExpenses": 0,
    "sellingAndMarketingExpenses": 0,
    "sellingGeneralAndAdministrativeExpenses": 178700000,
    "otherExpenses": 0,
    "operatingExpenses": 178700000,
    "costAndExpenses": 635400000,
    "interestIncome": 0,
    "interestExpense": 3400000,
    "depreciationAndAmortization": 18200000,
    "ebitda": 153800000,
    "ebitdaratio": 0.2009406846,
    "operatingIncome": 130000000,
    "operatingIncomeRatio": 0.1698458322,
    "totalOtherIncomeExpensesNet": 2200000,
    "incomeBeforeTax": 132200000,
    "incomeBeforeTaxRatio": 0.1727201463,
    "incomeTaxExpense": 30100000,
    "netIncome": 102100000,
    "netIncomeRatio": 0.1333943036,
    "eps": 0.61,
    "epsdiluted": 0.61,
    "weightedAverageShsOut": 166825601,
    "weightedAverageShsOutDil": 168086268,
    "link": "https://www.sec.gov/Archives/edgar/data/91142/000119312519216951/0001193125-19-216951-index.htm",
    "finalLink": "https://www.sec.gov/Archives/edgar/data/91142/000119312519216951/d19237d10q.htm"
  },
  {
    "date": "2019-03-31",
    "symbol": "AOS",
    "reportedCurrency": "USD",
    "cik": "0000091142",
    "fillingDate": "2019-05-09",
    "acceptedDate": "2019-05-09 16:35:13",
    "calendarYear": "2019",
    "period": "Q1",
    "revenue": 748200000,
    "costOfRevenue": 455400000,
    "grossProfit": 292800000,
    "grossProfitRatio": 0.3913392141,
    "researchAndDevelopmentExpenses": 0,
    "generalAndAdministrativeExpenses": 0,
    "sellingAndMarketingExpenses": 0,
    "sellingGeneralAndAdministrativeExpenses": 184700000,
    "otherExpenses": 0,
    "operatingExpenses": 184700000,
    "costAndExpenses": 640100000,
    "interestIncome": 0,
    "interestExpense": 2000000,
    "depreciationAndAmortization": 20200000,
    "ebitda": 133800000,
    "ebitdaratio": 0.1788291901,
    "operatingIncome": 108100000,
    "operatingIncomeRatio": 0.1444800855,
    "totalOtherIncomeExpensesNet": 3500000,
    "incomeBeforeTax": 111600000,
    "incomeBeforeTaxRatio": 0.1491579791,
    "incomeTaxExpense": 22300000,
    "netIncome": 89300000,
    "netIncomeRatio": 0.1193531141,
    "eps": 0.53,
    "epsdiluted": 0.53,
    "weightedAverageShsOut": 167803794,
    "weightedAverageShsOutDil": 169096142,
    "link": "https://www.sec.gov/Archives/edgar/data/91142/000119312519143041/0001193125-19-143041-index.htm",
    "finalLink": "https://www.sec.gov/Archives/edgar/data/91142/000119312519143041/d679218d10q.htm"
  },
  {
    "date": "2018-12-31",
    "symbol": "AOS",
    "reportedCurrency": "USD",
    "cik": "0000091142",
    "fillingDate": "2019-02-15",
    "acceptedDate": "2019-02-15 15:42:46",
    "calendarYear": "2018",
    "period": "Q4",
    "revenue": 812500000,
    "costOfRevenue": 475500000,
    "grossProfit": 337000000,
    "grossProfitRatio": 0.4147692308,
    "researchAndDevelopmentExpenses": 94000000,
    "generalAndAdministrativeExpenses": 54000000,
    "sellingAndMarketingExpenses": 132100000,
    "sellingGeneralAndAdministrativeExpenses": 186100000,
    "otherExpenses": -94000000,
    "operatingExpenses": 186100000,
    "costAndExpenses": 661600000,
    "interestIncome": 0,
    "interestExpense": 1800000,
    "depreciationAndAmortization": 18700000,
    "ebitda": 175300000,
    "ebitdaratio": 0.2157538462,
    "operatingIncome": 150900000,
    "operatingIncomeRatio": 0.1857230769,
    "totalOtherIncomeExpensesNet": 3900000,
    "incomeBeforeTax": 154800000,
    "incomeBeforeTaxRatio": 0.1905230769,
    "incomeTaxExpense": 28500000,
    "netIncome": 126300000,
    "netIncomeRatio": 0.1554461538,
    "eps": 0.75,
    "epsdiluted": 0.74,
    "weightedAverageShsOut": 168159148,
    "weightedAverageShsOutDil": 170640000,
    "link": "https://www.sec.gov/Archives/edgar/data/91142/000119312519042339/0001193125-19-042339-index.htm",
    "finalLink": "https://www.sec.gov/Archives/edgar/data/91142/000119312519042339/d678397d10k.htm"
  },
  {
    "date": "2018-09-30",
    "symbol": "AOS",
    "reportedCurrency": "USD",
    "cik": "0000091142",
    "fillingDate": "2018-11-08",
    "acceptedDate": "2018-11-08 16:42:09",
    "calendarYear": "2018",
    "period": "Q3",
    "revenue": 754100000,
    "costOfRevenue": 448100000,
    "grossProfit": 306000000,
    "grossProfitRatio": 0.4057817266,
    "researchAndDevelopmentExpenses": 0,
    "generalAndAdministrativeExpenses": 0,
    "sellingAndMarketingExpenses": 0,
    "sellingGeneralAndAdministrativeExpenses": 177600000,
    "otherExpenses": 0,
    "operatingExpenses": 177600000,
    "costAndExpenses": 625700000,
    "interestIncome": 0,
    "interestExpense": 2000000,
    "depreciationAndAmortization": 17800000,
    "ebitda": 151300000,
    "ebitdaratio": 0.2006365204,
    "operatingIncome": 128400000,
    "operatingIncomeRatio": 0.1702691951,
    "totalOtherIncomeExpensesNet": 3100000,
    "incomeBeforeTax": 131500000,
    "incomeBeforeTaxRatio": 0.1743800557,
    "incomeTaxExpense": 26900000,
    "netIncome": 104600000,
    "netIncomeRatio": 0.1387083941,
    "eps": 0.61,
    "epsdiluted": 0.61,
    "weightedAverageShsOut": 169947632,
    "weightedAverageShsOutDil": 172085000,
    "link": "https://www.sec.gov/Archives/edgar/data/91142/000119312518322633/0001193125-18-322633-index.htm",
    "finalLink": "https://www.sec.gov/Archives/edgar/data/91142/000119312518322633/d594156d10q.htm"
  },
  {
    "date": "2018-06-30",
    "symbol": "AOS",
    "reportedCurrency": "USD",
    "cik": "0000091142",
    "fillingDate": "2018-08-06",
    "acceptedDate": "2018-08-06 10:34:07",
    "calendarYear": "2018",
    "period": "Q2",
    "revenue": 833300000,
    "costOfRevenue": 492300000,
    "grossProfit": 341000000,
    "grossProfitRatio": 0.4092163687,
    "researchAndDevelopmentExpenses": 0,
    "generalAndAdministrativeExpenses": 0,
    "sellingAndMarketingExpenses": 0,
    "sellingGeneralAndAdministrativeExpenses": 197200000,
    "otherExpenses": 0,
    "operatingExpenses": 197200000,
    "costAndExpenses": 689500000,
    "interestIncome": 0,
    "interestExpense": 2300000,
    "depreciationAndAmortization": 17500000,
    "ebitda": 165900000,
    "ebitdaratio": 0.1990879635,
    "operatingIncome": 143800000,
    "operatingIncomeRatio": 0.1725669027,
    "totalOtherIncomeExpensesNet": 2300000,
    "incomeBeforeTax": 146100000,
    "incomeBeforeTaxRatio": 0.1753270131,
    "incomeTaxExpense": 31600000,
    "netIncome": 114500000,
    "netIncomeRatio": 0.1374054962,
    "eps": 0.67,
    "epsdiluted": 0.66,
    "weightedAverageShsOut": 170564532,
    "weightedAverageShsOutDil": 172730000,
    "link": "https://www.sec.gov/Archives/edgar/data/91142/000119312518239198/0001193125-18-239198-index.htm",
    "finalLink": "https://www.sec.gov/Archives/edgar/data/91142/000119312518239198/d439992d10q.htm"
  },
  {
    "date": "2018-03-31",
    "symbol": "AOS",
    "reportedCurrency": "USD",
    "cik": "0000091142",
    "fillingDate": "2018-05-07",
    "acceptedDate": "2018-05-07 15:59:29",
    "calendarYear": "2018",
    "period": "Q1",
    "revenue": 788000000,
    "costOfRevenue": 466500000,
    "grossProfit": 321500000,
    "grossProfitRatio": 0.4079949239,
    "researchAndDevelopmentExpenses": 0,
    "generalAndAdministrativeExpenses": 0,
    "sellingAndMarketingExpenses": 0,
    "sellingGeneralAndAdministrativeExpenses": 192900000,
    "otherExpenses": 0,
    "operatingExpenses": 192900000,
    "costAndExpenses": 659400000,
    "interestIncome": 0,
    "interestExpense": 2300000,
    "depreciationAndAmortization": 17900000,
    "ebitda": 145600000,
    "ebitdaratio": 0.1847715736,
    "operatingIncome": 128600000,
    "operatingIncomeRatio": 0.1631979695,
    "totalOtherIncomeExpensesNet": -3200000,
    "incomeBeforeTax": 125400000,
    "incomeBeforeTaxRatio": 0.1591370558,
    "incomeTaxExpense": 26600000,
    "netIncome": 98800000,
    "netIncomeRatio": 0.1253807107,
    "eps": 0.58,
    "epsdiluted": 0.57,
    "weightedAverageShsOut": 171142730,
    "weightedAverageShsOutDil": 173351000,
    "link": "https://www.sec.gov/Archives/edgar/data/91142/000119312518154400/0001193125-18-154400-index.htm",
    "finalLink": "https://www.sec.gov/Archives/edgar/data/91142/000119312518154400/d552506d10q.htm"
  },
  {
    "date": "2017-12-31",
    "symbol": "AOS",
    "reportedCurrency": "USD",
    "cik": "0000091142",
    "fillingDate": "2018-02-16",
    "acceptedDate": "2018-02-16 14:14:54",
    "calendarYear": "2017",
    "period": "Q4",
    "revenue": 768600000,
    "costOfRevenue": 444800000,
    "grossProfit": 323800000,
    "grossProfitRatio": 0.4212854541,
    "researchAndDevelopmentExpenses": 86400000,
    "generalAndAdministrativeExpenses": 56100000,
    "sellingAndMarketingExpenses": 126900000,
    "sellingGeneralAndAdministrativeExpenses": 183000000,
    "otherExpenses": -86400000,
    "operatingExpenses": 183000000,
    "costAndExpenses": 627800000,
    "interestIncome": 0,
    "interestExpense": 2900000,
    "depreciationAndAmortization": 18200000,
    "ebitda": 161900000,
    "ebitdaratio": 0.210642727,
    "operatingIncome": 140800000,
    "operatingIncomeRatio": 0.183190216,
    "totalOtherIncomeExpensesNet": 0,
    "incomeBeforeTax": 140800000,
    "incomeBeforeTaxRatio": 0.183190216,
    "incomeTaxExpense": 118100000,
    "netIncome": 22700000,
    "netIncomeRatio": 0.0295342181,
    "eps": 0.13,
    "epsdiluted": 0.13,
    "weightedAverageShsOut": 171663130,
    "weightedAverageShsOutDil": 173775000,
    "link": "https://www.sec.gov/Archives/edgar/data/91142/000119312518048314/0001193125-18-048314-index.htm",
    "finalLink": "https://www.sec.gov/Archives/edgar/data/91142/000119312518048314/d473899d10k.htm"
  },
  {
    "date": "2017-09-30",
    "symbol": "AOS",
    "reportedCurrency": "USD",
    "cik": "0000091142",
    "fillingDate": "2017-11-06",
    "acceptedDate": "2017-11-06 11:45:28",
    "calendarYear": "2017",
    "period": "Q3",
    "revenue": 749900000,
    "costOfRevenue": 443200000,
    "grossProfit": 306700000,
    "grossProfitRatio": 0.408987865,
    "researchAndDevelopmentExpenses": 0,
    "generalAndAdministrativeExpenses": 0,
    "sellingAndMarketingExpenses": 0,
    "sellingGeneralAndAdministrativeExpenses": 175800000,
    "otherExpenses": 0,
    "operatingExpenses": 175800000,
    "costAndExpenses": 619000000,
    "interestIncome": 0,
    "interestExpense": 2500000,
    "depreciationAndAmortization": 17600000,
    "ebitda": 151700000,
    "ebitdaratio": 0.2022936392,
    "operatingIncome": 130900000,
    "operatingIncomeRatio": 0.1745566075,
    "totalOtherIncomeExpensesNet": 700000,
    "incomeBeforeTax": 131600000,
    "incomeBeforeTaxRatio": 0.1754900653,
    "incomeTaxExpense": 37900000,
    "netIncome": 93700000,
    "netIncomeRatio": 0.1249499933,
    "eps": 0.54,
    "epsdiluted": 0.54,
    "weightedAverageShsOut": 171499234,
    "weightedAverageShsOutDil": 174356000,
    "link": "https://www.sec.gov/Archives/edgar/data/91142/000119312517333881/0001193125-17-333881-index.htm",
    "finalLink": "https://www.sec.gov/Archives/edgar/data/91142/000119312517333881/d456845d10q.htm"
  },
  {
    "date": "2017-06-30",
    "symbol": "AOS",
    "reportedCurrency": "USD",
    "cik": "0000091142",
    "fillingDate": "2017-08-08",
    "acceptedDate": "2017-08-08 13:23:32",
    "calendarYear": "2017",
    "period": "Q2",
    "revenue": 738200000,
    "costOfRevenue": 432300000,
    "grossProfit": 305900000,
    "grossProfitRatio": 0.4143863452,
    "researchAndDevelopmentExpenses": 0,
    "generalAndAdministrativeExpenses": 0,
    "sellingAndMarketingExpenses": 0,
    "sellingGeneralAndAdministrativeExpenses": 177300000,
    "otherExpenses": 0,
    "operatingExpenses": 177300000,
    "costAndExpenses": 609600000,
    "interestIncome": 0,
    "interestExpense": 2500000,
    "depreciationAndAmortization": 17400000,
    "ebitda": 147900000,
    "ebitdaratio": 0.2003522081,
    "operatingIncome": 128600000,
    "operatingIncomeRatio": 0.1742075318,
    "totalOtherIncomeExpensesNet": -600000,
    "incomeBeforeTax": 128000000,
    "incomeBeforeTaxRatio": 0.173394744,
    "incomeTaxExpense": 35600000,
    "netIncome": 92400000,
    "netIncomeRatio": 0.1251693308,
    "eps": 0.53,
    "epsdiluted": 0.53,
    "weightedAverageShsOut": 172162734,
    "weightedAverageShsOutDil": 174889000,
    "link": "https://www.sec.gov/Archives/edgar/data/91142/000119312517251065/0001193125-17-251065-index.htm",
    "finalLink": "https://www.sec.gov/Archives/edgar/data/91142/000119312517251065/d398405d10q.htm"
  },
  {
    "date": "2017-03-31",
    "symbol": "AOS",
    "reportedCurrency": "USD",
    "cik": "0000091142",
    "fillingDate": "2017-05-08",
    "acceptedDate": "2017-05-08 14:56:05",
    "calendarYear": "2017",
    "period": "Q1",
    "revenue": 740000000,
    "costOfRevenue": 437700000,
    "grossProfit": 302300000,
    "grossProfitRatio": 0.4085135135,
    "researchAndDevelopmentExpenses": 0,
    "generalAndAdministrativeExpenses": 0,
    "sellingAndMarketingExpenses": 0,
    "sellingGeneralAndAdministrativeExpenses": 182100000,
    "otherExpenses": 0,
    "operatingExpenses": 182100000,
    "costAndExpenses": 619800000,
    "interestIncome": 0,
    "interestExpense": 2200000,
    "depreciationAndAmortization": 16900000,
    "ebitda": 139500000,
    "ebitdaratio": 0.1885135135,
    "operatingIncome": 120200000,
    "operatingIncomeRatio": 0.1624324324,
    "totalOtherIncomeExpensesNet": 200000,
    "incomeBeforeTax": 120400000,
    "incomeBeforeTaxRatio": 0.1627027027,
    "incomeTaxExpense": 32700000,
    "netIncome": 87700000,
    "netIncomeRatio": 0.1185135135,
    "eps": 0.51,
    "epsdiluted": 0.5,
    "weightedAverageShsOut": 172834734,
    "weightedAverageShsOutDil": 175420000,
    "link": "https://www.sec.gov/Archives/edgar/data/91142/000119312517162429/0001193125-17-162429-index.htm",
    "finalLink": "https://www.sec.gov/Archives/edgar/data/91142/000119312517162429/d364949d10q.htm"
  },
  {
    "date": "2016-12-31",
    "symbol": "AOS",
    "reportedCurrency": "USD",
    "cik": "0000091142",
    "fillingDate": "2017-02-17",
    "acceptedDate": "2017-02-17 14:36:14",
    "calendarYear": "2016",
    "period": "Q4",
    "revenue": 698100000,
    "costOfRevenue": 408500000,
    "grossProfit": 289600000,
    "grossProfitRatio": 0.4148402808,
    "researchAndDevelopmentExpenses": 80100000,
    "generalAndAdministrativeExpenses": 60900000,
    "sellingAndMarketingExpenses": 113900000,
    "sellingGeneralAndAdministrativeExpenses": 174800000,
    "otherExpenses": -80100000,
    "operatingExpenses": 174800000,
    "costAndExpenses": 583300000,
    "interestIncome": 0,
    "interestExpense": 1600000,
    "depreciationAndAmortization": 16400000,
    "ebitda": 134400000,
    "ebitdaratio": 0.1925225612,
    "operatingIncome": 114800000,
    "operatingIncomeRatio": 0.1644463544,
    "totalOtherIncomeExpensesNet": 1600000,
    "incomeBeforeTax": 116400000,
    "incomeBeforeTaxRatio": 0.1667382896,
    "incomeTaxExpense": 33700000,
    "netIncome": 82700000,
    "netIncomeRatio": 0.1184644034,
    "eps": 0.48,
    "epsdiluted": 0.47,
    "weightedAverageShsOut": 173441584,
    "weightedAverageShsOutDil": 175956000,
    "link": "https://www.sec.gov/Archives/edgar/data/91142/000119312517047795/0001193125-17-047795-index.htm",
    "finalLink": "https://www.sec.gov/Archives/edgar/data/91142/000119312517047795/d280399d10k.htm"
  },
  {
    "date": "2016-09-30",
    "symbol": "AOS",
    "reportedCurrency": "USD",
    "cik": "0000091142",
    "fillingDate": "2016-11-08",
    "acceptedDate": "2016-11-08 11:18:02",
    "calendarYear": "2016",
    "period": "Q3",
    "revenue": 683900000,
    "costOfRevenue": 400600000,
    "grossProfit": 283300000,
    "grossProfitRatio": 0.4142418482,
    "researchAndDevelopmentExpenses": 0,
    "generalAndAdministrativeExpenses": 0,
    "sellingAndMarketingExpenses": 0,
    "sellingGeneralAndAdministrativeExpenses": 164700000,
    "otherExpenses": 0,
    "operatingExpenses": 164700000,
    "costAndExpenses": 565300000,
    "interestIncome": 0,
    "interestExpense": 2100000,
    "depreciationAndAmortization": 16600000,
    "ebitda": 137100000,
    "ebitdaratio": 0.2004679047,
    "operatingIncome": 118600000,
    "operatingIncomeRatio": 0.1734171663,
    "totalOtherIncomeExpensesNet": -200000,
    "incomeBeforeTax": 118400000,
    "incomeBeforeTaxRatio": 0.1731247258,
    "incomeTaxExpense": 35200000,
    "netIncome": 83200000,
    "netIncomeRatio": 0.1216552128,
    "eps": 0.48,
    "epsdiluted": 0.47,
    "weightedAverageShsOut": 173349912,
    "weightedAverageShsOutDil": 176548000,
    "link": "https://www.sec.gov/Archives/edgar/data/91142/000119312516762609/0001193125-16-762609-index.htm",
    "finalLink": "https://www.sec.gov/Archives/edgar/data/91142/000119312516762609/d144679d10q.htm"
  },
  {
    "date": "2016-06-30",
    "symbol": "AOS",
    "reportedCurrency": "USD",
    "cik": "0000091142",
    "fillingDate": "2016-08-08",
    "acceptedDate": "2016-08-08 14:09:59",
    "calendarYear": "2016",
    "period": "Q2",
    "revenue": 667000000,
    "costOfRevenue": 383300000,
    "grossProfit": 283700000,
    "grossProfitRatio": 0.4253373313,
    "researchAndDevelopmentExpenses": 0,
    "generalAndAdministrativeExpenses": 0,
    "sellingAndMarketingExpenses": 0,
    "sellingGeneralAndAdministrativeExpenses": 160000000,
    "otherExpenses": 0,
    "operatingExpenses": 160000000,
    "costAndExpenses": 543300000,
    "interestIncome": 0,
    "interestExpense": 1900000,
    "depreciationAndAmortization": 15900000,
    "ebitda": 141900000,
    "ebitdaratio": 0.2127436282,
    "operatingIncome": 123700000,
    "operatingIncomeRatio": 0.1854572714,
    "totalOtherIncomeExpensesNet": 400000,
    "incomeBeforeTax": 124100000,
    "incomeBeforeTaxRatio": 0.1860569715,
    "incomeTaxExpense": 37000000,
    "netIncome": 87100000,
    "netIncomeRatio": 0.1305847076,
    "eps": 0.5,
    "epsdiluted": 0.49,
    "weightedAverageShsOut": 173732470,
    "weightedAverageShsOutDil": 176998000,
    "link": "https://www.sec.gov/Archives/edgar/data/91142/000119312516674828/0001193125-16-674828-index.htm",
    "finalLink": "https://www.sec.gov/Archives/edgar/data/91142/000119312516674828/d191834d10q.htm"
  },
  {
    "date": "2016-03-31",
    "symbol": "AOS",
    "reportedCurrency": "USD",
    "cik": "0000091142",
    "fillingDate": "2016-05-09",
    "acceptedDate": "2016-05-09 14:17:33",
    "calendarYear": "2016",
    "period": "Q1",
    "revenue": 636900000,
    "costOfRevenue": 374200000,
    "grossProfit": 262700000,
    "grossProfitRatio": 0.4124666353,
    "researchAndDevelopmentExpenses": 0,
    "generalAndAdministrativeExpenses": 0,
    "sellingAndMarketingExpenses": 0,
    "sellingGeneralAndAdministrativeExpenses": 159400000,
    "otherExpenses": 0,
    "operatingExpenses": 159400000,
    "costAndExpenses": 533600000,
    "interestIncome": 0,
    "interestExpense": 1700000,
    "depreciationAndAmortization": 16200000,
    "ebitda": 121500000,
    "ebitdaratio": 0.1907677814,
    "operatingIncome": 103300000,
    "operatingIncomeRatio": 0.1621918669,
    "totalOtherIncomeExpensesNet": 300000,
    "incomeBeforeTax": 103600000,
    "incomeBeforeTaxRatio": 0.1626628984,
    "incomeTaxExpense": 30100000,
    "netIncome": 73500000,
    "netIncomeRatio": 0.115402732,
    "eps": 0.42,
    "epsdiluted": 0.41,
    "weightedAverageShsOut": 175022270,
    "weightedAverageShsOutDil": 177810000,
    "link": "https://www.sec.gov/Archives/edgar/data/91142/000119312516583538/0001193125-16-583538-index.htm",
    "finalLink": "https://www.sec.gov/Archives/edgar/data/91142/000119312516583538/d156476d10q.htm"
  },
  {
    "date": "2015-12-31",
    "symbol": "AOS",
    "reportedCurrency": "USD",
    "cik": "0000091142",
    "fillingDate": "2016-02-17",
    "acceptedDate": "2016-02-17 16:05:53",
    "calendarYear": "2015",
    "period": "Q4",
    "revenue": 639400000,
    "costOfRevenue": 376800000,
    "grossProfit": 262600000,
    "grossProfitRatio": 0.4106975289,
    "researchAndDevelopmentExpenses": 73700000,
    "generalAndAdministrativeExpenses": 52900000,
    "sellingAndMarketingExpenses": 102200000,
    "sellingGeneralAndAdministrativeExpenses": 155100000,
    "otherExpenses": -73700000,
    "operatingExpenses": 155100000,
    "costAndExpenses": 531900000,
    "interestIncome": 0,
    "interestExpense": 1400000,
    "depreciationAndAmortization": 15700000,
    "ebitda": 126400000,
    "ebitdaratio": 0.19768533,
    "operatingIncome": 107500000,
    "operatingIncomeRatio": 0.1681263685,
    "totalOtherIncomeExpensesNet": 1800000,
    "incomeBeforeTax": 109300000,
    "incomeBeforeTaxRatio": 0.1709415077,
    "incomeTaxExpense": 29500000,
    "netIncome": 79800000,
    "netIncomeRatio": 0.1248045042,
    "eps": 0.45,
    "epsdiluted": 0.45,
    "weightedAverageShsOut": 175896866,
    "weightedAverageShsOutDil": 177348000,
    "link": "https://www.sec.gov/Archives/edgar/data/91142/000119312516467088/0001193125-16-467088-index.htm",
    "finalLink": "https://www.sec.gov/Archives/edgar/data/91142/000119312516467088/d104769d10k.htm"
  },
  {
    "date": "2015-09-30",
    "symbol": "AOS",
    "reportedCurrency": "USD",
    "cik": "0000091142",
    "fillingDate": "2015-11-09",
    "acceptedDate": "2015-11-09 15:38:31",
    "calendarYear": "2015",
    "period": "Q3",
    "revenue": 625100000,
    "costOfRevenue": 368400000,
    "grossProfit": 256700000,
    "grossProfitRatio": 0.4106542953,
    "researchAndDevelopmentExpenses": 0,
    "generalAndAdministrativeExpenses": 0,
    "sellingAndMarketingExpenses": 0,
    "sellingGeneralAndAdministrativeExpenses": 150100000,
    "otherExpenses": 0,
    "operatingExpenses": 150100000,
    "costAndExpenses": 518500000,
    "interestIncome": 0,
    "interestExpense": 1600000,
    "depreciationAndAmortization": 15700000,
    "ebitda": 124500000,
    "ebitdaratio": 0.1991681331,
    "operatingIncome": 106600000,
    "operatingIncomeRatio": 0.1705327148,
    "totalOtherIncomeExpensesNet": 600000,
    "incomeBeforeTax": 107200000,
    "incomeBeforeTaxRatio": 0.1714925612,
    "incomeTaxExpense": 33600000,
    "netIncome": 73600000,
    "netIncomeRatio": 0.1177411614,
    "eps": 0.42,
    "epsdiluted": 0.41,
    "weightedAverageShsOut": 175640612,
    "weightedAverageShsOutDil": 178740000,
    "link": "https://www.sec.gov/Archives/edgar/data/91142/000119312515371845/0001193125-15-371845-index.htm",
    "finalLink": "https://www.sec.gov/Archives/edgar/data/91142/000119312515371845/d58636d10q.htm"
  },
  {
    "date": "2015-06-30",
    "symbol": "AOS",
    "reportedCurrency": "USD",
    "cik": "0000091142",
    "fillingDate": "2015-08-10",
    "acceptedDate": "2015-08-10 14:23:55",
    "calendarYear": "2015",
    "period": "Q2",
    "revenue": 653500000,
    "costOfRevenue": 390200000,
    "grossProfit": 263300000,
    "grossProfitRatio": 0.4029074216,
    "researchAndDevelopmentExpenses": 0,
    "generalAndAdministrativeExpenses": 0,
    "sellingAndMarketingExpenses": 0,
    "sellingGeneralAndAdministrativeExpenses": 160300000,
    "otherExpenses": 0,
    "operatingExpenses": 160300000,
    "costAndExpenses": 550500000,
    "interestIncome": 0,
    "interestExpense": 2500000,
    "depreciationAndAmortization": 16000000,
    "ebitda": 121700000,
    "ebitdaratio": 0.1862280031,
    "operatingIncome": 103000000,
    "operatingIncomeRatio": 0.1576128539,
    "totalOtherIncomeExpensesNet": 200000,
    "incomeBeforeTax": 103200000,
    "incomeBeforeTaxRatio": 0.1579188982,
    "incomeTaxExpense": 32100000,
    "netIncome": 71100000,
    "netIncomeRatio": 0.1087987758,
    "eps": 0.4,
    "epsdiluted": 0.4,
    "weightedAverageShsOut": 177341492,
    "weightedAverageShsOutDil": 179650000,
    "link": "https://www.sec.gov/Archives/edgar/data/91142/000119312515284570/0001193125-15-284570-index.htm",
    "finalLink": "https://www.sec.gov/Archives/edgar/data/91142/000119312515284570/d940372d10q.htm"
  },
  {
    "date": "2015-03-31",
    "symbol": "AOS",
    "reportedCurrency": "USD",
    "cik": "0000091142",
    "fillingDate": "2015-05-05",
    "acceptedDate": "2015-05-05 15:06:55",
    "calendarYear": "2015",
    "period": "Q1",
    "revenue": 618500000,
    "costOfRevenue": 389300000,
    "grossProfit": 229200000,
    "grossProfitRatio": 0.3705739693,
    "researchAndDevelopmentExpenses": 0,
    "generalAndAdministrativeExpenses": 0,
    "sellingAndMarketingExpenses": 0,
    "sellingGeneralAndAdministrativeExpenses": 147200000,
    "otherExpenses": 0,
    "operatingExpenses": 147200000,
    "costAndExpenses": 536500000,
    "interestIncome": 0,
    "interestExpense": 1900000,
    "depreciationAndAmortization": 15600000,
    "ebitda": 100300000,
    "ebitdaratio": 0.1621665319,
    "operatingIncome": 82000000,
    "operatingIncomeRatio": 0.1325788197,
    "totalOtherIncomeExpensesNet": 800000,
    "incomeBeforeTax": 82800000,
    "incomeBeforeTaxRatio": 0.1338722716,
    "incomeTaxExpense": 24400000,
    "netIncome": 58400000,
    "netIncomeRatio": 0.0944219887,
    "eps": 0.33,
    "epsdiluted": 0.32,
    "weightedAverageShsOut": 178133000,
    "weightedAverageShsOutDil": 180334000,
    "link": "https://www.sec.gov/Archives/edgar/data/91142/000119312515171793/0001193125-15-171793-index.htm",
    "finalLink": "https://www.sec.gov/Archives/edgar/data/91142/000119312515171793/d899531d10q.htm"
  },
  {
    "date": "2014-12-31",
    "symbol": "AOS",
    "reportedCurrency": "USD",
    "cik": "0000091142",
    "fillingDate": "2015-02-17",
    "acceptedDate": "2015-02-17 19:04:19",
    "calendarYear": "2014",
    "period": "Q4",
    "revenue": 626800000,
    "costOfRevenue": 394900000,
    "grossProfit": 231900000,
    "grossProfitRatio": 0.3699744735,
    "researchAndDevelopmentExpenses": 67900000,
    "generalAndAdministrativeExpenses": 64300000,
    "sellingAndMarketingExpenses": 94000000,
    "sellingGeneralAndAdministrativeExpenses": 158300000,
    "otherExpenses": -67900000,
    "operatingExpenses": 158300000,
    "costAndExpenses": 553200000,
    "interestIncome": 0,
    "interestExpense": 1400000,
    "depreciationAndAmortization": 15400000,
    "ebitda": 90700000,
    "ebitdaratio": 0.1447032546,
    "operatingIncome": 73600000,
    "operatingIncomeRatio": 0.1174218251,
    "totalOtherIncomeExpensesNet": 300000,
    "incomeBeforeTax": 73900000,
    "incomeBeforeTaxRatio": 0.1179004467,
    "incomeTaxExpense": 20700000,
    "netIncome": 53200000,
    "netIncomeRatio": 0.0848755584,
    "eps": 0.3,
    "epsdiluted": 0.3,
    "weightedAverageShsOut": 178799066,
    "weightedAverageShsOutDil": 180418000,
    "link": "https://www.sec.gov/Archives/edgar/data/91142/000119312515050825/0001193125-15-050825-index.htm",
    "finalLink": "https://www.sec.gov/Archives/edgar/data/91142/000119312515050825/d838160d10k.htm"
  },
  {
    "date": "2014-09-30",
    "symbol": "AOS",
    "reportedCurrency": "USD",
    "cik": "0000091142",
    "fillingDate": "2014-11-03",
    "acceptedDate": "2014-11-03 11:39:58",
    "calendarYear": "2014",
    "period": "Q3",
    "revenue": 581600000,
    "costOfRevenue": 366300000,
    "grossProfit": 215300000,
    "grossProfitRatio": 0.3701856946,
    "researchAndDevelopmentExpenses": 0,
    "generalAndAdministrativeExpenses": 0,
    "sellingAndMarketingExpenses": 0,
    "sellingGeneralAndAdministrativeExpenses": 145500000,
    "otherExpenses": 0,
    "operatingExpenses": 145500000,
    "costAndExpenses": 511800000,
    "interestIncome": 0,
    "interestExpense": 1500000,
    "depreciationAndAmortization": 14800000,
    "ebitda": 85600000,
    "ebitdaratio": 0.1471801926,
    "operatingIncome": 69800000,
    "operatingIncomeRatio": 0.1200137552,
    "totalOtherIncomeExpensesNet": -500000,
    "incomeBeforeTax": 69300000,
    "incomeBeforeTaxRatio": 0.1191540578,
    "incomeTaxExpense": 18700000,
    "netIncome": 50600000,
    "netIncomeRatio": 0.0870013755,
    "eps": 0.28,
    "epsdiluted": 0.28,
    "weightedAverageShsOut": 178855430,
    "weightedAverageShsOutDil": 181212000,
    "link": "https://www.sec.gov/Archives/edgar/data/91142/000119312514393314/0001193125-14-393314-index.htm",
    "finalLink": "https://www.sec.gov/Archives/edgar/data/91142/000119312514393314/d788786d10q.htm"
  },
  {
    "date": "2014-06-30",
    "symbol": "AOS",
    "reportedCurrency": "USD",
    "cik": "0000091142",
    "fillingDate": "2014-08-05",
    "acceptedDate": "2014-08-05 09:40:54",
    "calendarYear": "2014",
    "period": "Q2",
    "revenue": 595400000,
    "costOfRevenue": 379200000,
    "grossProfit": 216200000,
    "grossProfitRatio": 0.3631172321,
    "researchAndDevelopmentExpenses": 0,
    "generalAndAdministrativeExpenses": 0,
    "sellingAndMarketingExpenses": 0,
    "sellingGeneralAndAdministrativeExpenses": 137400000,
    "otherExpenses": 0,
    "operatingExpenses": 137400000,
    "costAndExpenses": 516600000,
    "interestIncome": 0,
    "interestExpense": 1400000,
    "depreciationAndAmortization": 14800000,
    "ebitda": 94800000,
    "ebitdaratio": 0.159220692,
    "operatingIncome": 78800000,
    "operatingIncomeRatio": 0.1323480013,
    "totalOtherIncomeExpensesNet": -200000,
    "incomeBeforeTax": 78600000,
    "incomeBeforeTaxRatio": 0.1320120927,
    "incomeTaxExpense": 21300000,
    "netIncome": 57300000,
    "netIncomeRatio": 0.0962378233,
    "eps": 0.32,
    "epsdiluted": 0.31,
    "weightedAverageShsOut": 179917996,
    "weightedAverageShsOutDil": 182312000,
    "link": "https://www.sec.gov/Archives/edgar/data/91142/000119312514294793/0001193125-14-294793-index.htm",
    "finalLink": "https://www.sec.gov/Archives/edgar/data/91142/000119312514294793/d742784d10q.htm"
  },
  {
    "date": "2014-03-31",
    "symbol": "AOS",
    "reportedCurrency": "USD",
    "cik": "0000091142",
    "fillingDate": "2014-05-05",
    "acceptedDate": "2014-05-05 10:36:53",
    "calendarYear": "2014",
    "period": "Q1",
    "revenue": 552200000,
    "costOfRevenue": 356300000,
    "grossProfit": 195900000,
    "grossProfitRatio": 0.3547627671,
    "researchAndDevelopmentExpenses": 0,
    "generalAndAdministrativeExpenses": 0,
    "sellingAndMarketingExpenses": 0,
    "sellingGeneralAndAdministrativeExpenses": 130900000,
    "otherExpenses": 0,
    "operatingExpenses": 130900000,
    "costAndExpenses": 487200000,
    "interestIncome": 0,
    "interestExpense": 1400000,
    "depreciationAndAmortization": 14800000,
    "ebitda": 81100000,
    "ebitdaratio": 0.1468670771,
    "operatingIncome": 65000000,
    "operatingIncomeRatio": 0.1177109743,
    "totalOtherIncomeExpensesNet": -100000,
    "incomeBeforeTax": 64900000,
    "incomeBeforeTaxRatio": 0.1175298805,
    "incomeTaxExpense": 18200000,
    "netIncome": 46700000,
    "netIncomeRatio": 0.0845708077,
    "eps": 0.26,
    "epsdiluted": 0.25,
    "weightedAverageShsOut": 181586812,
    "weightedAverageShsOutDil": 183932000,
    "link": "https://www.sec.gov/Archives/edgar/data/91142/000119312514181494/0001193125-14-181494-index.htm",
    "finalLink": "https://www.sec.gov/Archives/edgar/data/91142/000119312514181494/d701438d10q.htm"
  },
  {
    "date": "2013-12-31",
    "symbol": "AOS",
    "reportedCurrency": "USD",
    "cik": "0000091142",
    "fillingDate": "2014-02-20",
    "acceptedDate": "2014-02-20 11:59:15",
    "calendarYear": "2013",
    "period": "Q4",
    "revenue": 558900000,
    "costOfRevenue": 359000000,
    "grossProfit": 199900000,
    "grossProfitRatio": 0.3576668456,
    "researchAndDevelopmentExpenses": 57800000,
    "generalAndAdministrativeExpenses": 61200000,
    "sellingAndMarketingExpenses": 78000000,
    "sellingGeneralAndAdministrativeExpenses": 139200000,
    "otherExpenses": -57800000,
    "operatingExpenses": 139200000,
    "costAndExpenses": 498200000,
    "interestIncome": 0,
    "interestExpense": 1200000,
    "depreciationAndAmortization": 17500000,
    "ebitda": 78200000,
    "ebitdaratio": 0.1399176955,
    "operatingIncome": 60700000,
    "operatingIncomeRatio": 0.1086061907,
    "totalOtherIncomeExpensesNet": -4000000,
    "incomeBeforeTax": 56700000,
    "incomeBeforeTaxRatio": 0.1014492754,
    "incomeTaxExpense": 14300000,
    "netIncome": 42400000,
    "netIncomeRatio": 0.0758633029,
    "eps": 0.23,
    "epsdiluted": 0.23,
    "weightedAverageShsOut": 182478396,
    "weightedAverageShsOutDil": 184040000,
    "link": "https://www.sec.gov/Archives/edgar/data/91142/000119312514060153/0001193125-14-060153-index.htm",
    "finalLink": "https://www.sec.gov/Archives/edgar/data/91142/000119312514060153/d644513d10k.htm"
  },
  {
    "date": "2013-09-30",
    "symbol": "AOS",
    "reportedCurrency": "USD",
    "cik": "0000091142",
    "fillingDate": "2013-11-04",
    "acceptedDate": "2013-11-04 12:26:55",
    "calendarYear": "2013",
    "period": "Q3",
    "revenue": 536200000,
    "costOfRevenue": 339600000,
    "grossProfit": 196600000,
    "grossProfitRatio": 0.3666542335,
    "researchAndDevelopmentExpenses": 0,
    "generalAndAdministrativeExpenses": 0,
    "sellingAndMarketingExpenses": 0,
    "sellingGeneralAndAdministrativeExpenses": 133700000,
    "otherExpenses": 0,
    "operatingExpenses": 133700000,
    "costAndExpenses": 473300000,
    "interestIncome": 0,
    "interestExpense": 1400000,
    "depreciationAndAmortization": 14200000,
    "ebitda": 76900000,
    "ebitdaratio": 0.1434166356,
    "operatingIncome": 62900000,
    "operatingIncomeRatio": 0.117306975,
    "totalOtherIncomeExpensesNet": -1600000,
    "incomeBeforeTax": 61300000,
    "incomeBeforeTaxRatio": 0.1143230138,
    "incomeTaxExpense": 15100000,
    "netIncome": 46200000,
    "netIncomeRatio": 0.0861618799,
    "eps": 0.25,
    "epsdiluted": 0.25,
    "weightedAverageShsOut": 184853376,
    "weightedAverageShsOutDil": 185456000,
    "link": "https://www.sec.gov/Archives/edgar/data/91142/000119312513424665/0001193125-13-424665-index.htm",
    "finalLink": "https://www.sec.gov/Archives/edgar/data/91142/000119312513424665/d594323d10q.htm"
  },
  {
    "date": "2013-06-30",
    "symbol": "AOS",
    "reportedCurrency": "USD",
    "cik": "0000091142",
    "fillingDate": "2013-08-05",
    "acceptedDate": "2013-08-05 12:59:56",
    "calendarYear": "2013",
    "period": "Q2",
    "revenue": 549100000,
    "costOfRevenue": 351100000,
    "grossProfit": 198000000,
    "grossProfitRatio": 0.3605900565,
    "researchAndDevelopmentExpenses": 0,
    "generalAndAdministrativeExpenses": 0,
    "sellingAndMarketingExpenses": 0,
    "sellingGeneralAndAdministrativeExpenses": 131600000,
    "otherExpenses": 0,
    "operatingExpenses": 131600000,
    "costAndExpenses": 482700000,
    "interestIncome": 0,
    "interestExpense": 1600000,
    "depreciationAndAmortization": 13900000,
    "ebitda": 80300000,
    "ebitdaratio": 0.1462393007,
    "operatingIncome": 66400000,
    "operatingIncomeRatio": 0.1209251502,
    "totalOtherIncomeExpensesNet": -5100000,
    "incomeBeforeTax": 61300000,
    "incomeBeforeTaxRatio": 0.1116372245,
    "incomeTaxExpense": 19200000,
    "netIncome": 42100000,
    "netIncomeRatio": 0.076670916,
    "eps": 0.23,
    "epsdiluted": 0.23,
    "weightedAverageShsOut": 184853376,
    "weightedAverageShsOutDil": 186464000,
    "link": "https://www.sec.gov/Archives/edgar/data/91142/000119312513318717/0001193125-13-318717-index.htm",
    "finalLink": "https://www.sec.gov/Archives/edgar/data/91142/000119312513318717/d559136d10q.htm"
  },
  {
    "date": "2013-03-31",
    "symbol": "AOS",
    "reportedCurrency": "USD",
    "cik": "0000091142",
    "fillingDate": "2013-05-06",
    "acceptedDate": "2013-05-06 12:35:01",
    "calendarYear": "2013",
    "period": "Q1",
    "revenue": 509600000,
    "costOfRevenue": 330300000,
    "grossProfit": 179300000,
    "grossProfitRatio": 0.351844584,
    "researchAndDevelopmentExpenses": 0,
    "generalAndAdministrativeExpenses": 0,
    "sellingAndMarketingExpenses": 0,
    "sellingGeneralAndAdministrativeExpenses": 120000000,
    "otherExpenses": 0,
    "operatingExpenses": 120000000,
    "costAndExpenses": 450300000,
    "interestIncome": 0,
    "interestExpense": 1500000,
    "depreciationAndAmortization": 14100000,
    "ebitda": 73400000,
    "ebitdaratio": 0.1440345369,
    "operatingIncome": 59300000,
    "operatingIncomeRatio": 0.1163657771,
    "totalOtherIncomeExpensesNet": -2200000,
    "incomeBeforeTax": 57100000,
    "incomeBeforeTaxRatio": 0.1120486656,
    "incomeTaxExpense": 18100000,
    "netIncome": 39000000,
    "netIncomeRatio": 0.0765306122,
    "eps": 0.21,
    "epsdiluted": 0.21,
    "weightedAverageShsOut": 185382308,
    "weightedAverageShsOutDil": 186368000,
    "link": "https://www.sec.gov/Archives/edgar/data/91142/000119312513200889/0001193125-13-200889-index.htm",
    "finalLink": "https://www.sec.gov/Archives/edgar/data/91142/000119312513200889/d502631d10q.htm"
  },
  {
    "date": "2012-12-31",
    "symbol": "AOS",
    "reportedCurrency": "USD",
    "cik": "0000091142",
    "fillingDate": "2013-02-27",
    "acceptedDate": "2013-02-27 16:38:18",
    "calendarYear": "2012",
    "period": "Q4",
    "revenue": 524300000,
    "costOfRevenue": 338700000,
    "grossProfit": 185600000,
    "grossProfitRatio": 0.3539958039,
    "researchAndDevelopmentExpenses": 0,
    "generalAndAdministrativeExpenses": 0,
    "sellingAndMarketingExpenses": 0,
    "sellingGeneralAndAdministrativeExpenses": 124800000,
    "otherExpenses": 0,
    "operatingExpenses": 124800000,
    "costAndExpenses": 463500000,
    "interestIncome": 0,
    "interestExpense": 2100000,
    "depreciationAndAmortization": 14200000,
    "ebitda": 77600000,
    "ebitdaratio": 0.1480068663,
    "operatingIncome": 60800000,
    "operatingIncomeRatio": 0.1159641427,
    "totalOtherIncomeExpensesNet": 500000,
    "incomeBeforeTax": 61300000,
    "incomeBeforeTaxRatio": 0.1169177952,
    "incomeTaxExpense": 18100000,
    "netIncome": 39300000,
    "netIncomeRatio": 0.0749570856,
    "eps": 0.21,
    "epsdiluted": 0.21,
    "weightedAverageShsOut": 184853376,
    "weightedAverageShsOutDil": 186340000,
    "link": "https://www.sec.gov/Archives/edgar/data/91142/000119312513080129/0001193125-13-080129-index.htm",
    "finalLink": "https://www.sec.gov/Archives/edgar/data/91142/000119312513080129/d446301d10k.htm"
  },
  {
    "date": "2012-09-30",
    "symbol": "AOS",
    "reportedCurrency": "USD",
    "cik": "0000091142",
    "fillingDate": "2012-11-06",
    "acceptedDate": "2012-11-06 14:11:05",
    "calendarYear": "2012",
    "period": "Q3",
    "revenue": 462200000,
    "costOfRevenue": 305400000,
    "grossProfit": 156800000,
    "grossProfitRatio": 0.3392470792,
    "researchAndDevelopmentExpenses": 0,
    "generalAndAdministrativeExpenses": 0,
    "sellingAndMarketingExpenses": 0,
    "sellingGeneralAndAdministrativeExpenses": 111500000,
    "otherExpenses": 0,
    "operatingExpenses": 111500000,
    "costAndExpenses": 416900000,
    "interestIncome": 0,
    "interestExpense": 1900000,
    "depreciationAndAmortization": 13900000,
    "ebitda": 67800000,
    "ebitdaratio": 0.1466897447,
    "operatingIncome": 45300000,
    "operatingIncomeRatio": 0.0980095197,
    "totalOtherIncomeExpensesNet": 6700000,
    "incomeBeforeTax": 52000000,
    "incomeBeforeTaxRatio": 0.1125054089,
    "incomeTaxExpense": 15000000,
    "netIncome": 37000000,
    "netIncomeRatio": 0.0800519256,
    "eps": 0.2,
    "epsdiluted": 0.2,
    "weightedAverageShsOut": 186276000,
    "weightedAverageShsOutDil": 187341772,
    "link": "https://www.sec.gov/Archives/edgar/data/91142/000119312512454095/0001193125-12-454095-index.htm",
    "finalLink": "https://www.sec.gov/Archives/edgar/data/91142/000119312512454095/d403975d10q.htm"
  },
  {
    "date": "2012-06-30",
    "symbol": "AOS",
    "reportedCurrency": "USD",
    "cik": "0000091142",
    "fillingDate": "2012-08-03",
    "acceptedDate": "2012-08-03 10:03:58",
    "calendarYear": "2012",
    "period": "Q2",
    "revenue": 484200000,
    "costOfRevenue": 323700000,
    "grossProfit": 160500000,
    "grossProfitRatio": 0.3314745973,
    "researchAndDevelopmentExpenses": 0,
    "generalAndAdministrativeExpenses": 0,
    "sellingAndMarketingExpenses": 0,
    "sellingGeneralAndAdministrativeExpenses": 108900000,
    "otherExpenses": 0,
    "operatingExpenses": 108900000,
    "costAndExpenses": 432600000,
    "interestIncome": 0,
    "interestExpense": 2200000,
    "depreciationAndAmortization": 13100000,
    "ebitda": 65900000,
    "ebitdaratio": 0.1361007848,
    "operatingIncome": 51600000,
    "operatingIncomeRatio": 0.1065675341,
    "totalOtherIncomeExpensesNet": -1000000,
    "incomeBeforeTax": 50600000,
    "incomeBeforeTaxRatio": 0.1045022718,
    "incomeTaxExpense": 15600000,
    "netIncome": 35000000,
    "netIncomeRatio": 0.0722841801,
    "eps": 0.19,
    "epsdiluted": 0.19,
    "weightedAverageShsOut": 184655744,
    "weightedAverageShsOutDil": 186296000,
    "link": "https://www.sec.gov/Archives/edgar/data/91142/000119312512333696/0001193125-12-333696-index.htm",
    "finalLink": "https://www.sec.gov/Archives/edgar/data/91142/000119312512333696/d366671d10q.htm"
  },
  {
    "date": "2012-03-31",
    "symbol": "AOS",
    "reportedCurrency": "USD",
    "cik": "0000091142",
    "fillingDate": "2012-05-07",
    "acceptedDate": "2012-05-07 16:05:17",
    "calendarYear": "2012",
    "period": "Q1",
    "revenue": 468600000,
    "costOfRevenue": 319500000,
    "grossProfit": 149100000,
    "grossProfitRatio": 0.3181818182,
    "researchAndDevelopmentExpenses": 0,
    "generalAndAdministrativeExpenses": 0,
    "sellingAndMarketingExpenses": 0,
    "sellingGeneralAndAdministrativeExpenses": 105300000,
    "otherExpenses": 0,
    "operatingExpenses": 105300000,
    "costAndExpenses": 424800000,
    "interestIncome": 0,
    "interestExpense": 3000000,
    "depreciationAndAmortization": 13400000,
    "ebitda": 86300000,
    "ebitdaratio": 0.1841655997,
    "operatingIncome": 43800000,
    "operatingIncomeRatio": 0.0934699104,
    "totalOtherIncomeExpensesNet": 26100000,
    "incomeBeforeTax": 69900000,
    "incomeBeforeTaxRatio": 0.1491677337,
    "incomeTaxExpense": 22400000,
    "netIncome": 47500000,
    "netIncomeRatio": 0.1013657704,
    "eps": 0.26,
    "epsdiluted": 0.25,
    "weightedAverageShsOut": 185952000,
    "weightedAverageShsOutDil": 186274510,
    "link": "https://www.sec.gov/Archives/edgar/data/91142/000119312512214980/0001193125-12-214980-index.htm",
    "finalLink": "https://www.sec.gov/Archives/edgar/data/91142/000119312512214980/d338089d10q.htm"
  },
  {
    "date": "2011-12-31",
    "symbol": "AOS",
    "reportedCurrency": "USD",
    "cik": "0000091142",
    "fillingDate": "2012-02-27",
    "acceptedDate": "2012-02-27 16:35:58",
    "calendarYear": "2011",
    "period": "Q4",
    "revenue": 475800000,
    "costOfRevenue": 320800000,
    "grossProfit": 155000000,
    "grossProfitRatio": 0.325767129,
    "researchAndDevelopmentExpenses": 0,
    "generalAndAdministrativeExpenses": 0,
    "sellingAndMarketingExpenses": 0,
    "sellingGeneralAndAdministrativeExpenses": 106200000,
    "otherExpenses": 0,
    "operatingExpenses": 106200000,
    "costAndExpenses": 445700000,
    "interestIncome": 0,
    "interestExpense": 2900000,
    "depreciationAndAmortization": 13800000,
    "ebitda": 63700000,
    "ebitdaratio": 0.1338797814,
    "operatingIncome": 33000000,
    "operatingIncomeRatio": 0.0693568726,
    "totalOtherIncomeExpensesNet": 14000000,
    "incomeBeforeTax": 47000000,
    "incomeBeforeTaxRatio": 0.0987810004,
    "incomeTaxExpense": 15500000,
    "netIncome": 32100000,
    "netIncomeRatio": 0.0674653216,
    "eps": 0.18,
    "epsdiluted": 0.17,
    "weightedAverageShsOut": 183306000,
    "weightedAverageShsOutDil": 185868000,
    "link": "https://www.sec.gov/Archives/edgar/data/91142/000119312512081738/0001193125-12-081738-index.htm",
    "finalLink": "https://www.sec.gov/Archives/edgar/data/91142/000119312512081738/d261210d10k.htm"
  },
  {
    "date": "2011-09-30",
    "symbol": "AOS",
    "reportedCurrency": "USD",
    "cik": "0000091142",
    "fillingDate": "2011-11-08",
    "acceptedDate": "2011-11-08 16:12:52",
    "calendarYear": "2011",
    "period": "Q3",
    "revenue": 412000000,
    "costOfRevenue": 293300000,
    "grossProfit": 118700000,
    "grossProfitRatio": 0.2881067961,
    "researchAndDevelopmentExpenses": 0,
    "generalAndAdministrativeExpenses": 0,
    "sellingAndMarketingExpenses": 0,
    "sellingGeneralAndAdministrativeExpenses": 92200000,
    "otherExpenses": 0,
    "operatingExpenses": 92200000,
    "costAndExpenses": 385500000,
    "interestIncome": 0,
    "interestExpense": 2500000,
    "depreciationAndAmortization": 11400000,
    "ebitda": 53700000,
    "ebitdaratio": 0.1303398058,
    "operatingIncome": 45200000,
    "operatingIncomeRatio": 0.1097087379,
    "totalOtherIncomeExpensesNet": -5400000,
    "incomeBeforeTax": 39800000,
    "incomeBeforeTaxRatio": 0.0966019417,
    "incomeTaxExpense": 12900000,
    "netIncome": 182300000,
    "netIncomeRatio": 0.4424757282,
    "eps": 0.99,
    "epsdiluted": 0.98,
    "weightedAverageShsOut": 184864388,
    "weightedAverageShsOutDil": 186572000,
    "link": "https://www.sec.gov/Archives/edgar/data/91142/000119312511302148/0001193125-11-302148-index.htm",
    "finalLink": "https://www.sec.gov/Archives/edgar/data/91142/000119312511302148/d231409d10q.htm"
  },
  {
    "date": "2011-06-30",
    "symbol": "AOS",
    "reportedCurrency": "USD",
    "cik": "0000091142",
    "fillingDate": "2011-08-08",
    "acceptedDate": "2011-08-08 14:54:09",
    "calendarYear": "2011",
    "period": "Q2",
    "revenue": 405300000,
    "costOfRevenue": 293400000,
    "grossProfit": 111900000,
    "grossProfitRatio": 0.2760917839,
    "researchAndDevelopmentExpenses": 0,
    "generalAndAdministrativeExpenses": 0,
    "sellingAndMarketingExpenses": 0,
    "sellingGeneralAndAdministrativeExpenses": 85100000,
    "otherExpenses": 0,
    "operatingExpenses": 85100000,
    "costAndExpenses": 378500000,
    "interestIncome": 0,
    "interestExpense": 2100000,
    "depreciationAndAmortization": 11000000,
    "ebitda": 54100000,
    "ebitdaratio": 0.1334813718,
    "operatingIncome": 26800000,
    "operatingIncomeRatio": 0.0661238589,
    "totalOtherIncomeExpensesNet": 14200000,
    "incomeBeforeTax": 41000000,
    "incomeBeforeTaxRatio": 0.1011596348,
    "incomeTaxExpense": 12400000,
    "netIncome": 50300000,
    "netIncomeRatio": 0.1241056008,
    "eps": 0.27,
    "epsdiluted": 0.27,
    "weightedAverageShsOut": 184781580,
    "weightedAverageShsOutDil": 186584000,
    "link": "https://www.sec.gov/Archives/edgar/data/91142/000119312511214046/0001193125-11-214046-index.htm",
    "finalLink": "https://www.sec.gov/Archives/edgar/data/91142/000119312511214046/d10q.htm"
  },
  {
    "date": "2011-03-31",
    "symbol": "AOS",
    "reportedCurrency": "USD",
    "cik": "0000091142",
    "fillingDate": "2011-05-10",
    "acceptedDate": "2011-05-10 11:32:45",
    "calendarYear": "2011",
    "period": "Q1",
    "revenue": 417400000,
    "costOfRevenue": 290400000,
    "grossProfit": 127000000,
    "grossProfitRatio": 0.3042644945,
    "researchAndDevelopmentExpenses": 0,
    "generalAndAdministrativeExpenses": 0,
    "sellingAndMarketingExpenses": 0,
    "sellingGeneralAndAdministrativeExpenses": 89300000,
    "otherExpenses": 0,
    "operatingExpenses": 89300000,
    "costAndExpenses": 379700000,
    "interestIncome": 0,
    "interestExpense": 1800000,
    "depreciationAndAmortization": 10800000,
    "ebitda": 46300000,
    "ebitdaratio": 0.1109247724,
    "operatingIncome": 37700000,
    "operatingIncomeRatio": 0.090321035,
    "totalOtherIncomeExpensesNet": -4000000,
    "incomeBeforeTax": 33700000,
    "incomeBeforeTaxRatio": 0.0807379013,
    "incomeTaxExpense": 9500000,
    "netIncome": 41000000,
    "netIncomeRatio": 0.0982271203,
    "eps": 0.22,
    "epsdiluted": 0.22,
    "weightedAverageShsOut": 186160000,
    "weightedAverageShsOutDil": 186160000,
    "link": "https://www.sec.gov/Archives/edgar/data/91142/000119312511133654/0001193125-11-133654-index.htm",
    "finalLink": "https://www.sec.gov/Archives/edgar/data/91142/000119312511133654/d10q.htm"
  },
  {
    "date": "2010-12-31",
    "symbol": "AOS",
    "reportedCurrency": "USD",
    "cik": "0000091142",
    "fillingDate": "2011-02-24",
    "acceptedDate": "2011-02-24 14:57:44",
    "calendarYear": "2010",
    "period": "Q4",
    "revenue": -166000000,
    "costOfRevenue": -160000000,
    "grossProfit": -6000000,
    "grossProfitRatio": 0.0361445783,
    "researchAndDevelopmentExpenses": 0,
    "generalAndAdministrativeExpenses": 0,
    "sellingAndMarketingExpenses": 0,
    "sellingGeneralAndAdministrativeExpenses": -8700000,
    "otherExpenses": 35400000,
    "operatingExpenses": 26700000,
    "costAndExpenses": -133300000,
    "interestIncome": 0,
    "interestExpense": -900000,
    "depreciationAndAmortization": -49000000,
    "ebitda": -80500000,
    "ebitdaratio": 0.484939759,
    "operatingIncome": -32700000,
    "operatingIncomeRatio": 0.1969879518,
    "totalOtherIncomeExpensesNet": 2100000,
    "incomeBeforeTax": -30600000,
    "incomeBeforeTaxRatio": 0.1843373494,
    "incomeTaxExpense": -8200000,
    "netIncome": 32200000,
    "netIncomeRatio": -0.1939759036,
    "eps": 0.18,
    "epsdiluted": 0.17,
    "weightedAverageShsOut": 183260696,
    "weightedAverageShsOutDil": 186160000,
    "link": "https://www.sec.gov/Archives/edgar/data/91142/000119312511045134/0001193125-11-045134-index.htm",
    "finalLink": "https://www.sec.gov/Archives/edgar/data/91142/000119312511045134/d10k.htm"
  },
  {
    "date": "2010-09-30",
    "symbol": "AOS",
    "reportedCurrency": "USD",
    "cik": "0000091142",
    "fillingDate": "2010-11-04",
    "acceptedDate": "2010-11-04 14:22:45",
    "calendarYear": "2010",
    "period": "Q3",
    "revenue": 559400000,
    "costOfRevenue": 410300000,
    "grossProfit": 149100000,
    "grossProfitRatio": 0.2665355738,
    "researchAndDevelopmentExpenses": 0,
    "generalAndAdministrativeExpenses": 0,
    "sellingAndMarketingExpenses": 0,
    "sellingGeneralAndAdministrativeExpenses": 101700000,
    "otherExpenses": 0,
    "operatingExpenses": 101700000,
    "costAndExpenses": 512000000,
    "interestIncome": 0,
    "interestExpense": 1700000,
    "depreciationAndAmortization": 10000000,
    "ebitda": 35000000,
    "ebitdaratio": 0.0625670361,
    "operatingIncome": 47400000,
    "operatingIncomeRatio": 0.0847336432,
    "totalOtherIncomeExpensesNet": -3100000,
    "incomeBeforeTax": 44300000,
    "incomeBeforeTaxRatio": 0.0791919914,
    "incomeTaxExpense": 7100000,
    "netIncome": 32000000,
    "netIncomeRatio": 0.0572041473,
    "eps": 0.17,
    "epsdiluted": 0.17,
    "weightedAverageShsOut": 183364032,
    "weightedAverageShsOutDil": 185016000,
    "link": "https://www.sec.gov/Archives/edgar/data/91142/000119312510247839/0001193125-10-247839-index.htm",
    "finalLink": "https://www.sec.gov/Archives/edgar/data/91142/000119312510247839/d10q.htm"
  },
  {
    "date": "2010-06-30",
    "symbol": "AOS",
    "reportedCurrency": "USD",
    "cik": "0000091142",
    "fillingDate": "2010-08-04",
    "acceptedDate": "2010-08-04 16:12:00",
    "calendarYear": "2010",
    "period": "Q2",
    "revenue": 572500000,
    "costOfRevenue": 414200000,
    "grossProfit": 158300000,
    "grossProfitRatio": 0.2765065502,
    "researchAndDevelopmentExpenses": 0,
    "generalAndAdministrativeExpenses": 0,
    "sellingAndMarketingExpenses": 0,
    "sellingGeneralAndAdministrativeExpenses": 138200000,
    "otherExpenses": 0,
    "operatingExpenses": 138200000,
    "costAndExpenses": 518200000,
    "interestIncome": 0,
    "interestExpense": 1600000,
    "depreciationAndAmortization": 9200000,
    "ebitda": 4200000,
    "ebitdaratio": 0.0073362445,
    "operatingIncome": 54300000,
    "operatingIncomeRatio": 0.0948471616,
    "totalOtherIncomeExpensesNet": -35900000,
    "incomeBeforeTax": 18400000,
    "incomeBeforeTaxRatio": 0.032139738,
    "incomeTaxExpense": -5700000,
    "netIncome": 16600000,
    "netIncomeRatio": 0.0289956332,
    "eps": 0.0906,
    "epsdiluted": 0.09,
    "weightedAverageShsOut": 182363124,
    "weightedAverageShsOutDil": 184446000,
    "link": "https://www.sec.gov/Archives/edgar/data/91142/000119312510177193/0001193125-10-177193-index.htm",
    "finalLink": "https://www.sec.gov/Archives/edgar/data/91142/000119312510177193/d10q.htm"
  },
  {
    "date": "2010-03-31",
    "symbol": "AOS",
    "reportedCurrency": "USD",
    "cik": "0000091142",
    "fillingDate": "2010-05-05",
    "acceptedDate": "2010-05-05 12:55:41",
    "calendarYear": "2010",
    "period": "Q1",
    "revenue": 523400000,
    "costOfRevenue": 378800000,
    "grossProfit": 144600000,
    "grossProfitRatio": 0.2762705388,
    "researchAndDevelopmentExpenses": 0,
    "generalAndAdministrativeExpenses": 0,
    "sellingAndMarketingExpenses": 0,
    "sellingGeneralAndAdministrativeExpenses": 97500000,
    "otherExpenses": 0,
    "operatingExpenses": 97500000,
    "costAndExpenses": 476300000,
    "interestIncome": 0,
    "interestExpense": 1700000,
    "depreciationAndAmortization": 10100000,
    "ebitda": 40900000,
    "ebitdaratio": 0.0781429117,
    "operatingIncome": 47100000,
    "operatingIncomeRatio": 0.0899885365,
    "totalOtherIncomeExpensesNet": -4800000,
    "incomeBeforeTax": 42300000,
    "incomeBeforeTaxRatio": 0.0808177302,
    "incomeTaxExpense": 11400000,
    "netIncome": 30900000,
    "netIncomeRatio": 0.0590370653,
    "eps": 0.17,
    "epsdiluted": 0.17,
    "weightedAverageShsOut": 183034824,
    "weightedAverageShsOutDil": 183882000,
    "link": "https://www.sec.gov/Archives/edgar/data/91142/000119312510108342/0001193125-10-108342-index.htm",
    "finalLink": "https://www.sec.gov/Archives/edgar/data/91142/000119312510108342/d10q.htm"
  },
  {
    "date": "2009-12-31",
    "symbol": "AOS",
    "reportedCurrency": "USD",
    "cik": "0000091142",
    "fillingDate": "2010-02-26",
    "acceptedDate": "2010-02-26 11:19:46",
    "calendarYear": "2009",
    "period": "Q4",
    "revenue": 509600000,
    "costOfRevenue": 371300000,
    "grossProfit": 138300000,
    "grossProfitRatio": 0.271389325,
    "researchAndDevelopmentExpenses": 0,
    "generalAndAdministrativeExpenses": 0,
    "sellingAndMarketingExpenses": 0,
    "sellingGeneralAndAdministrativeExpenses": 101000000,
    "otherExpenses": 0,
    "operatingExpenses": 101000000,
    "costAndExpenses": 472300000,
    "interestIncome": 0,
    "interestExpense": 3000000,
    "depreciationAndAmortization": 16800000,
    "ebitda": 52000000,
    "ebitdaratio": 0.1020408163,
    "operatingIncome": -7300000,
    "operatingIncomeRatio": -0.0143249608,
    "totalOtherIncomeExpensesNet": 39400000,
    "incomeBeforeTax": 32200000,
    "incomeBeforeTaxRatio": 0.0631868132,
    "incomeTaxExpense": 9400000,
    "netIncome": 22700000,
    "netIncomeRatio": 0.044544741,
    "eps": 0.12,
    "epsdiluted": 0.12,
    "weightedAverageShsOut": 183034824,
    "weightedAverageShsOutDil": 183882000,
    "link": "https://www.sec.gov/Archives/edgar/data/91142/000119312510042097/0001193125-10-042097-index.htm",
    "finalLink": "https://www.sec.gov/Archives/edgar/data/91142/000119312510042097/d10k.htm"
  },
  {
    "date": "2009-09-30",
    "symbol": "AOS",
    "reportedCurrency": "USD",
    "cik": "0000091142",
    "fillingDate": "2009-11-03",
    "acceptedDate": "2009-11-03 12:28:41",
    "calendarYear": "2009",
    "period": "Q3",
    "revenue": 501500000,
    "costOfRevenue": 363000000,
    "grossProfit": 138500000,
    "grossProfitRatio": 0.2761714855,
    "researchAndDevelopmentExpenses": 0,
    "generalAndAdministrativeExpenses": 0,
    "sellingAndMarketingExpenses": 0,
    "sellingGeneralAndAdministrativeExpenses": 89300000,
    "otherExpenses": 6200000,
    "operatingExpenses": 95500000,
    "costAndExpenses": 455300000,
    "interestIncome": 0,
    "interestExpense": 2500000,
    "depreciationAndAmortization": 17200000,
    "ebitda": 65800000,
    "ebitdaratio": 0.1312063809,
    "operatingIncome": 34600000,
    "operatingIncomeRatio": 0.0689930209,
    "totalOtherIncomeExpensesNet": 11400000,
    "incomeBeforeTax": 46000000,
    "incomeBeforeTaxRatio": 0.0917248255,
    "incomeTaxExpense": 11400000,
    "netIncome": 34600000,
    "netIncomeRatio": 0.0689930209,
    "eps": 0.19,
    "epsdiluted": 0.19,
    "weightedAverageShsOut": 104130684,
    "weightedAverageShsOutDil": 182400000,
    "link": "https://www.sec.gov/Archives/edgar/data/91142/000119312509221649/0001193125-09-221649-index.htm",
    "finalLink": "https://www.sec.gov/Archives/edgar/data/91142/000119312509221649/d10q.htm"
  },
  {
    "date": "2009-06-30",
    "symbol": "AOS",
    "reportedCurrency": "USD",
    "cik": "0000091142",
    "fillingDate": "2009-08-04",
    "acceptedDate": "2009-08-04 12:41:57",
    "calendarYear": "2009",
    "period": "Q2",
    "revenue": 498700000,
    "costOfRevenue": 376300000,
    "grossProfit": 122400000,
    "grossProfitRatio": 0.2454381392,
    "researchAndDevelopmentExpenses": 0,
    "generalAndAdministrativeExpenses": 0,
    "sellingAndMarketingExpenses": 0,
    "sellingGeneralAndAdministrativeExpenses": 88600000,
    "otherExpenses": 0,
    "operatingExpenses": 88600000,
    "costAndExpenses": 464900000,
    "interestIncome": 0,
    "interestExpense": 3100000,
    "depreciationAndAmortization": 17100000,
    "ebitda": 50200000,
    "ebitdaratio": 0.1006617205,
    "operatingIncome": 23700000,
    "operatingIncomeRatio": 0.0475235613,
    "totalOtherIncomeExpensesNet": 3700000,
    "incomeBeforeTax": 27400000,
    "incomeBeforeTaxRatio": 0.0549428514,
    "incomeTaxExpense": 6100000,
    "netIncome": 21300000,
    "netIncomeRatio": 0.0427110487,
    "eps": 0.12,
    "epsdiluted": 0.12,
    "weightedAverageShsOut": 181039314,
    "weightedAverageShsOutDil": 181039314,
    "link": "https://www.sec.gov/Archives/edgar/data/91142/000119312509163445/0001193125-09-163445-index.htm",
    "finalLink": "https://www.sec.gov/Archives/edgar/data/91142/000119312509163445/d10q.htm"
  },
  {
    "date": "2009-03-31",
    "symbol": "AOS",
    "reportedCurrency": "USD",
    "cik": "0000091142",
    "fillingDate": "2009-05-05",
    "acceptedDate": "2009-05-05 14:51:43",
    "calendarYear": "2009",
    "period": "Q1",
    "revenue": 481600000,
    "costOfRevenue": 380200000,
    "grossProfit": 101400000,
    "grossProfitRatio": 0.2105481728,
    "researchAndDevelopmentExpenses": 0,
    "generalAndAdministrativeExpenses": 0,
    "sellingAndMarketingExpenses": 0,
    "sellingGeneralAndAdministrativeExpenses": 84500000,
    "otherExpenses": 0,
    "operatingExpenses": 84500000,
    "costAndExpenses": 470300000,
    "interestIncome": 0,
    "interestExpense": 3200000,
    "depreciationAndAmortization": 16400000,
    "ebitda": 30900000,
    "ebitdaratio": 0.0641611296,
    "operatingIncome": 16900000,
    "operatingIncomeRatio": 0.0350913621,
    "totalOtherIncomeExpensesNet": -5500000,
    "incomeBeforeTax": 11400000,
    "incomeBeforeTaxRatio": 0.0236710963,
    "incomeTaxExpense": 2700000,
    "netIncome": 2700000,
    "netIncomeRatio": 0.0056063123,
    "eps": 0.02,
    "epsdiluted": 0.02,
    "weightedAverageShsOut": 181039314,
    "weightedAverageShsOutDil": 181339332,
    "link": "https://www.sec.gov/Archives/edgar/data/91142/000119312509099758/0001193125-09-099758-index.htm",
    "finalLink": "https://www.sec.gov/Archives/edgar/data/91142/000119312509099758/d10q.htm"
  },
  {
    "date": "2008-12-31",
    "symbol": "AOS",
    "reportedCurrency": "USD",
    "cik": "0000091142",
    "fillingDate": "2009-02-25",
    "acceptedDate": "2009-02-25 14:37:25",
    "calendarYear": "2008",
    "period": "Q4",
    "revenue": 508600000,
    "costOfRevenue": 408900000,
    "grossProfit": 99700000,
    "grossProfitRatio": 0.196028313,
    "researchAndDevelopmentExpenses": 0,
    "generalAndAdministrativeExpenses": 0,
    "sellingAndMarketingExpenses": 0,
    "sellingGeneralAndAdministrativeExpenses": 82800000,
    "otherExpenses": 0,
    "operatingExpenses": 82800000,
    "costAndExpenses": 491700000,
    "interestIncome": 0,
    "interestExpense": 0,
    "depreciationAndAmortization": 16000000,
    "ebitda": 22100000,
    "ebitdaratio": 0.043452615,
    "operatingIncome": 16900000,
    "operatingIncomeRatio": 0.0332284703,
    "totalOtherIncomeExpensesNet": -7400000,
    "incomeBeforeTax": 9500000,
    "incomeBeforeTaxRatio": 0.0186787259,
    "incomeTaxExpense": 2800000,
    "netIncome": 6700000,
    "netIncomeRatio": 0.0131734172,
    "eps": 0.037,
    "epsdiluted": 0.037,
    "weightedAverageShsOut": 181039314,
    "weightedAverageShsOutDil": 181639350,
    "link": "https://www.sec.gov/Archives/edgar/data/91142/000119312509037280/0001193125-09-037280-index.htm",
    "finalLink": "https://www.sec.gov/Archives/edgar/data/91142/000119312509037280/d10k.htm"
  },
  {
    "date": "2008-09-30",
    "symbol": "AOS",
    "reportedCurrency": "USD",
    "cik": "0000091142",
    "fillingDate": "2008-10-30",
    "acceptedDate": "2008-10-30 11:56:25",
    "calendarYear": "2008",
    "period": "Q3",
    "revenue": 602700000,
    "costOfRevenue": 479100000,
    "grossProfit": 123600000,
    "grossProfitRatio": 0.2050771528,
    "researchAndDevelopmentExpenses": 0,
    "generalAndAdministrativeExpenses": 0,
    "sellingAndMarketingExpenses": 0,
    "sellingGeneralAndAdministrativeExpenses": 86600000,
    "otherExpenses": 0,
    "operatingExpenses": 86600000,
    "costAndExpenses": 565700000,
    "interestIncome": 0,
    "interestExpense": 4500000,
    "depreciationAndAmortization": 16700000,
    "ebitda": 53700000,
    "ebitdaratio": 0.0890990543,
    "operatingIncome": 37000000,
    "operatingIncomeRatio": 0.0613904098,
    "totalOtherIncomeExpensesNet": -8200000,
    "incomeBeforeTax": 28900000,
    "incomeBeforeTaxRatio": 0.0479508877,
    "incomeTaxExpense": 7400000,
    "netIncome": 21400000,
    "netIncomeRatio": 0.0355068857,
    "eps": 0.12,
    "epsdiluted": 0.12,
    "weightedAverageShsOut": 180425532,
    "weightedAverageShsOutDil": 182199120,
    "link": "https://www.sec.gov/Archives/edgar/data/91142/000119312508219955/0001193125-08-219955-index.htm",
    "finalLink": "https://www.sec.gov/Archives/edgar/data/91142/000119312508219955/d10q.htm"
  },
  {
    "date": "2008-06-30",
    "symbol": "AOS",
    "reportedCurrency": "USD",
    "cik": "0000091142",
    "fillingDate": "2008-08-06",
    "acceptedDate": "2008-08-06 09:55:19",
    "calendarYear": "2008",
    "period": "Q2",
    "revenue": 622200000,
    "costOfRevenue": 480600000,
    "grossProfit": 141600000,
    "grossProfitRatio": 0.2275795564,
    "researchAndDevelopmentExpenses": 0,
    "generalAndAdministrativeExpenses": 0,
    "sellingAndMarketingExpenses": 0,
    "sellingGeneralAndAdministrativeExpenses": 94200000,
    "otherExpenses": 0,
    "operatingExpenses": 94200000,
    "costAndExpenses": 574800000,
    "interestIncome": 0,
    "interestExpense": 5300000,
    "depreciationAndAmortization": 16700000,
    "ebitda": 62700000,
    "ebitdaratio": 0.1007714561,
    "operatingIncome": 47400000,
    "operatingIncomeRatio": 0.0761812922,
    "totalOtherIncomeExpensesNet": -5500000,
    "incomeBeforeTax": 42000000,
    "incomeBeforeTaxRatio": 0.0675024108,
    "incomeTaxExpense": 10000000,
    "netIncome": 9500000,
    "netIncomeRatio": 0.0152684024,
    "eps": 0.18,
    "epsdiluted": 0.17,
    "weightedAverageShsOut": 180274521,
    "weightedAverageShsOutDil": 181763913,
    "link": "https://www.sec.gov/Archives/edgar/data/91142/000119312508167635/0001193125-08-167635-index.htm",
    "finalLink": "https://www.sec.gov/Archives/edgar/data/91142/000119312508167635/d10q.htm"
  },
  {
    "date": "2008-03-31",
    "symbol": "AOS",
    "reportedCurrency": "USD",
    "cik": "0000091142",
    "fillingDate": "2008-05-02",
    "acceptedDate": "2008-05-02 15:38:23",
    "calendarYear": "2008",
    "period": "Q1",
    "revenue": 571400000,
    "costOfRevenue": 438800000,
    "grossProfit": 132600000,
    "grossProfitRatio": 0.2320616031,
    "researchAndDevelopmentExpenses": 0,
    "generalAndAdministrativeExpenses": 0,
    "sellingAndMarketingExpenses": 0,
    "sellingGeneralAndAdministrativeExpenses": 93800000,
    "otherExpenses": 0,
    "operatingExpenses": 93800000,
    "costAndExpenses": 532600000,
    "interestIncome": 0,
    "interestExpense": 5400000,
    "depreciationAndAmortization": 16900000,
    "ebitda": 55700000,
    "ebitdaratio": 0.097479874,
    "operatingIncome": 38800000,
    "operatingIncomeRatio": 0.0679033952,
    "totalOtherIncomeExpensesNet": -9200000,
    "incomeBeforeTax": 29700000,
    "incomeBeforeTaxRatio": 0.0519775989,
    "incomeTaxExpense": 7700000,
    "netIncome": 21900000,
    "netIncomeRatio": 0.0383269163,
    "eps": 0.12,
    "epsdiluted": 0.12,
    "weightedAverageShsOut": 180123510,
    "weightedAverageShsOutDil": 181328706,
    "link": "https://www.sec.gov/Archives/edgar/data/91142/000119312508100674/0001193125-08-100674-index.htm",
    "finalLink": "https://www.sec.gov/Archives/edgar/data/91142/000119312508100674/d10q.htm"
  },
  {
    "date": "2007-12-31",
    "symbol": "AOS",
    "reportedCurrency": "USD",
    "cik": "0000091142",
    "fillingDate": "2008-02-20",
    "acceptedDate": "2008-02-20 17:25:54",
    "calendarYear": "2007",
    "period": "Q4",
    "revenue": 569900000,
    "costOfRevenue": 434200000,
    "grossProfit": 135700000,
    "grossProfitRatio": 0.2381119495,
    "researchAndDevelopmentExpenses": 0,
    "generalAndAdministrativeExpenses": 0,
    "sellingAndMarketingExpenses": 0,
    "sellingGeneralAndAdministrativeExpenses": 99700000,
    "otherExpenses": 0,
    "operatingExpenses": 99700000,
    "costAndExpenses": 533900000,
    "interestIncome": 0,
    "interestExpense": 0,
    "depreciationAndAmortization": 17100000,
    "ebitda": 53100000,
    "ebitdaratio": 0.0931742411,
    "operatingIncome": 36000000,
    "operatingIncomeRatio": 0.063168977,
    "totalOtherIncomeExpensesNet": -27800000,
    "incomeBeforeTax": 8200000,
    "incomeBeforeTaxRatio": 0.0143884892,
    "incomeTaxExpense": -8800000,
    "netIncome": 17000000,
    "netIncomeRatio": 0.0298297947,
    "eps": 0.094,
    "epsdiluted": 0.094,
    "weightedAverageShsOut": 180123510,
    "weightedAverageShsOutDil": 181328706,
    "link": "https://www.sec.gov/Archives/edgar/data/91142/000119312508034592/0001193125-08-034592-index.htm",
    "finalLink": "https://www.sec.gov/Archives/edgar/data/91142/000119312508034592/d10k.htm"
  },
  {
    "date": "2007-09-30",
    "symbol": "AOS",
    "reportedCurrency": "USD",
    "cik": "0000091142",
    "fillingDate": "2007-10-31",
    "acceptedDate": "2007-10-31 12:00:36",
    "calendarYear": "2007",
    "period": "Q3",
    "revenue": 553500000,
    "costOfRevenue": 433400000,
    "grossProfit": 120100000,
    "grossProfitRatio": 0.2169828365,
    "researchAndDevelopmentExpenses": 0,
    "generalAndAdministrativeExpenses": 0,
    "sellingAndMarketingExpenses": 0,
    "sellingGeneralAndAdministrativeExpenses": 84600000,
    "otherExpenses": 0,
    "operatingExpenses": 84600000,
    "costAndExpenses": 518000000,
    "interestIncome": 0,
    "interestExpense": 6800000,
    "depreciationAndAmortization": 16200000,
    "ebitda": 51700000,
    "ebitdaratio": 0.0934056007,
    "operatingIncome": 35500000,
    "operatingIncomeRatio": 0.064137308,
    "totalOtherIncomeExpensesNet": -6400000,
    "incomeBeforeTax": 29100000,
    "incomeBeforeTaxRatio": 0.0525745257,
    "incomeTaxExpense": 4400000,
    "netIncome": 24700000,
    "netIncomeRatio": 0.0446251129,
    "eps": 0.13,
    "epsdiluted": 0.13,
    "weightedAverageShsOut": 184247814,
    "weightedAverageShsOutDil": 187020102,
    "link": "https://www.sec.gov/Archives/edgar/data/91142/000119312507230727/0001193125-07-230727-index.htm",
    "finalLink": "https://www.sec.gov/Archives/edgar/data/91142/000119312507230727/d10q.htm"
  },
  {
    "date": "2007-06-30",
    "symbol": "AOS",
    "reportedCurrency": "USD",
    "cik": "0000091142",
    "fillingDate": "2007-08-01",
    "acceptedDate": "2007-08-01 17:16:53",
    "calendarYear": "2007",
    "period": "Q2",
    "revenue": 611500000,
    "costOfRevenue": 476700000,
    "grossProfit": 134800000,
    "grossProfitRatio": 0.2204415372,
    "researchAndDevelopmentExpenses": 0,
    "generalAndAdministrativeExpenses": 0,
    "sellingAndMarketingExpenses": 0,
    "sellingGeneralAndAdministrativeExpenses": 90400000,
    "otherExpenses": 0,
    "operatingExpenses": 90400000,
    "costAndExpenses": 567100000,
    "interestIncome": 0,
    "interestExpense": 7000000,
    "depreciationAndAmortization": 18100000,
    "ebitda": 62500000,
    "ebitdaratio": 0.102207686,
    "operatingIncome": 44400000,
    "operatingIncomeRatio": 0.0726083401,
    "totalOtherIncomeExpensesNet": -8100000,
    "incomeBeforeTax": 36300000,
    "incomeBeforeTaxRatio": 0.059362224,
    "incomeTaxExpense": 9300000,
    "netIncome": 27000000,
    "netIncomeRatio": 0.0441537204,
    "eps": 0.15,
    "epsdiluted": 0.15,
    "weightedAverageShsOut": 183790734,
    "weightedAverageShsOutDil": 185995908,
    "link": "https://www.sec.gov/Archives/edgar/data/91142/000119312507168216/0001193125-07-168216-index.htm",
    "finalLink": "https://www.sec.gov/Archives/edgar/data/91142/000119312507168216/d10q.htm"
  },
  {
    "date": "2007-03-31",
    "symbol": "AOS",
    "reportedCurrency": "USD",
    "cik": "0000091142",
    "fillingDate": "2007-05-04",
    "acceptedDate": "2007-05-04 13:58:22",
    "calendarYear": "2007",
    "period": "Q1",
    "revenue": 577200000,
    "costOfRevenue": 454400000,
    "grossProfit": 122800000,
    "grossProfitRatio": 0.2127512128,
    "researchAndDevelopmentExpenses": 0,
    "generalAndAdministrativeExpenses": 0,
    "sellingAndMarketingExpenses": 0,
    "sellingGeneralAndAdministrativeExpenses": 88300000,
    "otherExpenses": 0,
    "operatingExpenses": 88300000,
    "costAndExpenses": 542700000,
    "interestIncome": 0,
    "interestExpense": 6800000,
    "depreciationAndAmortization": 16100000,
    "ebitda": 50600000,
    "ebitdaratio": 0.0876645877,
    "operatingIncome": 34500000,
    "operatingIncomeRatio": 0.0597713098,
    "totalOtherIncomeExpensesNet": -8200000,
    "incomeBeforeTax": 26300000,
    "incomeBeforeTaxRatio": 0.0455647956,
    "incomeTaxExpense": 6800000,
    "netIncome": 19500000,
    "netIncomeRatio": 0.0337837838,
    "eps": 0.11,
    "epsdiluted": 0.11,
    "weightedAverageShsOut": 183423552,
    "weightedAverageShsOutDil": 186029358,
    "link": "https://www.sec.gov/Archives/edgar/data/91142/000119312507102591/0001193125-07-102591-index.htm",
    "finalLink": "https://www.sec.gov/Archives/edgar/data/91142/000119312507102591/d10q.htm"
  },
  {
    "date": "2006-12-31",
    "symbol": "AOS",
    "reportedCurrency": "USD",
    "cik": "0000091142",
    "fillingDate": "2007-02-16",
    "acceptedDate": "2007-02-16 14:57:11",
    "calendarYear": "2006",
    "period": "Q4",
    "revenue": 543600000,
    "costOfRevenue": 420600000,
    "grossProfit": 123000000,
    "grossProfitRatio": 0.2262693157,
    "researchAndDevelopmentExpenses": 0,
    "generalAndAdministrativeExpenses": 0,
    "sellingAndMarketingExpenses": 0,
    "sellingGeneralAndAdministrativeExpenses": 86800000,
    "otherExpenses": 0,
    "operatingExpenses": 86800000,
    "costAndExpenses": 507400000,
    "interestIncome": 0,
    "interestExpense": 0,
    "depreciationAndAmortization": 16600000,
    "ebitda": 52800000,
    "ebitdaratio": 0.0971302428,
    "operatingIncome": 36200000,
    "operatingIncomeRatio": 0.0665930831,
    "totalOtherIncomeExpensesNet": -11200000,
    "incomeBeforeTax": 25000000,
    "incomeBeforeTaxRatio": 0.0459896983,
    "incomeTaxExpense": 5800000,
    "netIncome": 18900000,
    "netIncomeRatio": 0.0347682119,
    "eps": 0.1,
    "epsdiluted": 0.1,
    "weightedAverageShsOut": 183423552,
    "weightedAverageShsOutDil": 186029358,
    "link": "https://www.sec.gov/Archives/edgar/data/91142/000119312507033962/0001193125-07-033962-index.htm",
    "finalLink": "https://www.sec.gov/Archives/edgar/data/91142/000119312507033962/d10k.htm"
  },
  {
    "date": "2006-09-30",
    "symbol": "AOS",
    "reportedCurrency": "USD",
    "cik": "0000091142",
    "fillingDate": "2006-10-31",
    "acceptedDate": "2006-10-31 10:03:05",
    "calendarYear": "2006",
    "period": "Q3",
    "revenue": 564000000,
    "costOfRevenue": 448600000,
    "grossProfit": 115400000,
    "grossProfitRatio": 0.2046099291,
    "researchAndDevelopmentExpenses": 0,
    "generalAndAdministrativeExpenses": 0,
    "sellingAndMarketingExpenses": 0,
    "sellingGeneralAndAdministrativeExpenses": 82800000,
    "otherExpenses": 0,
    "operatingExpenses": 82800000,
    "costAndExpenses": 531400000,
    "interestIncome": 0,
    "interestExpense": 7300000,
    "depreciationAndAmortization": 13400000,
    "ebitda": 46000000,
    "ebitdaratio": 0.0815602837,
    "operatingIncome": 32600000,
    "operatingIncomeRatio": 0.0578014184,
    "totalOtherIncomeExpensesNet": -10500000,
    "incomeBeforeTax": 22100000,
    "incomeBeforeTaxRatio": 0.0391843972,
    "incomeTaxExpense": 5500000,
    "netIncome": 17000000,
    "netIncomeRatio": 0.030141844,
    "eps": 0.0933,
    "epsdiluted": 0.0917,
    "weightedAverageShsOut": 182696232,
    "weightedAverageShsOutDil": 186206382,
    "link": "https://www.sec.gov/Archives/edgar/data/91142/000119312506218824/0001193125-06-218824-index.htm",
    "finalLink": "https://www.sec.gov/Archives/edgar/data/91142/000119312506218824/d10q.htm"
  },
  {
    "date": "2006-06-30",
    "symbol": "AOS",
    "reportedCurrency": "USD",
    "cik": "0000091142",
    "fillingDate": "2006-08-03",
    "acceptedDate": "2006-08-03 10:36:13",
    "calendarYear": "2006",
    "period": "Q2",
    "revenue": 594500000,
    "costOfRevenue": 467900000,
    "grossProfit": 126600000,
    "grossProfitRatio": 0.2129520606,
    "researchAndDevelopmentExpenses": 0,
    "generalAndAdministrativeExpenses": 0,
    "sellingAndMarketingExpenses": 0,
    "sellingGeneralAndAdministrativeExpenses": 85900000,
    "otherExpenses": 0,
    "operatingExpenses": 85900000,
    "costAndExpenses": 553800000,
    "interestIncome": 0,
    "interestExpense": 7500000,
    "depreciationAndAmortization": 18500000,
    "ebitda": 59200000,
    "ebitdaratio": 0.0995794786,
    "operatingIncome": 40700000,
    "operatingIncomeRatio": 0.0684608915,
    "totalOtherIncomeExpensesNet": -4500000,
    "incomeBeforeTax": 36200000,
    "incomeBeforeTaxRatio": 0.0608915055,
    "incomeTaxExpense": 11300000,
    "netIncome": 25100000,
    "netIncomeRatio": 0.0422203532,
    "eps": 0.14,
    "epsdiluted": 0.13,
    "weightedAverageShsOut": 182394660,
    "weightedAverageShsOutDil": 186360918,
    "link": "https://www.sec.gov/Archives/edgar/data/91142/000119312506160406/0001193125-06-160406-index.htm",
    "finalLink": "https://www.sec.gov/Archives/edgar/data/91142/000119312506160406/d10q.htm"
  },
  {
    "date": "2006-03-31",
    "symbol": "AOS",
    "reportedCurrency": "USD",
    "cik": "0000091142",
    "fillingDate": "2006-05-03",
    "acceptedDate": "2006-05-03 13:05:39",
    "calendarYear": "2006",
    "period": "Q1",
    "revenue": 459200000,
    "costOfRevenue": 360300000,
    "grossProfit": 98900000,
    "grossProfitRatio": 0.2153745645,
    "researchAndDevelopmentExpenses": 0,
    "generalAndAdministrativeExpenses": 0,
    "sellingAndMarketingExpenses": 0,
    "sellingGeneralAndAdministrativeExpenses": 68500000,
    "otherExpenses": 0,
    "operatingExpenses": 68500000,
    "costAndExpenses": 428800000,
    "interestIncome": 0,
    "interestExpense": 3000000,
    "depreciationAndAmortization": 12400000,
    "ebitda": 42800000,
    "ebitdaratio": 0.0932055749,
    "operatingIncome": 30400000,
    "operatingIncomeRatio": 0.0662020906,
    "totalOtherIncomeExpensesNet": -8900000,
    "incomeBeforeTax": 21500000,
    "incomeBeforeTaxRatio": 0.0468205575,
    "incomeTaxExpense": 6000000,
    "netIncome": 15500000,
    "netIncomeRatio": 0.0337543554,
    "eps": 0.085,
    "epsdiluted": 0.0833,
    "weightedAverageShsOut": 181652100,
    "weightedAverageShsOutDil": 185544042,
    "link": "https://www.sec.gov/Archives/edgar/data/91142/000119312506097950/0001193125-06-097950-index.htm",
    "finalLink": "https://www.sec.gov/Archives/edgar/data/91142/000119312506097950/d10q.htm"
  },
  {
    "date": "2005-12-31",
    "symbol": "AOS",
    "reportedCurrency": "USD",
    "cik": "0000091142",
    "fillingDate": "2006-02-24",
    "acceptedDate": "2006-02-24 11:26:37",
    "calendarYear": "2005",
    "period": "Q4",
    "revenue": 434000000,
    "costOfRevenue": 335200000,
    "grossProfit": 98800000,
    "grossProfitRatio": 0.2276497696,
    "researchAndDevelopmentExpenses": 0,
    "generalAndAdministrativeExpenses": 0,
    "sellingAndMarketingExpenses": 0,
    "sellingGeneralAndAdministrativeExpenses": 69300000,
    "otherExpenses": 0,
    "operatingExpenses": 69300000,
    "costAndExpenses": 404500000,
    "interestIncome": 0,
    "interestExpense": 0,
    "depreciationAndAmortization": 13900000,
    "ebitda": 43400000,
    "ebitdaratio": 0.1,
    "operatingIncome": 29500000,
    "operatingIncomeRatio": 0.0679723502,
    "totalOtherIncomeExpensesNet": -7500000,
    "incomeBeforeTax": 22000000,
    "incomeBeforeTaxRatio": 0.0506912442,
    "incomeTaxExpense": 6000000,
    "netIncome": 16000000,
    "netIncomeRatio": 0.0368663594,
    "eps": 0.088,
    "epsdiluted": 0.086,
    "weightedAverageShsOut": 181653180,
    "weightedAverageShsOutDil": 185544042,
    "link": "https://www.sec.gov/Archives/edgar/data/91142/000119312506038388/0001193125-06-038388-index.htm",
    "finalLink": "https://www.sec.gov/Archives/edgar/data/91142/000119312506038388/d10k.htm"
  },
  {
    "date": "2005-09-30",
    "symbol": "AOS",
    "reportedCurrency": "USD",
    "cik": "0000091142",
    "fillingDate": "2005-11-03",
    "acceptedDate": "2005-11-03 15:36:43",
    "calendarYear": "2005",
    "period": "Q3",
    "revenue": 408400000,
    "costOfRevenue": 327400000,
    "grossProfit": 81000000,
    "grossProfitRatio": 0.1983349657,
    "researchAndDevelopmentExpenses": 0,
    "generalAndAdministrativeExpenses": 0,
    "sellingAndMarketingExpenses": 0,
    "sellingGeneralAndAdministrativeExpenses": 59700000,
    "otherExpenses": 0,
    "operatingExpenses": 59700000,
    "costAndExpenses": 387100000,
    "interestIncome": 0,
    "interestExpense": 3200000,
    "depreciationAndAmortization": 12900000,
    "ebitda": 34200000,
    "ebitdaratio": 0.08374143,
    "operatingIncome": 21300000,
    "operatingIncomeRatio": 0.0521547502,
    "totalOtherIncomeExpensesNet": -6900000,
    "incomeBeforeTax": 14400000,
    "incomeBeforeTaxRatio": 0.0352595495,
    "incomeTaxExpense": 4700000,
    "netIncome": 9700000,
    "netIncomeRatio": 0.0237512243,
    "eps": 0.055,
    "epsdiluted": 0.0533,
    "weightedAverageShsOut": 178778316,
    "weightedAverageShsOutDil": 181770354,
    "link": "https://www.sec.gov/Archives/edgar/data/91142/000119312505215576/0001193125-05-215576-index.htm",
    "finalLink": "https://www.sec.gov/Archives/edgar/data/91142/000119312505215576/d10q.htm"
  },
  {
    "date": "2005-06-30",
    "symbol": "AOS",
    "reportedCurrency": "USD",
    "cik": "0000091142",
    "fillingDate": "2005-08-02",
    "acceptedDate": "2005-08-02 16:34:58",
    "calendarYear": "2005",
    "period": "Q2",
    "revenue": 437700000,
    "costOfRevenue": 353500000,
    "grossProfit": 84200000,
    "grossProfitRatio": 0.1923692027,
    "researchAndDevelopmentExpenses": 0,
    "generalAndAdministrativeExpenses": 0,
    "sellingAndMarketingExpenses": 0,
    "sellingGeneralAndAdministrativeExpenses": 60400000,
    "otherExpenses": 0,
    "operatingExpenses": 60400000,
    "costAndExpenses": 413900000,
    "interestIncome": 0,
    "interestExpense": 3500000,
    "depreciationAndAmortization": 12900000,
    "ebitda": 36700000,
    "ebitdaratio": 0.0838473841,
    "operatingIncome": 23800000,
    "operatingIncomeRatio": 0.0543751428,
    "totalOtherIncomeExpensesNet": -12800000,
    "incomeBeforeTax": 11000000,
    "incomeBeforeTaxRatio": 0.0251313685,
    "incomeTaxExpense": 4500000,
    "netIncome": 6500000,
    "netIncomeRatio": 0.0148503541,
    "eps": 0.0367,
    "epsdiluted": 0.0367,
    "weightedAverageShsOut": 177194664,
    "weightedAverageShsOutDil": 180785634,
    "link": "https://www.sec.gov/Archives/edgar/data/91142/000119312505155056/0001193125-05-155056-index.htm",
    "finalLink": "https://www.sec.gov/Archives/edgar/data/91142/000119312505155056/d10q.htm"
  },
  {
    "date": "2005-03-31",
    "symbol": "AOS",
    "reportedCurrency": "USD",
    "cik": "0000091142",
    "fillingDate": "2005-05-03",
    "acceptedDate": "2005-05-03 11:50:03",
    "calendarYear": "2005",
    "period": "Q1",
    "revenue": 409200000,
    "costOfRevenue": 321100000,
    "grossProfit": 88100000,
    "grossProfitRatio": 0.2152981427,
    "researchAndDevelopmentExpenses": 0,
    "generalAndAdministrativeExpenses": 0,
    "sellingAndMarketingExpenses": 0,
    "sellingGeneralAndAdministrativeExpenses": 62400000,
    "otherExpenses": 0,
    "operatingExpenses": 62400000,
    "costAndExpenses": 383500000,
    "interestIncome": 0,
    "interestExpense": 3400000,
    "depreciationAndAmortization": 13100000,
    "ebitda": 38800000,
    "ebitdaratio": 0.0948191593,
    "operatingIncome": 25700000,
    "operatingIncomeRatio": 0.0628054741,
    "totalOtherIncomeExpensesNet": -4400000,
    "incomeBeforeTax": 21300000,
    "incomeBeforeTaxRatio": 0.0520527859,
    "incomeTaxExpense": 7000000,
    "netIncome": 14300000,
    "netIncomeRatio": 0.0349462366,
    "eps": 0.08,
    "epsdiluted": 0.08,
    "weightedAverageShsOut": 176451624,
    "weightedAverageShsOutDil": 180029058,
    "link": "https://www.sec.gov/Archives/edgar/data/91142/000089706905001093/0000897069-05-001093-index.htm",
    "finalLink": "https://www.sec.gov/Archives/edgar/data/91142/000089706905001093/cmw1394.htm"
  },
  {
    "date": "2004-12-31",
    "symbol": "AOS",
    "reportedCurrency": "USD",
    "cik": "0000091142",
    "fillingDate": "2005-02-18",
    "acceptedDate": "2005-02-18 14:54:26",
    "calendarYear": "2004",
    "period": "Q4",
    "revenue": 409400000,
    "costOfRevenue": 340000000,
    "grossProfit": 69400000,
    "grossProfitRatio": 0.1695163654,
    "researchAndDevelopmentExpenses": 0,
    "generalAndAdministrativeExpenses": 0,
    "sellingAndMarketingExpenses": 0,
    "sellingGeneralAndAdministrativeExpenses": 60800000,
    "otherExpenses": 0,
    "operatingExpenses": 60800000,
    "costAndExpenses": 400800000,
    "interestIncome": 0,
    "interestExpense": 0,
    "depreciationAndAmortization": 13900000,
    "ebitda": 22500000,
    "ebitdaratio": 0.0549584758,
    "operatingIncome": 8600000,
    "operatingIncomeRatio": 0.0210063508,
    "totalOtherIncomeExpensesNet": -4200000,
    "incomeBeforeTax": 4400000,
    "incomeBeforeTaxRatio": 0.0107474353,
    "incomeTaxExpense": 0,
    "netIncome": 4400000,
    "netIncomeRatio": 0.0107474353,
    "eps": 0.025,
    "epsdiluted": 0.024,
    "weightedAverageShsOut": 176451624,
    "weightedAverageShsOutDil": 180029058,
    "link": "https://www.sec.gov/Archives/edgar/data/91142/000119312505032911/0001193125-05-032911-index.htm",
    "finalLink": "https://www.sec.gov/Archives/edgar/data/91142/000119312505032911/d10k.htm"
  },
  {
    "date": "2004-09-30",
    "symbol": "AOS",
    "reportedCurrency": "USD",
    "cik": "0000091142",
    "fillingDate": "2004-11-01",
    "acceptedDate": "2004-11-01 15:13:01",
    "calendarYear": "2004",
    "period": "Q3",
    "revenue": 389900000,
    "costOfRevenue": 327900000,
    "grossProfit": 62000000,
    "grossProfitRatio": 0.1590151321,
    "researchAndDevelopmentExpenses": 0,
    "generalAndAdministrativeExpenses": 0,
    "sellingAndMarketingExpenses": 0,
    "sellingGeneralAndAdministrativeExpenses": 57400000,
    "otherExpenses": 0,
    "operatingExpenses": 57400000,
    "costAndExpenses": 385300000,
    "interestIncome": 0,
    "interestExpense": 3300000,
    "depreciationAndAmortization": 13200000,
    "ebitda": 17800000,
    "ebitdaratio": 0.0456527315,
    "operatingIncome": 4600000,
    "operatingIncomeRatio": 0.0117978969,
    "totalOtherIncomeExpensesNet": -3700000,
    "incomeBeforeTax": 900000,
    "incomeBeforeTaxRatio": 0.0023082842,
    "incomeTaxExpense": -2100000,
    "netIncome": 3000000,
    "netIncomeRatio": 0.0076942806,
    "eps": 0.0167,
    "epsdiluted": 0.0167,
    "weightedAverageShsOut": 175787262,
    "weightedAverageShsOutDil": 179137092,
    "link": "https://www.sec.gov/Archives/edgar/data/91142/000089706904001871/0000897069-04-001871-index.htm",
    "finalLink": "https://www.sec.gov/Archives/edgar/data/91142/000089706904001871/cmw1006.htm"
  },
  {
    "date": "2004-06-30",
    "symbol": "AOS",
    "reportedCurrency": "USD",
    "cik": "0000091142",
    "fillingDate": "2004-08-02",
    "acceptedDate": "2004-08-02 16:30:36",
    "calendarYear": "2004",
    "period": "Q2",
    "revenue": 437300000,
    "costOfRevenue": 348900000,
    "grossProfit": 88400000,
    "grossProfitRatio": 0.2021495541,
    "researchAndDevelopmentExpenses": 0,
    "generalAndAdministrativeExpenses": 0,
    "sellingAndMarketingExpenses": 0,
    "sellingGeneralAndAdministrativeExpenses": 58900000,
    "otherExpenses": 0,
    "operatingExpenses": 58900000,
    "costAndExpenses": 407800000,
    "interestIncome": 0,
    "interestExpense": 3200000,
    "depreciationAndAmortization": 13500000,
    "ebitda": 43000000,
    "ebitdaratio": 0.0983306654,
    "operatingIncome": 29500000,
    "operatingIncomeRatio": 0.06745941,
    "totalOtherIncomeExpensesNet": -3500000,
    "incomeBeforeTax": 26000000,
    "incomeBeforeTaxRatio": 0.0594557512,
    "incomeTaxExpense": 8700000,
    "netIncome": 17300000,
    "netIncomeRatio": 0.0395609421,
    "eps": 0.0983,
    "epsdiluted": 0.0967,
    "weightedAverageShsOut": 175657344,
    "weightedAverageShsOutDil": 179480094,
    "link": "https://www.sec.gov/Archives/edgar/data/91142/000089706904001391/0000897069-04-001391-index.htm",
    "finalLink": "https://www.sec.gov/Archives/edgar/data/91142/000089706904001391/cmw783.htm"
  },
  {
    "date": "2004-03-31",
    "symbol": "AOS",
    "reportedCurrency": "USD",
    "cik": "0000091142",
    "fillingDate": "2004-05-03",
    "acceptedDate": "2004-05-03 11:20:15",
    "calendarYear": "2004",
    "period": "Q1",
    "revenue": 416500000,
    "costOfRevenue": 338300000,
    "grossProfit": 78200000,
    "grossProfitRatio": 0.187755102,
    "researchAndDevelopmentExpenses": 0,
    "generalAndAdministrativeExpenses": 0,
    "sellingAndMarketingExpenses": 0,
    "sellingGeneralAndAdministrativeExpenses": 58600000,
    "otherExpenses": 0,
    "operatingExpenses": 58600000,
    "costAndExpenses": 396900000,
    "interestIncome": 0,
    "interestExpense": 3200000,
    "depreciationAndAmortization": 13300000,
    "ebitda": 32900000,
    "ebitdaratio": 0.0789915966,
    "operatingIncome": 19600000,
    "operatingIncomeRatio": 0.0470588235,
    "totalOtherIncomeExpensesNet": -3400000,
    "incomeBeforeTax": 16200000,
    "incomeBeforeTaxRatio": 0.0388955582,
    "incomeTaxExpense": 5400000,
    "netIncome": 10800000,
    "netIncomeRatio": 0.0259303721,
    "eps": 0.0617,
    "epsdiluted": 0.06,
    "weightedAverageShsOut": 175190058,
    "weightedAverageShsOutDil": 179474526,
    "link": "https://www.sec.gov/Archives/edgar/data/91142/000089706904000956/0000897069-04-000956-index.htm",
    "finalLink": "https://www.sec.gov/Archives/edgar/data/91142/000089706904000956/cmw688.htm"
  },
  {
    "date": "2003-12-13",
    "symbol": "AOS",
    "reportedCurrency": "USD",
    "cik": "0000091142",
    "fillingDate": "2004-02-23",
    "acceptedDate": "2004-02-23 17:02:28",
    "calendarYear": "2003",
    "period": "Q4",
    "revenue": 368800000,
    "costOfRevenue": 293600000,
    "grossProfit": 75200000,
    "grossProfitRatio": 0.2039045553,
    "researchAndDevelopmentExpenses": 0,
    "generalAndAdministrativeExpenses": 0,
    "sellingAndMarketingExpenses": 0,
    "sellingGeneralAndAdministrativeExpenses": 51700000,
    "otherExpenses": 200000,
    "operatingExpenses": 51900000,
    "costAndExpenses": 345500000,
    "interestIncome": 0,
    "interestExpense": 12200000,
    "depreciationAndAmortization": 13400000,
    "ebitda": 36700000,
    "ebitdaratio": 0.0995119306,
    "operatingIncome": 23300000,
    "operatingIncomeRatio": 0.0631778742,
    "totalOtherIncomeExpensesNet": -3700000,
    "incomeBeforeTax": 19600000,
    "incomeBeforeTaxRatio": 0.0531453362,
    "incomeTaxExpense": 7000000,
    "netIncome": 12600000,
    "netIncomeRatio": 0.034164859,
    "eps": 0.072,
    "epsdiluted": 0.07,
    "weightedAverageShsOut": 175190058,
    "weightedAverageShsOutDil": 179474526,
    "link": "https://www.sec.gov/Archives/edgar/data/91142/000089706904000452/0000897069-04-000452-index.htm",
    "finalLink": "https://www.sec.gov/Archives/edgar/data/91142/000089706904000452/cmw498.htm"
  },
  {
    "date": "2003-09-30",
    "symbol": "AOS",
    "reportedCurrency": "USD",
    "cik": "0000091142",
    "fillingDate": "2003-10-30",
    "acceptedDate": "2003-10-30 15:48:01",
    "calendarYear": "2003",
    "period": "Q3",
    "revenue": 356400000,
    "costOfRevenue": 294900000,
    "grossProfit": 61500000,
    "grossProfitRatio": 0.1725589226,
    "researchAndDevelopmentExpenses": 0,
    "generalAndAdministrativeExpenses": 0,
    "sellingAndMarketingExpenses": 0,
    "sellingGeneralAndAdministrativeExpenses": 48800000,
    "otherExpenses": 0,
    "operatingExpenses": 48800000,
    "costAndExpenses": 343700000,
    "interestIncome": 0,
    "interestExpense": 3100000,
    "depreciationAndAmortization": 12900000,
    "ebitda": 25630000,
    "ebitdaratio": 0.0719135802,
    "operatingIncome": 12700000,
    "operatingIncomeRatio": 0.035634119,
    "totalOtherIncomeExpensesNet": -3400000,
    "incomeBeforeTax": 9300000,
    "incomeBeforeTaxRatio": 0.0260942761,
    "incomeTaxExpense": 3300000,
    "netIncome": 6000000,
    "netIncomeRatio": 0.0168350168,
    "eps": 0.035,
    "epsdiluted": 0.0333,
    "weightedAverageShsOut": 174444498,
    "weightedAverageShsOutDil": 178680666,
    "link": "https://www.sec.gov/Archives/edgar/data/91142/000089706903001287/0000897069-03-001287-index.htm",
    "finalLink": "https://www.sec.gov/Archives/edgar/data/91142/000089706903001287/cmw229.txt"
  },
  {
    "date": "2003-06-30",
    "symbol": "AOS",
    "reportedCurrency": "USD",
    "cik": "0000091142",
    "fillingDate": "2003-07-31",
    "acceptedDate": "2003-07-31 17:21:50",
    "calendarYear": "2003",
    "period": "Q2",
    "revenue": 417600000,
    "costOfRevenue": 333800000,
    "grossProfit": 83800000,
    "grossProfitRatio": 0.2006704981,
    "researchAndDevelopmentExpenses": 0,
    "generalAndAdministrativeExpenses": 0,
    "sellingAndMarketingExpenses": 0,
    "sellingGeneralAndAdministrativeExpenses": 51700000,
    "otherExpenses": 0,
    "operatingExpenses": 51700000,
    "costAndExpenses": 385500000,
    "interestIncome": 0,
    "interestExpense": 0,
    "depreciationAndAmortization": 13011000,
    "ebitda": 45111000,
    "ebitdaratio": 0.1080244253,
    "operatingIncome": 32100000,
    "operatingIncomeRatio": 0.0768678161,
    "totalOtherIncomeExpensesNet": -2900000,
    "incomeBeforeTax": 29200000,
    "incomeBeforeTaxRatio": 0.0699233716,
    "incomeTaxExpense": 9400000,
    "netIncome": 19800000,
    "netIncomeRatio": 0.0474137931,
    "eps": 0.11,
    "epsdiluted": 0.11,
    "weightedAverageShsOut": 174015840,
    "weightedAverageShsOutDil": 177934260,
    "link": "https://www.sec.gov/Archives/edgar/data/91142/000089706903000829/0000897069-03-000829-index.htm",
    "finalLink": "https://www.sec.gov/Archives/edgar/data/91142/000089706903000829/sdc493.txt"
  },
  {
    "date": "2003-03-31",
    "symbol": "AOS",
    "reportedCurrency": "USD",
    "cik": "0000091142",
    "fillingDate": "2003-05-01",
    "acceptedDate": "2003-05-01 17:25:25",
    "calendarYear": "2003",
    "period": "Q1",
    "revenue": 387912000,
    "costOfRevenue": 309719000,
    "grossProfit": 78193000,
    "grossProfitRatio": 0.2015740683,
    "researchAndDevelopmentExpenses": 0,
    "generalAndAdministrativeExpenses": 0,
    "sellingAndMarketingExpenses": 0,
    "sellingGeneralAndAdministrativeExpenses": 54023000,
    "otherExpenses": 0,
    "operatingExpenses": 54023000,
    "costAndExpenses": 363742000,
    "interestIncome": 0,
    "interestExpense": 0,
    "depreciationAndAmortization": 12789000,
    "ebitda": 36959000,
    "ebitdaratio": 0.0952767638,
    "operatingIncome": 24170000,
    "operatingIncomeRatio": 0.0623079461,
    "totalOtherIncomeExpensesNet": -3244000,
    "incomeBeforeTax": 20926000,
    "incomeBeforeTaxRatio": 0.0539452247,
    "incomeTaxExpense": 7220000,
    "netIncome": 13706000,
    "netIncomeRatio": 0.0353327559,
    "eps": 0.0783,
    "epsdiluted": 0.0767,
    "weightedAverageShsOut": 173654142,
    "weightedAverageShsOutDil": 177134112,
    "link": "https://www.sec.gov/Archives/edgar/data/91142/000089706903000527/0000897069-03-000527-index.htm",
    "finalLink": "https://www.sec.gov/Archives/edgar/data/91142/000089706903000527/sdc417.txt"
  },
  {
    "date": "2002-12-31",
    "symbol": "AOS",
    "reportedCurrency": "USD",
    "cik": "0000091142",
    "fillingDate": "2003-02-20",
    "acceptedDate": "2003-02-20 09:44:21",
    "calendarYear": "2002",
    "period": "Q4",
    "revenue": 358490000,
    "costOfRevenue": 283404000,
    "grossProfit": 75086000,
    "grossProfitRatio": 0.2094507518,
    "researchAndDevelopmentExpenses": 0,
    "generalAndAdministrativeExpenses": 0,
    "sellingAndMarketingExpenses": 0,
    "sellingGeneralAndAdministrativeExpenses": 54440000,
    "otherExpenses": 70000,
    "operatingExpenses": 54510000,
    "costAndExpenses": 337914000,
    "interestIncome": 0,
    "interestExpense": 0,
    "depreciationAndAmortization": 12965000,
    "ebitda": 33541000,
    "ebitdaratio": 0.0935618846,
    "operatingIncome": 20576000,
    "operatingIncomeRatio": 0.0573963012,
    "totalOtherIncomeExpensesNet": -3462000,
    "incomeBeforeTax": 17114000,
    "incomeBeforeTaxRatio": 0.047739128,
    "incomeTaxExpense": 5905000,
    "netIncome": 11209000,
    "netIncomeRatio": 0.0312672599,
    "eps": 0.065,
    "epsdiluted": 0.063,
    "weightedAverageShsOut": 173654142,
    "weightedAverageShsOutDil": 177134112,
    "link": "https://www.sec.gov/Archives/edgar/data/91142/000089706903000237/0000897069-03-000237-index.htm",
    "finalLink": "https://www.sec.gov/Archives/edgar/data/91142/000089706903000237/irm178.txt"
  },
  {
    "date": "2002-09-30",
    "symbol": "AOS",
    "reportedCurrency": "USD",
    "cik": "0000091142",
    "fillingDate": "2002-11-06",
    "acceptedDate": "2002-11-06 15:11:25",
    "calendarYear": "2002",
    "period": "Q3",
    "revenue": 352399000,
    "costOfRevenue": 286054000,
    "grossProfit": 66345000,
    "grossProfitRatio": 0.188266709,
    "researchAndDevelopmentExpenses": 0,
    "generalAndAdministrativeExpenses": 48327000,
    "sellingAndMarketingExpenses": 0,
    "sellingGeneralAndAdministrativeExpenses": 48327000,
    "otherExpenses": 71000,
    "operatingExpenses": 48398000,
    "costAndExpenses": 334452000,
    "interestIncome": 0,
    "interestExpense": 0,
    "depreciationAndAmortization": 12598000,
    "ebitda": 30545000,
    "ebitdaratio": 0.0866773175,
    "operatingIncome": 17947000,
    "operatingIncomeRatio": 0.0509280673,
    "totalOtherIncomeExpensesNet": -3001000,
    "incomeBeforeTax": 14946000,
    "incomeBeforeTaxRatio": 0.0424121521,
    "incomeTaxExpense": 4924000,
    "netIncome": 10022000,
    "netIncomeRatio": 0.0284393543,
    "eps": 0.0583,
    "epsdiluted": 0.0567,
    "weightedAverageShsOut": 172513314,
    "weightedAverageShsOutDil": 176705748,
    "link": "https://www.sec.gov/Archives/edgar/data/91142/000089706902000860/0000897069-02-000860-index.htm",
    "finalLink": "https://www.sec.gov/Archives/edgar/data/91142/000089706902000860/slp418.txt"
  },
  {
    "date": "2002-06-30",
    "symbol": "AOS",
    "reportedCurrency": "USD",
    "cik": "0000091142",
    "fillingDate": "2002-07-24",
    "acceptedDate": "2002-07-24 15:54:47",
    "calendarYear": "2002",
    "period": "Q2",
    "revenue": 386284000,
    "costOfRevenue": 304856000,
    "grossProfit": 81428000,
    "grossProfitRatio": 0.2107982728,
    "researchAndDevelopmentExpenses": 0,
    "generalAndAdministrativeExpenses": 50198000,
    "sellingAndMarketingExpenses": 0,
    "sellingGeneralAndAdministrativeExpenses": 50198000,
    "otherExpenses": 60000,
    "operatingExpenses": 50258000,
    "costAndExpenses": 355114000,
    "interestIncome": 0,
    "interestExpense": 0,
    "depreciationAndAmortization": 12833000,
    "ebitda": 44003000,
    "ebitdaratio": 0.1139135972,
    "operatingIncome": 31170000,
    "operatingIncomeRatio": 0.0806919261,
    "totalOtherIncomeExpensesNet": -3490000,
    "incomeBeforeTax": 27680000,
    "incomeBeforeTaxRatio": 0.0716571227,
    "incomeTaxExpense": 9688000,
    "netIncome": 17992000,
    "netIncomeRatio": 0.0465771298,
    "eps": 0.11,
    "epsdiluted": 0.11,
    "weightedAverageShsOut": 158918442,
    "weightedAverageShsOutDil": 163392510,
    "link": "https://www.sec.gov/Archives/edgar/data/91142/000089706902000517/0000897069-02-000517-index.htm",
    "finalLink": "https://www.sec.gov/Archives/edgar/data/91142/000089706902000517/slp328.txt"
  },
  {
    "date": "2002-03-31",
    "symbol": "AOS",
    "reportedCurrency": "USD",
    "cik": "0000091142",
    "fillingDate": "2002-04-19",
    "acceptedDate": "2002-04-19 00:00:00",
    "calendarYear": "2002",
    "period": "Q1",
    "revenue": 371927000,
    "costOfRevenue": 295026000,
    "grossProfit": 76901000,
    "grossProfitRatio": 0.2067636929,
    "researchAndDevelopmentExpenses": 0,
    "generalAndAdministrativeExpenses": 53204000,
    "sellingAndMarketingExpenses": 0,
    "sellingGeneralAndAdministrativeExpenses": 53204000,
    "otherExpenses": 81000,
    "operatingExpenses": 53285000,
    "costAndExpenses": 348311000,
    "interestIncome": 0,
    "interestExpense": 0,
    "depreciationAndAmortization": 12297000,
    "ebitda": 35913000,
    "ebitdaratio": 0.096559271,
    "operatingIncome": 23616000,
    "operatingIncomeRatio": 0.0634963313,
    "totalOtherIncomeExpensesNet": -4966000,
    "incomeBeforeTax": 18650000,
    "incomeBeforeTaxRatio": 0.0501442487,
    "incomeTaxExpense": 6528000,
    "netIncome": 12122000,
    "netIncomeRatio": 0.0325924173,
    "eps": 0.085,
    "epsdiluted": 0.0833,
    "weightedAverageShsOut": 143142006,
    "weightedAverageShsOutDil": 143142006,
    "link": "https://www.sec.gov/Archives/edgar/data/91142/000089706902000312/0000897069-02-000312-index.htm",
    "finalLink": "https://www.sec.gov/Archives/edgar/data/91142/000089706902000312/slp273.txt"
  },
  {
    "date": "2001-12-31",
    "symbol": "AOS",
    "reportedCurrency": "USD",
    "cik": "0000091142",
    "fillingDate": "2002-02-21",
    "acceptedDate": "2002-02-21 00:00:00",
    "calendarYear": "2001",
    "period": "Q4",
    "revenue": 255541000,
    "costOfRevenue": 213216000,
    "grossProfit": 42325000,
    "grossProfitRatio": 0.1656289989,
    "researchAndDevelopmentExpenses": 0,
    "generalAndAdministrativeExpenses": 35905000,
    "sellingAndMarketingExpenses": 0,
    "sellingGeneralAndAdministrativeExpenses": 35905000,
    "otherExpenses": 1756000,
    "operatingExpenses": 37661000,
    "costAndExpenses": 250877000,
    "interestIncome": 0,
    "interestExpense": 0,
    "depreciationAndAmortization": 12242000,
    "ebitda": 16906000,
    "ebitdaratio": 0.0661576812,
    "operatingIncome": 4664000,
    "operatingIncomeRatio": 0.0182514743,
    "totalOtherIncomeExpensesNet": -12579000,
    "incomeBeforeTax": -7915000,
    "incomeBeforeTaxRatio": -0.0309735033,
    "incomeTaxExpense": -2809000,
    "netIncome": -5106000,
    "netIncomeRatio": -0.0199811381,
    "eps": -0.0359,
    "epsdiluted": -0.0357,
    "weightedAverageShsOut": 142357590,
    "weightedAverageShsOutDil": 143142006,
    "link": "https://www.sec.gov/Archives/edgar/data/91142/000089706902000168/0000897069-02-000168-index.htm",
    "finalLink": "https://www.sec.gov/Archives/edgar/data/91142/000089706902000168/pdm263a.txt"
  },
  {
    "date": "2001-09-30",
    "symbol": "AOS",
    "reportedCurrency": "USD",
    "cik": "0000091142",
    "fillingDate": "2001-10-24",
    "acceptedDate": "2001-10-24 00:00:00",
    "calendarYear": "2001",
    "period": "Q3",
    "revenue": 269132000,
    "costOfRevenue": 226496000,
    "grossProfit": 42636000,
    "grossProfitRatio": 0.1584204034,
    "researchAndDevelopmentExpenses": 0,
    "generalAndAdministrativeExpenses": 35376000,
    "sellingAndMarketingExpenses": 0,
    "sellingGeneralAndAdministrativeExpenses": 35376000,
    "otherExpenses": 1733000,
    "operatingExpenses": 37109000,
    "costAndExpenses": 263605000,
    "interestIncome": 0,
    "interestExpense": 0,
    "depreciationAndAmortization": 11854000,
    "ebitda": 17381000,
    "ebitdaratio": 0.0645816923,
    "operatingIncome": 5527000,
    "operatingIncomeRatio": 0.0205363911,
    "totalOtherIncomeExpensesNet": -4928000,
    "incomeBeforeTax": 599000,
    "incomeBeforeTaxRatio": 0.0022256736,
    "incomeTaxExpense": 213000,
    "netIncome": 386000,
    "netIncomeRatio": 0.0014342404,
    "eps": 0.0033,
    "epsdiluted": 0.0033,
    "weightedAverageShsOut": 142247844,
    "weightedAverageShsOutDil": 143552142,
    "link": "https://www.sec.gov/Archives/edgar/data/91142/000089706901500497/0000897069-01-500497-index.htm",
    "finalLink": "https://www.sec.gov/Archives/edgar/data/91142/000089706901500497/pdm155a.txt"
  },
  {
    "date": "2001-06-30",
    "symbol": "AOS",
    "reportedCurrency": "USD",
    "cik": "0000091142",
    "fillingDate": "2001-07-26",
    "acceptedDate": "2001-07-26 00:00:00",
    "calendarYear": "2001",
    "period": "Q2",
    "revenue": 308248000,
    "costOfRevenue": 249663000,
    "grossProfit": 58585000,
    "grossProfitRatio": 0.1900580052,
    "researchAndDevelopmentExpenses": 0,
    "generalAndAdministrativeExpenses": 36338000,
    "sellingAndMarketingExpenses": 0,
    "sellingGeneralAndAdministrativeExpenses": 36338000,
    "otherExpenses": 1734000,
    "operatingExpenses": 38072000,
    "costAndExpenses": 287735000,
    "interestIncome": 0,
    "interestExpense": 0,
    "depreciationAndAmortization": 11569000,
    "ebitda": 32082000,
    "ebitdaratio": 0.1040785342,
    "operatingIncome": 20513000,
    "operatingIncomeRatio": 0.066547066,
    "totalOtherIncomeExpensesNet": -4250000,
    "incomeBeforeTax": 16263000,
    "incomeBeforeTaxRatio": 0.0527594664,
    "incomeTaxExpense": 5570000,
    "netIncome": 10693000,
    "netIncomeRatio": 0.0346896006,
    "eps": 0.075,
    "epsdiluted": 0.075,
    "weightedAverageShsOut": 141869334,
    "weightedAverageShsOutDil": 143473068,
    "link": "https://www.sec.gov/Archives/edgar/data/91142/000089706901500310/0000897069-01-500310-index.htm",
    "finalLink": "https://www.sec.gov/Archives/edgar/data/91142/000089706901500310/sdc38a.txt"
  },
  {
    "date": "2001-03-31",
    "symbol": "AOS",
    "reportedCurrency": "USD",
    "cik": "0000091142",
    "fillingDate": "2001-04-24",
    "acceptedDate": "2001-04-24 00:00:00",
    "calendarYear": "2001",
    "period": "Q1",
    "revenue": 318235000,
    "costOfRevenue": 259440000,
    "grossProfit": 58795000,
    "grossProfitRatio": 0.1847534055,
    "researchAndDevelopmentExpenses": 0,
    "generalAndAdministrativeExpenses": 38123000,
    "sellingAndMarketingExpenses": 0,
    "sellingGeneralAndAdministrativeExpenses": 38123000,
    "otherExpenses": 1733000,
    "operatingExpenses": 39856000,
    "costAndExpenses": 299296000,
    "interestIncome": 0,
    "interestExpense": 0,
    "depreciationAndAmortization": 11411000,
    "ebitda": 30350000,
    "ebitdaratio": 0.0953697739,
    "operatingIncome": 18939000,
    "operatingIncomeRatio": 0.0595126243,
    "totalOtherIncomeExpensesNet": -5400000,
    "incomeBeforeTax": 13539000,
    "incomeBeforeTaxRatio": 0.0425440319,
    "incomeTaxExpense": 5010000,
    "netIncome": 8529000,
    "netIncomeRatio": 0.026800949,
    "eps": 0.06,
    "epsdiluted": 0.06,
    "weightedAverageShsOut": 141067524,
    "weightedAverageShsOutDil": 142969314,
    "link": "https://www.sec.gov/Archives/edgar/data/91142/000089706901500092/0000897069-01-500092-index.htm",
    "finalLink": "https://www.sec.gov/Archives/edgar/data/91142/000089706901500092/pdm14a.txt"
  },
  {
    "date": "2000-12-31",
    "symbol": "AOS",
    "reportedCurrency": "USD",
    "cik": "0000091142",
    "fillingDate": "2001-02-22",
    "acceptedDate": "2001-02-22 00:00:00",
    "calendarYear": "2000",
    "period": "Q4",
    "revenue": 300036000,
    "costOfRevenue": 234654000,
    "grossProfit": 65382000,
    "grossProfitRatio": 0.2179138503,
    "researchAndDevelopmentExpenses": 0,
    "generalAndAdministrativeExpenses": 55980000,
    "sellingAndMarketingExpenses": 0,
    "sellingGeneralAndAdministrativeExpenses": 55980000,
    "otherExpenses": 6932000,
    "operatingExpenses": 62912000,
    "costAndExpenses": 297566000,
    "interestIncome": 0,
    "interestExpense": 0,
    "depreciationAndAmortization": 10911000,
    "ebitda": 13381000,
    "ebitdaratio": 0.0445979816,
    "operatingIncome": 2470000,
    "operatingIncomeRatio": 0.0082323455,
    "totalOtherIncomeExpensesNet": 1538000,
    "incomeBeforeTax": 4008000,
    "incomeBeforeTaxRatio": 0.013358397,
    "incomeTaxExpense": 1443000,
    "netIncome": -11255000,
    "netIncomeRatio": -0.0375121652,
    "eps": -0.0798,
    "epsdiluted": -0.0787,
    "weightedAverageShsOut": 141067524,
    "weightedAverageShsOutDil": 142969314,
    "link": "https://www.sec.gov/Archives/edgar/data/91142/000089706901000175/0000897069-01-000175-index.htm",
    "finalLink": "https://www.sec.gov/Archives/edgar/data/91142/000089706901000175/0000897069-01-000175-0001.txt"
  },
  {
    "date": "2000-09-30",
    "symbol": "AOS",
    "reportedCurrency": "USD",
    "cik": "0000091142",
    "fillingDate": "2000-10-26",
    "acceptedDate": "2000-10-26 00:00:00",
    "calendarYear": "2000",
    "period": "Q3",
    "revenue": 290824000,
    "costOfRevenue": 233196000,
    "grossProfit": 48389000,
    "grossProfitRatio": 0.1663858554,
    "researchAndDevelopmentExpenses": 0,
    "generalAndAdministrativeExpenses": 29281000,
    "sellingAndMarketingExpenses": 0,
    "sellingGeneralAndAdministrativeExpenses": 29281000,
    "otherExpenses": 0,
    "operatingExpenses": 29281000,
    "costAndExpenses": 273514000,
    "interestIncome": 0,
    "interestExpense": 0,
    "depreciationAndAmortization": 11379000,
    "ebitda": 28689000,
    "ebitdaratio": 0.0986472918,
    "operatingIncome": 19108000,
    "operatingIncomeRatio": 0.0657029681,
    "totalOtherIncomeExpensesNet": -5836000,
    "incomeBeforeTax": 11474000,
    "incomeBeforeTaxRatio": 0.0394534151,
    "incomeTaxExpense": 4131000,
    "netIncome": 8836000,
    "netIncomeRatio": 0.0303826369,
    "eps": 0.0633,
    "epsdiluted": 0.0617,
    "weightedAverageShsOut": 140229744,
    "weightedAverageShsOutDil": 141755400,
    "link": "https://www.sec.gov/Archives/edgar/data/91142/000089706900000518/0000897069-00-000518-index.htm",
    "finalLink": "https://www.sec.gov/Archives/edgar/data/91142/000089706900000518/0000897069-00-000518-0001.txt"
  },
  {
    "date": "2000-06-30",
    "symbol": "AOS",
    "reportedCurrency": "USD",
    "cik": "0000091142",
    "fillingDate": "2000-07-21",
    "acceptedDate": "2000-07-21 00:00:00",
    "calendarYear": "2000",
    "period": "Q2",
    "revenue": 341285000,
    "costOfRevenue": 264323000,
    "grossProfit": 66958000,
    "grossProfitRatio": 0.196193797,
    "researchAndDevelopmentExpenses": 0,
    "generalAndAdministrativeExpenses": 32782000,
    "sellingAndMarketingExpenses": 0,
    "sellingGeneralAndAdministrativeExpenses": 32782000,
    "otherExpenses": 0,
    "operatingExpenses": 32782000,
    "costAndExpenses": 308855000,
    "interestIncome": 0,
    "interestExpense": 0,
    "depreciationAndAmortization": 11449000,
    "ebitda": 43879000,
    "ebitdaratio": 0.1285699635,
    "operatingIncome": 34176000,
    "operatingIncomeRatio": 0.1001391799,
    "totalOtherIncomeExpensesNet": -5203000,
    "incomeBeforeTax": 27227000,
    "incomeBeforeTaxRatio": 0.0797778982,
    "incomeTaxExpense": 9634000,
    "netIncome": 17561000,
    "netIncomeRatio": 0.0514555284,
    "eps": 0.13,
    "epsdiluted": 0.12,
    "weightedAverageShsOut": 140183838,
    "weightedAverageShsOutDil": 142406910,
    "link": "https://www.sec.gov/Archives/edgar/data/91142/000089706900000376/0000897069-00-000376-index.htm",
    "finalLink": "https://www.sec.gov/Archives/edgar/data/91142/000089706900000376/0000897069-00-000376-0001.txt"
  },
  {
    "date": "2000-03-31",
    "symbol": "AOS",
    "reportedCurrency": "USD",
    "cik": "0000091142",
    "fillingDate": "2000-04-20",
    "acceptedDate": "2000-04-20 00:00:00",
    "calendarYear": "2000",
    "period": "Q1",
    "revenue": 344566000,
    "costOfRevenue": 267648000,
    "grossProfit": 67395000,
    "grossProfitRatio": 0.1955938775,
    "researchAndDevelopmentExpenses": 0,
    "generalAndAdministrativeExpenses": 35652000,
    "sellingAndMarketingExpenses": 0,
    "sellingGeneralAndAdministrativeExpenses": 35652000,
    "otherExpenses": 0,
    "operatingExpenses": 35652000,
    "costAndExpenses": 315913000,
    "interestIncome": 0,
    "interestExpense": 0,
    "depreciationAndAmortization": 11320000,
    "ebitda": 39973000,
    "ebitdaratio": 0.116009705,
    "operatingIncome": 31743000,
    "operatingIncomeRatio": 0.0921245857,
    "totalOtherIncomeExpensesNet": -6274000,
    "incomeBeforeTax": 22379000,
    "incomeBeforeTaxRatio": 0.0649483698,
    "incomeTaxExpense": 8224000,
    "netIncome": 14611000,
    "netIncomeRatio": 0.0424040677,
    "eps": 0.11,
    "epsdiluted": 0.1,
    "weightedAverageShsOut": 140168358,
    "weightedAverageShsOutDil": 142190184,
    "link": "https://www.sec.gov/Archives/edgar/data/91142/000089706900000243/0000897069-00-000243-index.html",
    "finalLink": "https://www.sec.gov/Archives/edgar/data/91142/000089706900000243/"
  },
  {
    "date": "1999-12-31",
    "symbol": "AOS",
    "reportedCurrency": "USD",
    "cik": "0000091142",
    "fillingDate": "2000-03-03",
    "acceptedDate": "2000-03-03 00:00:00",
    "calendarYear": "1999",
    "period": "Q4",
    "revenue": 200868000,
    "costOfRevenue": 158077000,
    "grossProfit": 42791000,
    "grossProfitRatio": 0.2130304479,
    "researchAndDevelopmentExpenses": 0,
    "generalAndAdministrativeExpenses": 18069000,
    "sellingAndMarketingExpenses": 0,
    "sellingGeneralAndAdministrativeExpenses": 18069000,
    "otherExpenses": 0,
    "operatingExpenses": 18069000,
    "costAndExpenses": 176146000,
    "interestIncome": 0,
    "interestExpense": 0,
    "depreciationAndAmortization": 7301000,
    "ebitda": 32023000,
    "ebitdaratio": 0.1594231037,
    "operatingIncome": 24722000,
    "operatingIncomeRatio": 0.1230758508,
    "totalOtherIncomeExpensesNet": -5782000,
    "incomeBeforeTax": 18940000,
    "incomeBeforeTaxRatio": 0.094290778,
    "incomeTaxExpense": 6353000,
    "netIncome": 4739000,
    "netIncomeRatio": 0.0235926081,
    "eps": 0.034,
    "epsdiluted": 0.033,
    "weightedAverageShsOut": 140168358,
    "weightedAverageShsOutDil": 142190184,
    "link": "https://www.sec.gov/Archives/edgar/data/91142/000089706900000134/0000897069-00-000134-index.html",
    "finalLink": "https://www.sec.gov/Archives/edgar/data/91142/000089706900000134/"
  },
  {
    "date": "1999-09-30",
    "symbol": "AOS",
    "reportedCurrency": "USD",
    "cik": "0000091142",
    "fillingDate": "1999-11-15",
    "acceptedDate": "1999-11-15 00:00:00",
    "calendarYear": "1999",
    "period": "Q3",
    "revenue": 287406000,
    "costOfRevenue": 258445000,
    "grossProfit": 59862000,
    "grossProfitRatio": 0.2082837519,
    "researchAndDevelopmentExpenses": 0,
    "generalAndAdministrativeExpenses": 35578000,
    "sellingAndMarketingExpenses": 0,
    "sellingGeneralAndAdministrativeExpenses": 35578000,
    "otherExpenses": 0,
    "operatingExpenses": 35578000,
    "costAndExpenses": 263695000,
    "interestIncome": 0,
    "interestExpense": 0,
    "depreciationAndAmortization": 10347000,
    "ebitda": 34058000,
    "ebitdaratio": 0.1185013535,
    "operatingIncome": 24284000,
    "operatingIncomeRatio": 0.0844937127,
    "totalOtherIncomeExpensesNet": -5222000,
    "incomeBeforeTax": 18489000,
    "incomeBeforeTaxRatio": 0.0643305985,
    "incomeTaxExpense": 6011000,
    "netIncome": 12366000,
    "netIncomeRatio": 0.0430262416,
    "eps": 0.0883,
    "epsdiluted": 0.0867,
    "weightedAverageShsOut": 139137210,
    "weightedAverageShsOutDil": 143072610,
    "link": "https://www.sec.gov/Archives/edgar/data/91142/000089706999000559/0000897069-99-000559-index.html",
    "finalLink": "https://www.sec.gov/Archives/edgar/data/91142/000089706999000559/"
  },
  {
    "date": "1999-06-30",
    "symbol": "AOS",
    "reportedCurrency": "USD",
    "cik": "0000091142",
    "fillingDate": "1999-08-16",
    "acceptedDate": "1999-08-16 00:00:00",
    "calendarYear": "1999",
    "period": "Q2",
    "revenue": 235415000,
    "costOfRevenue": 208844000,
    "grossProfit": 53926000,
    "grossProfitRatio": 0.2290678164,
    "researchAndDevelopmentExpenses": 0,
    "generalAndAdministrativeExpenses": 28456000,
    "sellingAndMarketingExpenses": 0,
    "sellingGeneralAndAdministrativeExpenses": 28456000,
    "otherExpenses": 0,
    "operatingExpenses": 28456000,
    "costAndExpenses": 209799000,
    "interestIncome": 0,
    "interestExpense": 0,
    "depreciationAndAmortization": 7971000,
    "ebitda": 33587000,
    "ebitdaratio": 0.1426714525,
    "operatingIncome": 25470000,
    "operatingIncomeRatio": 0.1081919164,
    "totalOtherIncomeExpensesNet": -3208000,
    "incomeBeforeTax": 22408000,
    "incomeBeforeTaxRatio": 0.0951850987,
    "incomeTaxExpense": 8191000,
    "netIncome": 13915000,
    "netIncomeRatio": 0.0591083831,
    "eps": 0.1,
    "epsdiluted": 0.0983,
    "weightedAverageShsOut": 138910986,
    "weightedAverageShsOutDil": 142359846,
    "link": "https://www.sec.gov/Archives/edgar/data/91142/000089706999000428/0000897069-99-000428-index.html",
    "finalLink": "https://www.sec.gov/Archives/edgar/data/91142/000089706999000428/"
  },
  {
    "date": "1999-03-31",
    "symbol": "AOS",
    "reportedCurrency": "USD",
    "cik": "0000091142",
    "fillingDate": "1999-05-14",
    "acceptedDate": "1999-05-14 00:00:00",
    "calendarYear": "1999",
    "period": "Q1",
    "revenue": 229863000,
    "costOfRevenue": 207003000,
    "grossProfit": 50333000,
    "grossProfitRatio": 0.2189695601,
    "researchAndDevelopmentExpenses": 0,
    "generalAndAdministrativeExpenses": 28510000,
    "sellingAndMarketingExpenses": 0,
    "sellingGeneralAndAdministrativeExpenses": 28510000,
    "otherExpenses": 0,
    "operatingExpenses": 28510000,
    "costAndExpenses": 207688000,
    "interestIncome": 0,
    "interestExpense": 0,
    "depreciationAndAmortization": 7846000,
    "ebitda": 30021000,
    "ebitdaratio": 0.1306038814,
    "operatingIncome": 21823000,
    "operatingIncomeRatio": 0.0949391594,
    "totalOtherIncomeExpensesNet": -3434000,
    "incomeBeforeTax": 18741000,
    "incomeBeforeTaxRatio": 0.0815311729,
    "incomeTaxExpense": 6789000,
    "netIncome": 11402000,
    "netIncomeRatio": 0.0496034595,
    "eps": 0.0817,
    "epsdiluted": 0.08,
    "weightedAverageShsOut": 139347480,
    "weightedAverageShsOutDil": 142454076,
    "link": "https://www.sec.gov/Archives/edgar/data/91142/000089706999000303/0000897069-99-000303-index.html",
    "finalLink": "https://www.sec.gov/Archives/edgar/data/91142/"
  },
  {
    "date": "1998-12-31",
    "symbol": "AOS",
    "reportedCurrency": "USD",
    "cik": "0000091142",
    "fillingDate": "1999-03-24",
    "acceptedDate": "1999-03-24 00:00:00",
    "calendarYear": "1998",
    "period": "Q4",
    "revenue": 224680000,
    "costOfRevenue": 178298000,
    "grossProfit": 46382000,
    "grossProfitRatio": 0.2064358198,
    "researchAndDevelopmentExpenses": 0,
    "generalAndAdministrativeExpenses": 26017000,
    "sellingAndMarketingExpenses": 0,
    "sellingGeneralAndAdministrativeExpenses": 26017000,
    "otherExpenses": 0,
    "operatingExpenses": 26017000,
    "costAndExpenses": 204315000,
    "interestIncome": 0,
    "interestExpense": 0,
    "depreciationAndAmortization": 9422000,
    "ebitda": 29787000,
    "ebitdaratio": 0.1325752181,
    "operatingIncome": 20365000,
    "operatingIncomeRatio": 0.0906400214,
    "totalOtherIncomeExpensesNet": -3959000,
    "incomeBeforeTax": 16406000,
    "incomeBeforeTaxRatio": 0.0730194054,
    "incomeTaxExpense": 5696000,
    "netIncome": 10710000,
    "netIncomeRatio": 0.0476677942,
    "eps": 0.077,
    "epsdiluted": 0.075,
    "weightedAverageShsOut": 139347480,
    "weightedAverageShsOutDil": 142454076,
    "link": "https://www.sec.gov/Archives/edgar/data/91142/000089706999000150/0000897069-99-000150-index.html",
    "finalLink": "https://www.sec.gov/Archives/edgar/data/91142/"
  },
  {
    "date": "1998-09-30",
    "symbol": "AOS",
    "reportedCurrency": "USD",
    "cik": "0000091142",
    "fillingDate": "1998-11-13",
    "acceptedDate": "1998-11-13 00:00:00",
    "calendarYear": "1998",
    "period": "Q3",
    "revenue": 243254000,
    "costOfRevenue": 196232000,
    "grossProfit": 47022000,
    "grossProfitRatio": 0.1933041183,
    "researchAndDevelopmentExpenses": 0,
    "generalAndAdministrativeExpenses": 26324000,
    "sellingAndMarketingExpenses": 0,
    "sellingGeneralAndAdministrativeExpenses": 26324000,
    "otherExpenses": 0,
    "operatingExpenses": 26324000,
    "costAndExpenses": 222556000,
    "interestIncome": 0,
    "interestExpense": 0,
    "depreciationAndAmortization": 8575000,
    "ebitda": 29273000,
    "ebitdaratio": 0.1203392339,
    "operatingIncome": 20698000,
    "operatingIncomeRatio": 0.085088015,
    "totalOtherIncomeExpensesNet": -3368000,
    "incomeBeforeTax": 17330000,
    "incomeBeforeTaxRatio": 0.0712424051,
    "incomeTaxExpense": 6356000,
    "netIncome": 10974000,
    "netIncomeRatio": 0.0451133383,
    "eps": 0.0783,
    "epsdiluted": 0.0767,
    "weightedAverageShsOut": 139749516,
    "weightedAverageShsOutDil": 139749516,
    "link": "https://www.sec.gov/Archives/edgar/data/91142/000089706998000553/0000897069-98-000553-index.html",
    "finalLink": "https://www.sec.gov/Archives/edgar/data/91142/"
  },
  {
    "date": "1998-06-30",
    "symbol": "AOS",
    "reportedCurrency": "USD",
    "cik": "0000091142",
    "fillingDate": "1998-08-14",
    "acceptedDate": "1998-08-14 00:00:00",
    "calendarYear": "1998",
    "period": "Q2",
    "revenue": 226680000,
    "costOfRevenue": 178827000,
    "grossProfit": 47853000,
    "grossProfitRatio": 0.2111037586,
    "researchAndDevelopmentExpenses": 0,
    "generalAndAdministrativeExpenses": 26381000,
    "sellingAndMarketingExpenses": 0,
    "sellingGeneralAndAdministrativeExpenses": 26381000,
    "otherExpenses": 0,
    "operatingExpenses": 26381000,
    "costAndExpenses": 205208000,
    "interestIncome": 0,
    "interestExpense": 0,
    "depreciationAndAmortization": 7058000,
    "ebitda": 28530000,
    "ebitdaratio": 0.1258602435,
    "operatingIncome": 21472000,
    "operatingIncomeRatio": 0.0947238398,
    "totalOtherIncomeExpensesNet": -1650000,
    "incomeBeforeTax": 19822000,
    "incomeBeforeTaxRatio": 0.0874448562,
    "incomeTaxExpense": 7193000,
    "netIncome": 12629000,
    "netIncomeRatio": 0.0557128992,
    "eps": 0.06,
    "epsdiluted": 0.0578,
    "weightedAverageShsOut": 167476758,
    "weightedAverageShsOutDil": 167476758,
    "link": "https://www.sec.gov/Archives/edgar/data/91142/000089706998000417/0000897069-98-000417-index.html",
    "finalLink": "https://www.sec.gov/Archives/edgar/data/91142/"
  },
  {
    "date": "1998-03-31",
    "symbol": "AOS",
    "reportedCurrency": "USD",
    "cik": "0000091142",
    "fillingDate": "1998-05-14",
    "acceptedDate": "1998-05-14 00:00:00",
    "calendarYear": "1998",
    "period": "Q1",
    "revenue": 222955000,
    "costOfRevenue": 177186000,
    "grossProfit": 45769000,
    "grossProfitRatio": 0.2052835774,
    "researchAndDevelopmentExpenses": 0,
    "generalAndAdministrativeExpenses": 27900000,
    "sellingAndMarketingExpenses": 0,
    "sellingGeneralAndAdministrativeExpenses": 27900000,
    "otherExpenses": 0,
    "operatingExpenses": 27900000,
    "costAndExpenses": 205086000,
    "interestIncome": 0,
    "interestExpense": 0,
    "depreciationAndAmortization": 6919000,
    "ebitda": 24788000,
    "ebitdaratio": 0.111179386,
    "operatingIncome": 17869000,
    "operatingIncomeRatio": 0.0801462178,
    "totalOtherIncomeExpensesNet": -1653000,
    "incomeBeforeTax": 16216000,
    "incomeBeforeTaxRatio": 0.0727321657,
    "incomeTaxExpense": 6038000,
    "netIncome": 10178000,
    "netIncomeRatio": 0.0456504676,
    "eps": 0.0467,
    "epsdiluted": 0.0456,
    "weightedAverageShsOut": 167476758,
    "weightedAverageShsOutDil": 167476758,
    "link": "https://www.sec.gov/Archives/edgar/data/91142/000089706998000294/0000897069-98-000294-index.html",
    "finalLink": "https://www.sec.gov/Archives/edgar/data/91142/"
  },
  {
    "date": "1997-12-31",
    "symbol": "AOS",
    "reportedCurrency": "USD",
    "cik": "0000091142",
    "fillingDate": "1998-03-23",
    "acceptedDate": "1998-03-23 00:00:00",
    "calendarYear": "1997",
    "period": "Q4",
    "revenue": 205787000,
    "costOfRevenue": 165421000,
    "grossProfit": 40366000,
    "grossProfitRatio": 0.196154276,
    "researchAndDevelopmentExpenses": 0,
    "generalAndAdministrativeExpenses": 24748000,
    "sellingAndMarketingExpenses": 0,
    "sellingGeneralAndAdministrativeExpenses": 24748000,
    "otherExpenses": 0,
    "operatingExpenses": 24748000,
    "costAndExpenses": 190169000,
    "interestIncome": 0,
    "interestExpense": 0,
    "depreciationAndAmortization": 8582000,
    "ebitda": 24200000,
    "ebitdaratio": 0.1175973215,
    "operatingIncome": 15618000,
    "operatingIncomeRatio": 0.0758940069,
    "totalOtherIncomeExpensesNet": -517000,
    "incomeBeforeTax": 15101000,
    "incomeBeforeTaxRatio": 0.0733817005,
    "incomeTaxExpense": 5356000,
    "netIncome": 16175000,
    "netIncomeRatio": 0.0786006891,
    "eps": 0.0856,
    "epsdiluted": 0.076,
    "weightedAverageShsOut": 167476758,
    "weightedAverageShsOutDil": 167476758,
    "link": "https://www.sec.gov/Archives/edgar/data/91142/000089706998000158/0000897069-98-000158-index.html",
    "finalLink": "https://www.sec.gov/Archives/edgar/data/91142/"
  },
  {
    "date": "1997-09-30",
    "symbol": "AOS",
    "reportedCurrency": "USD",
    "cik": "0000091142",
    "fillingDate": "1997-11-13",
    "acceptedDate": "1997-11-13 00:00:00",
    "calendarYear": "1997",
    "period": "Q3",
    "revenue": 205964000,
    "costOfRevenue": 167060000,
    "grossProfit": 38904000,
    "grossProfitRatio": 0.1888873784,
    "researchAndDevelopmentExpenses": 0,
    "generalAndAdministrativeExpenses": 25013000,
    "sellingAndMarketingExpenses": 0,
    "sellingGeneralAndAdministrativeExpenses": 25013000,
    "otherExpenses": 0,
    "operatingExpenses": 25013000,
    "costAndExpenses": 192073000,
    "interestIncome": 0,
    "interestExpense": 0,
    "depreciationAndAmortization": 6682000,
    "ebitda": 20573000,
    "ebitdaratio": 0.0998863879,
    "operatingIncome": 13891000,
    "operatingIncomeRatio": 0.0674438251,
    "totalOtherIncomeExpensesNet": 36000,
    "incomeBeforeTax": 13927000,
    "incomeBeforeTaxRatio": 0.067618613,
    "incomeTaxExpense": 4918000,
    "netIncome": 9989000,
    "netIncomeRatio": 0.0484987668,
    "eps": 0.0518,
    "epsdiluted": 0.0596,
    "weightedAverageShsOut": 167476758,
    "weightedAverageShsOutDil": 167476758,
    "link": "https://www.sec.gov/Archives/edgar/data/91142/000089706997000453/0000897069-97-000453-index.html",
    "finalLink": "https://www.sec.gov/Archives/edgar/data/91142/"
  },
  {
    "date": "1997-06-30",
    "symbol": "AOS",
    "reportedCurrency": "USD",
    "cik": "0000091142",
    "fillingDate": "1997-08-13",
    "acceptedDate": "1997-08-13 00:00:00",
    "calendarYear": "1997",
    "period": "Q2",
    "revenue": 224938000,
    "costOfRevenue": 176296000,
    "grossProfit": 48642000,
    "grossProfitRatio": 0.2162462545,
    "researchAndDevelopmentExpenses": 0,
    "generalAndAdministrativeExpenses": 29845000,
    "sellingAndMarketingExpenses": 0,
    "sellingGeneralAndAdministrativeExpenses": 29845000,
    "otherExpenses": 0,
    "operatingExpenses": 29845000,
    "costAndExpenses": 206141000,
    "interestIncome": 0,
    "interestExpense": 0,
    "depreciationAndAmortization": 6582000,
    "ebitda": 25379000,
    "ebitdaratio": 0.1128266456,
    "operatingIncome": 18797000,
    "operatingIncomeRatio": 0.0835652491,
    "totalOtherIncomeExpensesNet": -425000,
    "incomeBeforeTax": 18372000,
    "incomeBeforeTaxRatio": 0.0816758396,
    "incomeTaxExpense": 6694000,
    "netIncome": 107755000,
    "netIncomeRatio": 0.4790431141,
    "eps": 0.43,
    "epsdiluted": 0.64,
    "weightedAverageShsOut": 167476758,
    "weightedAverageShsOutDil": 167476758,
    "link": "https://www.sec.gov/Archives/edgar/data/91142/000089706997000339/0000897069-97-000339-index.html",
    "finalLink": "https://www.sec.gov/Archives/edgar/data/91142/"
  },
  {
    "date": "1997-03-31",
    "symbol": "AOS",
    "reportedCurrency": "USD",
    "cik": "0000091142",
    "fillingDate": "1997-05-13",
    "acceptedDate": "1997-05-13 00:00:00",
    "calendarYear": "1997",
    "period": "Q1",
    "revenue": 196248000,
    "costOfRevenue": 153450000,
    "grossProfit": 42798000,
    "grossProfitRatio": 0.2180812034,
    "researchAndDevelopmentExpenses": 0,
    "generalAndAdministrativeExpenses": 27393000,
    "sellingAndMarketingExpenses": 0,
    "sellingGeneralAndAdministrativeExpenses": 27393000,
    "otherExpenses": 0,
    "operatingExpenses": 27393000,
    "costAndExpenses": 180843000,
    "interestIncome": 0,
    "interestExpense": 0,
    "depreciationAndAmortization": 6126000,
    "ebitda": 21531000,
    "ebitdaratio": 0.10971322,
    "operatingIncome": 15405000,
    "operatingIncomeRatio": 0.0784976153,
    "totalOtherIncomeExpensesNet": -3893000,
    "incomeBeforeTax": 11512000,
    "incomeBeforeTaxRatio": 0.0586604704,
    "incomeTaxExpense": 4391000,
    "netIncome": 19911000,
    "netIncomeRatio": 0.1014583588,
    "eps": 0.0818,
    "epsdiluted": 0.14,
    "weightedAverageShsOut": 167476758,
    "weightedAverageShsOutDil": 167476758,
    "link": "https://www.sec.gov/Archives/edgar/data/91142/000089706997000218/0000897069-97-000218-index.html",
    "finalLink": "https://www.sec.gov/Archives/edgar/data/91142/"
  },
  {
    "date": "1996-12-31",
    "symbol": "AOS",
    "reportedCurrency": "USD",
    "cik": "0000091142",
    "fillingDate": "1997-03-27",
    "acceptedDate": "1997-03-27 00:00:00",
    "calendarYear": "1996",
    "period": "Q4",
    "revenue": -457101000,
    "costOfRevenue": -438951000,
    "grossProfit": -18150000,
    "grossProfitRatio": 0.0397067607,
    "researchAndDevelopmentExpenses": 0,
    "generalAndAdministrativeExpenses": 10687000,
    "sellingAndMarketingExpenses": 0,
    "sellingGeneralAndAdministrativeExpenses": 10687000,
    "otherExpenses": 0,
    "operatingExpenses": 10687000,
    "costAndExpenses": -428264000,
    "interestIncome": 0,
    "interestExpense": 0,
    "depreciationAndAmortization": -24642000,
    "ebitda": -28837000,
    "ebitdaratio": 0.0630867139,
    "operatingIncome": -28837000,
    "operatingIncomeRatio": 0.0630867139,
    "totalOtherIncomeExpensesNet": -5782000,
    "incomeBeforeTax": -34619000,
    "incomeBeforeTaxRatio": 0.0757359971,
    "incomeTaxExpense": -11260000,
    "netIncome": 16809000,
    "netIncomeRatio": -0.0367730545,
    "eps": 0.1,
    "epsdiluted": 0.1,
    "weightedAverageShsOut": 167476758,
    "weightedAverageShsOutDil": 167476758,
    "link": "https://www.sec.gov/Archives/edgar/data/91142/000089706997000150/0000897069-97-000150-index.html",
    "finalLink": "https://www.sec.gov/Archives/edgar/data/91142/"
  },
  {
    "date": "1996-09-30",
    "symbol": "AOS",
    "reportedCurrency": "USD",
    "cik": "0000091142",
    "fillingDate": "1996-11-14",
    "acceptedDate": "1996-11-14 00:00:00",
    "calendarYear": "1996",
    "period": "Q3",
    "revenue": 188120000,
    "costOfRevenue": 329060000,
    "grossProfit": 54367000,
    "grossProfitRatio": 0.289001701,
    "researchAndDevelopmentExpenses": 0,
    "generalAndAdministrativeExpenses": 31393000,
    "sellingAndMarketingExpenses": 0,
    "sellingGeneralAndAdministrativeExpenses": 31393000,
    "otherExpenses": 0,
    "operatingExpenses": 31393000,
    "costAndExpenses": 174382000,
    "interestIncome": 0,
    "interestExpense": 0,
    "depreciationAndAmortization": 5609000,
    "ebitda": 19347000,
    "ebitdaratio": 0.1028439294,
    "operatingIncome": 22974000,
    "operatingIncomeRatio": 0.1221241761,
    "totalOtherIncomeExpensesNet": 5773000,
    "incomeBeforeTax": 19511000,
    "incomeBeforeTaxRatio": 0.1037157134,
    "incomeTaxExpense": 4249000,
    "netIncome": 12534000,
    "netIncomeRatio": 0.0666276845,
    "eps": 0.0748,
    "epsdiluted": 0.0748,
    "weightedAverageShsOut": 167476758,
    "weightedAverageShsOutDil": 167476758,
    "link": "https://www.sec.gov/Archives/edgar/data/91142/000089706996000383/0000897069-96-000383-index.html",
    "finalLink": "https://www.sec.gov/Archives/edgar/data/91142/"
  },
  {
    "date": "1996-06-30",
    "symbol": "AOS",
    "reportedCurrency": "USD",
    "cik": "0000091142",
    "fillingDate": "1996-08-09",
    "acceptedDate": "1996-08-09 00:00:00",
    "calendarYear": "1996",
    "period": "Q2",
    "revenue": 206468000,
    "costOfRevenue": 361844000,
    "grossProfit": 66864000,
    "grossProfitRatio": 0.3238467947,
    "researchAndDevelopmentExpenses": 0,
    "generalAndAdministrativeExpenses": 32737000,
    "sellingAndMarketingExpenses": 0,
    "sellingGeneralAndAdministrativeExpenses": 32737000,
    "otherExpenses": 0,
    "operatingExpenses": 32737000,
    "costAndExpenses": 189361000,
    "interestIncome": 0,
    "interestExpense": 0,
    "depreciationAndAmortization": 5339000,
    "ebitda": 22446000,
    "ebitdaratio": 0.1087141833,
    "operatingIncome": 34563000,
    "operatingIncomeRatio": 0.1674012438,
    "totalOtherIncomeExpensesNet": -4640000,
    "incomeBeforeTax": 12467000,
    "incomeBeforeTaxRatio": 0.0603822384,
    "incomeTaxExpense": 5174000,
    "netIncome": 18732000,
    "netIncomeRatio": 0.0907259236,
    "eps": 0.11,
    "epsdiluted": 0.11,
    "weightedAverageShsOut": 167476758,
    "weightedAverageShsOutDil": 167476758,
    "link": "https://www.sec.gov/Archives/edgar/data/91142/000089706996000237/0000897069-96-000237-index.html",
    "finalLink": "https://www.sec.gov/Archives/edgar/data/91142/"
  },
  {
    "date": "1996-03-31",
    "symbol": "AOS",
    "reportedCurrency": "USD",
    "cik": "0000091142",
    "fillingDate": "1996-05-14",
    "acceptedDate": "1996-05-14 00:00:00",
    "calendarYear": "1996",
    "period": "Q1",
    "revenue": 194791000,
    "costOfRevenue": 363121000,
    "grossProfit": 63869000,
    "grossProfitRatio": 0.3278847585,
    "researchAndDevelopmentExpenses": 0,
    "generalAndAdministrativeExpenses": 32944000,
    "sellingAndMarketingExpenses": 0,
    "sellingGeneralAndAdministrativeExpenses": 32944000,
    "otherExpenses": 0,
    "operatingExpenses": 32944000,
    "costAndExpenses": 181545000,
    "interestIncome": 0,
    "interestExpense": 0,
    "depreciationAndAmortization": 5632000,
    "ebitda": 18878000,
    "ebitdaratio": 0.0969141285,
    "operatingIncome": 31361000,
    "operatingIncomeRatio": 0.1609981981,
    "totalOtherIncomeExpensesNet": -3670000,
    "incomeBeforeTax": 9576000,
    "incomeBeforeTaxRatio": 0.0491603822,
    "incomeTaxExpense": 3809000,
    "netIncome": 17342000,
    "netIncomeRatio": 0.0890287539,
    "eps": 0.11,
    "epsdiluted": 0.1,
    "weightedAverageShsOut": 167476758,
    "weightedAverageShsOutDil": 167476758,
    "link": "https://www.sec.gov/Archives/edgar/data/91142/000089706996000119/0000897069-96-000119-index.html",
    "finalLink": "https://www.sec.gov/Archives/edgar/data/91142/"
  },
  {
    "date": "1995-12-31",
    "symbol": "AOS",
    "reportedCurrency": "USD",
    "cik": "0000091142",
    "fillingDate": "1996-03-26",
    "acceptedDate": "1996-03-26 00:00:00",
    "calendarYear": "1995",
    "period": "Q4",
    "revenue": 397576000,
    "costOfRevenue": 343289000,
    "grossProfit": 54287000,
    "grossProfitRatio": 0.1365449625,
    "researchAndDevelopmentExpenses": 0,
    "generalAndAdministrativeExpenses": 28635000,
    "sellingAndMarketingExpenses": 0,
    "sellingGeneralAndAdministrativeExpenses": 28635000,
    "otherExpenses": 0,
    "operatingExpenses": 28635000,
    "costAndExpenses": 371924000,
    "interestIncome": 0,
    "interestExpense": 0,
    "depreciationAndAmortization": 14663000,
    "ebitda": 40315000,
    "ebitdaratio": 0.1014019961,
    "operatingIncome": 25652000,
    "operatingIncomeRatio": 0.0645209972,
    "totalOtherIncomeExpensesNet": -2127000,
    "incomeBeforeTax": 23525000,
    "incomeBeforeTaxRatio": 0.0591710767,
    "incomeTaxExpense": 7953000,
    "netIncome": 15572000,
    "netIncomeRatio": 0.0391673542,
    "eps": 0.093,
    "epsdiluted": 0.093,
    "weightedAverageShsOut": 167476758,
    "weightedAverageShsOutDil": 167476758,
    "link": "https://www.sec.gov/Archives/edgar/data/91142/000089706996000065/0000897069-96-000065-index.html",
    "finalLink": "https://www.sec.gov/Archives/edgar/data/91142/"
  },
  {
    "date": "1995-09-30",
    "symbol": "AOS",
    "reportedCurrency": "USD",
    "cik": "0000091142",
    "fillingDate": "1995-11-13",
    "acceptedDate": "1995-11-13 00:00:00",
    "calendarYear": "1995",
    "period": "Q3",
    "revenue": 354363000,
    "costOfRevenue": 313922000,
    "grossProfit": 40441000,
    "grossProfitRatio": 0.1141230885,
    "researchAndDevelopmentExpenses": 0,
    "generalAndAdministrativeExpenses": 26106000,
    "sellingAndMarketingExpenses": 0,
    "sellingGeneralAndAdministrativeExpenses": 26106000,
    "otherExpenses": 0,
    "operatingExpenses": 26106000,
    "costAndExpenses": 340028000,
    "interestIncome": 0,
    "interestExpense": 0,
    "depreciationAndAmortization": 14516000,
    "ebitda": 28851000,
    "ebitdaratio": 0.0814165136,
    "operatingIncome": 14335000,
    "operatingIncomeRatio": 0.040452869,
    "totalOtherIncomeExpensesNet": -2510000,
    "incomeBeforeTax": 11825000,
    "incomeBeforeTaxRatio": 0.0333697367,
    "incomeTaxExpense": 4370000,
    "netIncome": 7455000,
    "netIncomeRatio": 0.0210377494,
    "eps": 0.0445,
    "epsdiluted": 0.0445,
    "weightedAverageShsOut": 167476758,
    "weightedAverageShsOutDil": 167476758,
    "link": "https://www.sec.gov/Archives/edgar/data/91142/000089706995000181/0000897069-95-000181-index.html",
    "finalLink": "https://www.sec.gov/Archives/edgar/data/91142/"
  }
]