[
  {
    "date": "2024-12-31",
    "symbol": "AOS",
    "reportedCurrency": "USD",
    "cik": "0000091142",
    "fillingDate": "2025-02-11",
    "acceptedDate": "2025-02-11 17:28:15",
    "calendarYear": "2024",
    "period": "FY",
    "revenue": 3818100000,
    "costOfRevenue": 2362000000,
    "grossProfit": 1456100000,
    "grossProfitRatio": 0.381367696,
    "researchAndDevelopmentExpenses": 0,
    "generalAndAdministrativeExpenses": 0,
    "sellingAndMarketingExpenses": 0,
    "sellingGeneralAndAdministrativeExpenses": 739300000,
    "otherExpenses": 0,
    "operatingExpenses": 739300000,
    "costAndExpenses": 3101300000,
    "interestIncome": 0,
    "interestExpense": 6700000,
    "depreciationAndAmortization": 78800000,
    "ebitda": 786500000,
    "ebitdaratio": 0.2059925094,
    "operatingIncome": 716800000,
    "operatingIncomeRatio": 0.1877373563,
    "totalOtherIncomeExpensesNet": -15800000,
    "incomeBeforeTax": 701000000,
    "incomeBeforeTaxRatio": 0.1835991724,
    "incomeTaxExpense": 167400000,
    "netIncome": 533600000,
    "netIncomeRatio": 0.1397553757,
    "eps": 3.65,
    "epsdiluted": 3.63,
    "weightedAverageShsOut": 146997000,
    "weightedAverageShsOutDil": 147084000,
    "link": "https://www.sec.gov/Archives/edgar/data/91142/000009114225000036/0000091142-25-000036-index.htm",
    "finalLink": "https://www.sec.gov/Archives/edgar/data/91142/000009114225000036/aos-20241231.htm"
  },
  {
    "date": "2023-12-31",
    "symbol": "AOS",
    "reportedCurrency": "USD",
    "cik": "0000091142",
    "fillingDate": "2024-02-13",
    "acceptedDate": "2024-02-13 16:46:51",
    "calendarYear": "2023",
    "period": "FY",
    "revenue": 3852800000,
    "costOfRevenue": 2368000000,
    "grossProfit": 1484800000,
    "grossProfitRatio": 0.3853820598,
    "researchAndDevelopmentExpenses": 97500000,
    "generalAndAdministrativeExpenses": 0,
    "sellingAndMarketingExpenses": 0,
    "sellingGeneralAndAdministrativeExpenses": 727400000,
    "otherExpenses": -97500000,
    "operatingExpenses": 727400000,
    "costAndExpenses": 3095400000,
    "interestIncome": 0,
    "interestExpense": 12000000,
    "depreciationAndAmortization": 78300000,
    "ebitda": 823800000,
    "ebitdaratio": 0.2138185216,
    "operatingIncome": 757400000,
    "operatingIncomeRatio": 0.1965843023,
    "totalOtherIncomeExpensesNet": -23900000,
    "incomeBeforeTax": 733500000,
    "incomeBeforeTaxRatio": 0.1903810216,
    "incomeTaxExpense": 176900000,
    "netIncome": 556600000,
    "netIncomeRatio": 0.1444663621,
    "eps": 3.71,
    "epsdiluted": 3.69,
    "weightedAverageShsOut": 149952679,
    "weightedAverageShsOutDil": 151015574,
    "link": "https://www.sec.gov/Archives/edgar/data/91142/000009114224000041/0000091142-24-000041-index.htm",
    "finalLink": "https://www.sec.gov/Archives/edgar/data/91142/000009114224000041/aos-20231231.htm"
  },
  {
    "date": "2022-12-31",
    "symbol": "AOS",
    "reportedCurrency": "USD",
    "cik": "0000091142",
    "fillingDate": "2023-02-14",
    "acceptedDate": "2023-02-14 17:11:05",
    "calendarYear": "2022",
    "period": "FY",
    "revenue": 3753900000,
    "costOfRevenue": 2424300000,
    "grossProfit": 1329600000,
    "grossProfitRatio": 0.3541916407,
    "researchAndDevelopmentExpenses": 89000000,
    "generalAndAdministrativeExpenses": 0,
    "sellingAndMarketingExpenses": 0,
    "sellingGeneralAndAdministrativeExpenses": 670900000,
    "otherExpenses": -89000000,
    "operatingExpenses": 670900000,
    "costAndExpenses": 3095200000,
    "interestIncome": 0,
    "interestExpense": 9400000,
    "depreciationAndAmortization": 76900000,
    "ebitda": 310000000,
    "ebitdaratio": 0.0825807827,
    "operatingIncome": 658700000,
    "operatingIncomeRatio": 0.1754708437,
    "totalOtherIncomeExpensesNet": -435000000,
    "incomeBeforeTax": 223700000,
    "incomeBeforeTaxRatio": 0.0595913583,
    "incomeTaxExpense": -12000000,
    "netIncome": 235700000,
    "netIncomeRatio": 0.0627880338,
    "eps": 1.52,
    "epsdiluted": 1.51,
    "weightedAverageShsOut": 154786327,
    "weightedAverageShsOutDil": 155779364,
    "link": "https://www.sec.gov/Archives/edgar/data/91142/000009114223000025/0000091142-23-000025-index.htm",
    "finalLink": "https://www.sec.gov/Archives/edgar/data/91142/000009114223000025/aos-20221231.htm"
  },
  {
    "date": "2021-12-31",
    "symbol": "AOS",
    "reportedCurrency": "USD",
    "cik": "0000091142",
    "fillingDate": "2022-02-11",
    "acceptedDate": "2022-02-11 14:19:32",
    "calendarYear": "2021",
    "period": "FY",
    "revenue": 3538900000,
    "costOfRevenue": 2228000000,
    "grossProfit": 1310900000,
    "grossProfitRatio": 0.3704258385,
    "researchAndDevelopmentExpenses": 94200000,
    "generalAndAdministrativeExpenses": 0,
    "sellingAndMarketingExpenses": 0,
    "sellingGeneralAndAdministrativeExpenses": 701400000,
    "otherExpenses": -94200000,
    "operatingExpenses": 701400000,
    "costAndExpenses": 2929400000,
    "interestIncome": 0,
    "interestExpense": 4300000,
    "depreciationAndAmortization": 77900000,
    "ebitda": 707800000,
    "ebitdaratio": 0.2000056515,
    "operatingIncome": 609500000,
    "operatingIncomeRatio": 0.1722286586,
    "totalOtherIncomeExpensesNet": 16100000,
    "incomeBeforeTax": 625600000,
    "incomeBeforeTaxRatio": 0.1767780949,
    "incomeTaxExpense": 138500000,
    "netIncome": 487100000,
    "netIncomeRatio": 0.1376416401,
    "eps": 3.05,
    "epsdiluted": 3.02,
    "weightedAverageShsOut": 159906834,
    "weightedAverageShsOutDil": 161319902,
    "link": "https://www.sec.gov/Archives/edgar/data/91142/000009114222000028/0000091142-22-000028-index.htm",
    "finalLink": "https://www.sec.gov/Archives/edgar/data/91142/000009114222000028/aos-20211231.htm"
  },
  {
    "date": "2020-12-31",
    "symbol": "AOS",
    "reportedCurrency": "USD",
    "cik": "0000091142",
    "fillingDate": "2021-02-12",
    "acceptedDate": "2021-02-12 12:27:08",
    "calendarYear": "2020",
    "period": "FY",
    "revenue": 2895300000,
    "costOfRevenue": 1787100000,
    "grossProfit": 1108200000,
    "grossProfitRatio": 0.3827582634,
    "researchAndDevelopmentExpenses": 80700000,
    "generalAndAdministrativeExpenses": 0,
    "sellingAndMarketingExpenses": 0,
    "sellingGeneralAndAdministrativeExpenses": 660300000,
    "otherExpenses": -80700000,
    "operatingExpenses": 660300000,
    "costAndExpenses": 2447400000,
    "interestIncome": 0,
    "interestExpense": 7300000,
    "depreciationAndAmortization": 80000000,
    "ebitda": 531200000,
    "ebitdaratio": 0.1834697613,
    "operatingIncome": 446200000,
    "operatingIncomeRatio": 0.1541118364,
    "totalOtherIncomeExpensesNet": -2300000,
    "incomeBeforeTax": 443900000,
    "incomeBeforeTaxRatio": 0.1533174455,
    "incomeTaxExpense": 99000000,
    "netIncome": 344900000,
    "netIncomeRatio": 0.1191240977,
    "eps": 2.14,
    "epsdiluted": 2.12,
    "weightedAverageShsOut": 161530589,
    "weightedAverageShsOutDil": 162604149,
    "link": "https://www.sec.gov/Archives/edgar/data/91142/000009114221000025/0000091142-21-000025-index.htm",
    "finalLink": "https://www.sec.gov/Archives/edgar/data/91142/000009114221000025/aos-20201231.htm"
  },
  {
    "date": "2019-12-31",
    "symbol": "AOS",
    "reportedCurrency": "USD",
    "cik": "0000091142",
    "fillingDate": "2020-02-24",
    "acceptedDate": "2020-02-24 17:31:06",
    "calendarYear": "2019",
    "period": "FY",
    "revenue": 2992700000,
    "costOfRevenue": 1812000000,
    "grossProfit": 1180700000,
    "grossProfitRatio": 0.3945266816,
    "researchAndDevelopmentExpenses": 87900000,
    "generalAndAdministrativeExpenses": 604900000,
    "sellingAndMarketingExpenses": 110700000,
    "sellingGeneralAndAdministrativeExpenses": 715600000,
    "otherExpenses": -87900000,
    "operatingExpenses": 715600000,
    "costAndExpenses": 2527600000,
    "interestIncome": 0,
    "interestExpense": 11000000,
    "depreciationAndAmortization": 78300000,
    "ebitda": 561400000,
    "ebitdaratio": 0.1875898019,
    "operatingIncome": 466800000,
    "operatingIncomeRatio": 0.1559795502,
    "totalOtherIncomeExpensesNet": 5300000,
    "incomeBeforeTax": 472100000,
    "incomeBeforeTaxRatio": 0.1577505263,
    "incomeTaxExpense": 102100000,
    "netIncome": 370000000,
    "netIncomeRatio": 0.1236341765,
    "eps": 2.24,
    "epsdiluted": 2.22,
    "weightedAverageShsOut": 165450441,
    "weightedAverageShsOutDil": 166710897,
    "link": "https://www.sec.gov/Archives/edgar/data/91142/000119312520046736/0001193125-20-046736-index.htm",
    "finalLink": "https://www.sec.gov/Archives/edgar/data/91142/000119312520046736/d846284d10k.htm"
  },
  {
    "date": "2018-12-31",
    "symbol": "AOS",
    "reportedCurrency": "USD",
    "cik": "0000091142",
    "fillingDate": "2019-02-15",
    "acceptedDate": "2019-02-15 15:42:46",
    "calendarYear": "2018",
    "period": "FY",
    "revenue": 3187900000,
    "costOfRevenue": 1882400000,
    "grossProfit": 1305500000,
    "grossProfitRatio": 0.4095172371,
    "researchAndDevelopmentExpenses": 94000000,
    "generalAndAdministrativeExpenses": 621700000,
    "sellingAndMarketingExpenses": 132100000,
    "sellingGeneralAndAdministrativeExpenses": 753800000,
    "otherExpenses": -94000000,
    "operatingExpenses": 753800000,
    "costAndExpenses": 2636200000,
    "interestIncome": 0,
    "interestExpense": 8400000,
    "depreciationAndAmortization": 71900000,
    "ebitda": 638100000,
    "ebitdaratio": 0.2001631168,
    "operatingIncome": 551700000,
    "operatingIncomeRatio": 0.1730606355,
    "totalOtherIncomeExpensesNet": 6100000,
    "incomeBeforeTax": 557800000,
    "incomeBeforeTaxRatio": 0.1749741209,
    "incomeTaxExpense": 113600000,
    "netIncome": 444200000,
    "netIncomeRatio": 0.139339377,
    "eps": 2.6,
    "epsdiluted": 2.58,
    "weightedAverageShsOut": 168159148,
    "weightedAverageShsOutDil": 172194000,
    "link": "https://www.sec.gov/Archives/edgar/data/91142/000119312519042339/0001193125-19-042339-index.htm",
    "finalLink": "https://www.sec.gov/Archives/edgar/data/91142/000119312519042339/d678397d10k.htm"
  },
  {
    "date": "2017-12-31",
    "symbol": "AOS",
    "reportedCurrency": "USD",
    "cik": "0000091142",
    "fillingDate": "2018-02-16",
    "acceptedDate": "2018-02-16 14:14:54",
    "calendarYear": "2017",
    "period": "FY",
    "revenue": 2996700000,
    "costOfRevenue": 1758000000,
    "grossProfit": 1238700000,
    "grossProfitRatio": 0.4133546902,
    "researchAndDevelopmentExpenses": 86400000,
    "generalAndAdministrativeExpenses": 591300000,
    "sellingAndMarketingExpenses": 126900000,
    "sellingGeneralAndAdministrativeExpenses": 722800000,
    "otherExpenses": -91000000,
    "operatingExpenses": 718200000,
    "costAndExpenses": 2476200000,
    "interestIncome": 0,
    "interestExpense": 10100000,
    "depreciationAndAmortization": 70100000,
    "ebitda": 601000000,
    "ebitdaratio": 0.2005539427,
    "operatingIncome": 520500000,
    "operatingIncomeRatio": 0.1736910602,
    "totalOtherIncomeExpensesNet": 299999,
    "incomeBeforeTax": 520800000,
    "incomeBeforeTaxRatio": 0.1737911703,
    "incomeTaxExpense": 224300000,
    "netIncome": 296500000,
    "netIncomeRatio": 0.0989421697,
    "eps": 1.72,
    "epsdiluted": 1.7,
    "weightedAverageShsOut": 171663130,
    "weightedAverageShsOutDil": 174605000,
    "link": "https://www.sec.gov/Archives/edgar/data/91142/000119312518048314/0001193125-18-048314-index.htm",
    "finalLink": "https://www.sec.gov/Archives/edgar/data/91142/000119312518048314/d473899d10k.htm"
  },
  {
    "date": "2016-12-31",
    "symbol": "AOS",
    "reportedCurrency": "USD",
    "cik": "0000091142",
    "fillingDate": "2017-02-17",
    "acceptedDate": "2017-02-17 14:36:14",
    "calendarYear": "2016",
    "period": "FY",
    "revenue": 2685900000,
    "costOfRevenue": 1566600000,
    "grossProfit": 1119300000,
    "grossProfitRatio": 0.4167318217,
    "researchAndDevelopmentExpenses": 80100000,
    "generalAndAdministrativeExpenses": 545000000,
    "sellingAndMarketingExpenses": 113900000,
    "sellingGeneralAndAdministrativeExpenses": 658900000,
    "otherExpenses": -80100000,
    "operatingExpenses": 658900000,
    "costAndExpenses": 2225500000,
    "interestIncome": 0,
    "interestExpense": 7300000,
    "depreciationAndAmortization": 65100000,
    "ebitda": 534900000,
    "ebitdaratio": 0.1991511225,
    "operatingIncome": 460400000,
    "operatingIncomeRatio": 0.1714136788,
    "totalOtherIncomeExpensesNet": 2100000,
    "incomeBeforeTax": 462500000,
    "incomeBeforeTaxRatio": 0.1721955397,
    "incomeTaxExpense": 136000000,
    "netIncome": 326500000,
    "netIncomeRatio": 0.1215607431,
    "eps": 1.87,
    "epsdiluted": 1.85,
    "weightedAverageShsOut": 173441584,
    "weightedAverageShsOutDil": 176825000,
    "link": "https://www.sec.gov/Archives/edgar/data/91142/000119312517047795/0001193125-17-047795-index.htm",
    "finalLink": "https://www.sec.gov/Archives/edgar/data/91142/000119312517047795/d280399d10k.htm"
  },
  {
    "date": "2015-12-31",
    "symbol": "AOS",
    "reportedCurrency": "USD",
    "cik": "0000091142",
    "fillingDate": "2016-02-17",
    "acceptedDate": "2016-02-17 16:05:53",
    "calendarYear": "2015",
    "period": "FY",
    "revenue": 2536500000,
    "costOfRevenue": 1526700000,
    "grossProfit": 1009800000,
    "grossProfitRatio": 0.3981076286,
    "researchAndDevelopmentExpenses": 73700000,
    "generalAndAdministrativeExpenses": 508500000,
    "sellingAndMarketingExpenses": 102200000,
    "sellingGeneralAndAdministrativeExpenses": 610700000,
    "otherExpenses": -73700000,
    "operatingExpenses": 610700000,
    "costAndExpenses": 2137400000,
    "interestIncome": 0,
    "interestExpense": 7400000,
    "depreciationAndAmortization": 63000000,
    "ebitda": 472900000,
    "ebitdaratio": 0.1864380051,
    "operatingIncome": 399100000,
    "operatingIncomeRatio": 0.1573427952,
    "totalOtherIncomeExpensesNet": 3400000,
    "incomeBeforeTax": 402500000,
    "incomeBeforeTaxRatio": 0.1586832249,
    "incomeTaxExpense": 119600000,
    "netIncome": 282900000,
    "netIncomeRatio": 0.1115316381,
    "eps": 1.59,
    "epsdiluted": 1.58,
    "weightedAverageShsOut": 175896866,
    "weightedAverageShsOutDil": 179010000,
    "link": "https://www.sec.gov/Archives/edgar/data/91142/000119312516467088/0001193125-16-467088-index.htm",
    "finalLink": "https://www.sec.gov/Archives/edgar/data/91142/000119312516467088/d104769d10k.htm"
  },
  {
    "date": "2014-12-31",
    "symbol": "AOS",
    "reportedCurrency": "USD",
    "cik": "0000091142",
    "fillingDate": "2015-02-17",
    "acceptedDate": "2015-02-17 19:04:19",
    "calendarYear": "2014",
    "period": "FY",
    "revenue": 2356000000,
    "costOfRevenue": 1496700000,
    "grossProfit": 859300000,
    "grossProfitRatio": 0.3647283531,
    "researchAndDevelopmentExpenses": 67900000,
    "generalAndAdministrativeExpenses": 478100000,
    "sellingAndMarketingExpenses": 94000000,
    "sellingGeneralAndAdministrativeExpenses": 572100000,
    "otherExpenses": -67900000,
    "operatingExpenses": 572100000,
    "costAndExpenses": 2068800000,
    "interestIncome": 0,
    "interestExpense": 5700000,
    "depreciationAndAmortization": 59800000,
    "ebitda": 352200000,
    "ebitdaratio": 0.1494906621,
    "operatingIncome": 287200000,
    "operatingIncomeRatio": 0.121901528,
    "totalOtherIncomeExpensesNet": -500000,
    "incomeBeforeTax": 286700000,
    "incomeBeforeTaxRatio": 0.1216893039,
    "incomeTaxExpense": 78900000,
    "netIncome": 207800000,
    "netIncomeRatio": 0.0882003396,
    "eps": 1.15,
    "epsdiluted": 1.14,
    "weightedAverageShsOut": 178799066,
    "weightedAverageShsOutDil": 181974000,
    "link": "https://www.sec.gov/Archives/edgar/data/91142/000119312515050825/0001193125-15-050825-index.htm",
    "finalLink": "https://www.sec.gov/Archives/edgar/data/91142/000119312515050825/d838160d10k.htm"
  },
  {
    "date": "2013-12-31",
    "symbol": "AOS",
    "reportedCurrency": "USD",
    "cik": "0000091142",
    "fillingDate": "2014-02-20",
    "acceptedDate": "2014-02-20 11:59:15",
    "calendarYear": "2013",
    "period": "FY",
    "revenue": 2153800000,
    "costOfRevenue": 1380000000,
    "grossProfit": 773800000,
    "grossProfitRatio": 0.3592719844,
    "researchAndDevelopmentExpenses": 57800000,
    "generalAndAdministrativeExpenses": 446500000,
    "sellingAndMarketingExpenses": 78000000,
    "sellingGeneralAndAdministrativeExpenses": 524500000,
    "otherExpenses": -57800000,
    "operatingExpenses": 524500000,
    "costAndExpenses": 1904500000,
    "interestIncome": 0,
    "interestExpense": 5700000,
    "depreciationAndAmortization": 59700000,
    "ebitda": 301800000,
    "ebitdaratio": 0.1401244312,
    "operatingIncome": 249300000,
    "operatingIncomeRatio": 0.1157489089,
    "totalOtherIncomeExpensesNet": -12900000,
    "incomeBeforeTax": 236400000,
    "incomeBeforeTaxRatio": 0.1097594948,
    "incomeTaxExpense": 66700000,
    "netIncome": 169700000,
    "netIncomeRatio": 0.0787909741,
    "eps": 0.93,
    "epsdiluted": 0.91,
    "weightedAverageShsOut": 182478396,
    "weightedAverageShsOutDil": 185576000,
    "link": "https://www.sec.gov/Archives/edgar/data/91142/000119312514060153/0001193125-14-060153-index.htm",
    "finalLink": "https://www.sec.gov/Archives/edgar/data/91142/000119312514060153/d644513d10k.htm"
  },
  {
    "date": "2012-12-31",
    "symbol": "AOS",
    "reportedCurrency": "USD",
    "cik": "0000091142",
    "fillingDate": "2013-02-27",
    "acceptedDate": "2013-02-27 16:38:18",
    "calendarYear": "2012",
    "period": "FY",
    "revenue": 1939300000,
    "costOfRevenue": 1287300000,
    "grossProfit": 652000000,
    "grossProfitRatio": 0.3362037849,
    "researchAndDevelopmentExpenses": 51700000,
    "generalAndAdministrativeExpenses": 381300000,
    "sellingAndMarketingExpenses": 69200000,
    "sellingGeneralAndAdministrativeExpenses": 450500000,
    "otherExpenses": -51700000,
    "operatingExpenses": 450500000,
    "costAndExpenses": 1737800000,
    "interestIncome": 0,
    "interestExpense": 9200000,
    "depreciationAndAmortization": 54600000,
    "ebitda": 297600000,
    "ebitdaratio": 0.1534574331,
    "operatingIncome": 201500000,
    "operatingIncomeRatio": 0.1039034703,
    "totalOtherIncomeExpensesNet": 32300000,
    "incomeBeforeTax": 233800000,
    "incomeBeforeTaxRatio": 0.1205589646,
    "incomeTaxExpense": 71200000,
    "netIncome": 162600000,
    "netIncomeRatio": 0.0838446862,
    "eps": 0.88,
    "epsdiluted": 0.87,
    "weightedAverageShsOut": 184853376,
    "weightedAverageShsOutDil": 186216000,
    "link": "https://www.sec.gov/Archives/edgar/data/91142/000119312513080129/0001193125-13-080129-index.htm",
    "finalLink": "https://www.sec.gov/Archives/edgar/data/91142/000119312513080129/d446301d10k.htm"
  },
  {
    "date": "2011-12-31",
    "symbol": "AOS",
    "reportedCurrency": "USD",
    "cik": "0000091142",
    "fillingDate": "2012-02-27",
    "acceptedDate": "2012-02-27 16:35:58",
    "calendarYear": "2011",
    "period": "FY",
    "revenue": 1710500000,
    "costOfRevenue": 1197900000,
    "grossProfit": 512600000,
    "grossProfitRatio": 0.2996784566,
    "researchAndDevelopmentExpenses": 0,
    "generalAndAdministrativeExpenses": 0,
    "sellingAndMarketingExpenses": 0,
    "sellingGeneralAndAdministrativeExpenses": 372800000,
    "otherExpenses": 0,
    "operatingExpenses": 372800000,
    "costAndExpenses": 1570700000,
    "interestIncome": 0,
    "interestExpense": 9300000,
    "depreciationAndAmortization": 47000000,
    "ebitda": 217800000,
    "ebitdaratio": 0.1273311897,
    "operatingIncome": 139800000,
    "operatingIncomeRatio": 0.0817304882,
    "totalOtherIncomeExpensesNet": 21700000,
    "incomeBeforeTax": 161500000,
    "incomeBeforeTaxRatio": 0.0944168372,
    "incomeTaxExpense": 50300000,
    "netIncome": 305700000,
    "netIncomeRatio": 0.1787196726,
    "eps": 1.67,
    "epsdiluted": 0.83,
    "weightedAverageShsOut": 183306000,
    "weightedAverageShsOutDil": 186300000,
    "link": "https://www.sec.gov/Archives/edgar/data/91142/000119312512081738/0001193125-12-081738-index.htm",
    "finalLink": "https://www.sec.gov/Archives/edgar/data/91142/000119312512081738/d261210d10k.htm"
  },
  {
    "date": "2010-12-31",
    "symbol": "AOS",
    "reportedCurrency": "USD",
    "cik": "0000091142",
    "fillingDate": "2011-02-24",
    "acceptedDate": "2011-02-24 14:57:44",
    "calendarYear": "2010",
    "period": "FY",
    "revenue": 1489300000,
    "costOfRevenue": 1043300000,
    "grossProfit": 446000000,
    "grossProfitRatio": 0.2994695495,
    "researchAndDevelopmentExpenses": 0,
    "generalAndAdministrativeExpenses": 0,
    "sellingAndMarketingExpenses": 0,
    "sellingGeneralAndAdministrativeExpenses": 364100000,
    "otherExpenses": 0,
    "operatingExpenses": 364100000,
    "costAndExpenses": 1372000000,
    "interestIncome": 0,
    "interestExpense": 6900000,
    "depreciationAndAmortization": 40800000,
    "ebitda": 121000000,
    "ebitdaratio": 0.0812462231,
    "operatingIncome": 57100000,
    "operatingIncomeRatio": 0.0383401598,
    "totalOtherIncomeExpensesNet": 17300000,
    "incomeBeforeTax": 74400000,
    "incomeBeforeTaxRatio": 0.0499563553,
    "incomeTaxExpense": 17300000,
    "netIncome": 111700000,
    "netIncomeRatio": 0.0750016786,
    "eps": 0.61,
    "epsdiluted": 0.6,
    "weightedAverageShsOut": 183332464,
    "weightedAverageShsOutDil": 184652000,
    "link": "https://www.sec.gov/Archives/edgar/data/91142/000119312511045134/0001193125-11-045134-index.htm",
    "finalLink": "https://www.sec.gov/Archives/edgar/data/91142/000119312511045134/d10k.htm"
  },
  {
    "date": "2009-12-31",
    "symbol": "AOS",
    "reportedCurrency": "USD",
    "cik": "0000091142",
    "fillingDate": "2010-02-26",
    "acceptedDate": "2010-02-26 11:19:46",
    "calendarYear": "2009",
    "period": "FY",
    "revenue": 1375000000,
    "costOfRevenue": 1490800000,
    "grossProfit": 500700000,
    "grossProfitRatio": 0.3641454545,
    "researchAndDevelopmentExpenses": 52600000,
    "generalAndAdministrativeExpenses": 0,
    "sellingAndMarketingExpenses": 0,
    "sellingGeneralAndAdministrativeExpenses": 314000000,
    "otherExpenses": 0,
    "operatingExpenses": 366600000,
    "costAndExpenses": 1271900000,
    "interestIncome": 0,
    "interestExpense": 10700000,
    "depreciationAndAmortization": 67500000,
    "ebitda": 197800000,
    "ebitdaratio": 0.1438545455,
    "operatingIncome": 89600000,
    "operatingIncomeRatio": 0.0651636364,
    "totalOtherIncomeExpensesNet": 30000000,
    "incomeBeforeTax": 119600000,
    "incomeBeforeTaxRatio": 0.0869818182,
    "incomeTaxExpense": 29600000,
    "netIncome": 81300000,
    "netIncomeRatio": 0.0591272727,
    "eps": 0.57,
    "epsdiluted": 0.57,
    "weightedAverageShsOut": 129986742,
    "weightedAverageShsOutDil": 143730000,
    "link": "https://www.sec.gov/Archives/edgar/data/91142/000119312510042097/0001193125-10-042097-index.htm",
    "finalLink": "https://www.sec.gov/Archives/edgar/data/91142/000119312510042097/d10k.htm"
  },
  {
    "date": "2008-12-31",
    "symbol": "AOS",
    "reportedCurrency": "USD",
    "cik": "0000091142",
    "fillingDate": "2009-02-25",
    "acceptedDate": "2009-02-25 14:37:25",
    "calendarYear": "2008",
    "period": "FY",
    "revenue": 2304900000,
    "costOfRevenue": 1807400000,
    "grossProfit": 497500000,
    "grossProfitRatio": 0.2158445052,
    "researchAndDevelopmentExpenses": 0,
    "generalAndAdministrativeExpenses": 0,
    "sellingAndMarketingExpenses": 0,
    "sellingGeneralAndAdministrativeExpenses": 357400000,
    "otherExpenses": 0,
    "operatingExpenses": 357400000,
    "costAndExpenses": 2164800000,
    "interestIncome": 0,
    "interestExpense": 19200000,
    "depreciationAndAmortization": 66300000,
    "ebitda": 195600000,
    "ebitdaratio": 0.0848626838,
    "operatingIncome": 140100000,
    "operatingIncomeRatio": 0.0607835481,
    "totalOtherIncomeExpensesNet": -30000000,
    "incomeBeforeTax": 110100000,
    "incomeBeforeTaxRatio": 0.047767799,
    "incomeTaxExpense": 27900000,
    "netIncome": 81900000,
    "netIncomeRatio": 0.0355329949,
    "eps": 0.45,
    "epsdiluted": 0.45,
    "weightedAverageShsOut": 180268632,
    "weightedAverageShsOutDil": 181740000,
    "link": "https://www.sec.gov/Archives/edgar/data/91142/000119312509037280/0001193125-09-037280-index.htm",
    "finalLink": "https://www.sec.gov/Archives/edgar/data/91142/000119312509037280/d10k.htm"
  },
  {
    "date": "2007-12-31",
    "symbol": "AOS",
    "reportedCurrency": "USD",
    "cik": "0000091142",
    "fillingDate": "2008-02-20",
    "acceptedDate": "2008-02-20 17:25:54",
    "calendarYear": "2007",
    "period": "FY",
    "revenue": 2312100000,
    "costOfRevenue": 1798700000,
    "grossProfit": 513400000,
    "grossProfitRatio": 0.2220492193,
    "researchAndDevelopmentExpenses": 0,
    "generalAndAdministrativeExpenses": 0,
    "sellingAndMarketingExpenses": 0,
    "sellingGeneralAndAdministrativeExpenses": 363000000,
    "otherExpenses": 0,
    "operatingExpenses": 363000000,
    "costAndExpenses": 2161700000,
    "interestIncome": 0,
    "interestExpense": 26700000,
    "depreciationAndAmortization": 67500000,
    "ebitda": 194100000,
    "ebitdaratio": 0.0839496562,
    "operatingIncome": 150400000,
    "operatingIncomeRatio": 0.0650490896,
    "totalOtherIncomeExpensesNet": -50500000,
    "incomeBeforeTax": 99900000,
    "incomeBeforeTaxRatio": 0.0432074737,
    "incomeTaxExpense": 11700000,
    "netIncome": 88200000,
    "netIncomeRatio": 0.038147139,
    "eps": 0.48,
    "epsdiluted": 0.47,
    "weightedAverageShsOut": 183364362,
    "weightedAverageShsOutDil": 185838480,
    "link": "https://www.sec.gov/Archives/edgar/data/91142/000119312508034592/0001193125-08-034592-index.htm",
    "finalLink": "https://www.sec.gov/Archives/edgar/data/91142/000119312508034592/d10k.htm"
  },
  {
    "date": "2006-12-31",
    "symbol": "AOS",
    "reportedCurrency": "USD",
    "cik": "0000091142",
    "fillingDate": "2007-02-16",
    "acceptedDate": "2007-02-16 14:57:11",
    "calendarYear": "2006",
    "period": "FY",
    "revenue": 2161300000,
    "costOfRevenue": 1697400000,
    "grossProfit": 463900000,
    "grossProfitRatio": 0.2146393374,
    "researchAndDevelopmentExpenses": 0,
    "generalAndAdministrativeExpenses": 0,
    "sellingAndMarketingExpenses": 0,
    "sellingGeneralAndAdministrativeExpenses": 324000000,
    "otherExpenses": 0,
    "operatingExpenses": 324000000,
    "costAndExpenses": 2021400000,
    "interestIncome": 0,
    "interestExpense": 0,
    "depreciationAndAmortization": 60900000,
    "ebitda": 190600000,
    "ebitdaratio": 0.0881876648,
    "operatingIncome": 139900000,
    "operatingIncomeRatio": 0.0647295609,
    "totalOtherIncomeExpensesNet": -35100000,
    "incomeBeforeTax": 104800000,
    "incomeBeforeTaxRatio": 0.0484893351,
    "incomeTaxExpense": 28600000,
    "netIncome": 76500000,
    "netIncomeRatio": 0.0353953639,
    "eps": 0.42,
    "epsdiluted": 0.41,
    "weightedAverageShsOut": 182436528,
    "weightedAverageShsOutDil": 186023238,
    "link": "https://www.sec.gov/Archives/edgar/data/91142/000119312507033962/0001193125-07-033962-index.htm",
    "finalLink": "https://www.sec.gov/Archives/edgar/data/91142/000119312507033962/d10k.htm"
  },
  {
    "date": "2005-12-31",
    "symbol": "AOS",
    "reportedCurrency": "USD",
    "cik": "0000091142",
    "fillingDate": "2006-02-24",
    "acceptedDate": "2006-02-24 11:26:37",
    "calendarYear": "2005",
    "period": "FY",
    "revenue": 1689200000,
    "costOfRevenue": 1337200000,
    "grossProfit": 352000000,
    "grossProfitRatio": 0.2083826664,
    "researchAndDevelopmentExpenses": 0,
    "generalAndAdministrativeExpenses": 0,
    "sellingAndMarketingExpenses": 0,
    "sellingGeneralAndAdministrativeExpenses": 251800000,
    "otherExpenses": 0,
    "operatingExpenses": 251800000,
    "costAndExpenses": 1589000000,
    "interestIncome": 0,
    "interestExpense": 0,
    "depreciationAndAmortization": 52800000,
    "ebitda": 134500000,
    "ebitdaratio": 0.0796234904,
    "operatingIncome": 100200000,
    "operatingIncomeRatio": 0.0593180204,
    "totalOtherIncomeExpensesNet": -31500000,
    "incomeBeforeTax": 68700000,
    "incomeBeforeTaxRatio": 0.0406701397,
    "incomeTaxExpense": 22200000,
    "netIncome": 46500000,
    "netIncomeRatio": 0.0275278238,
    "eps": 0.26,
    "epsdiluted": 0.26,
    "weightedAverageShsOut": 178227810,
    "weightedAverageShsOutDil": 181689636,
    "link": "https://www.sec.gov/Archives/edgar/data/91142/000119312506038388/0001193125-06-038388-index.htm",
    "finalLink": "https://www.sec.gov/Archives/edgar/data/91142/000119312506038388/d10k.htm"
  },
  {
    "date": "2004-12-31",
    "symbol": "AOS",
    "reportedCurrency": "USD",
    "cik": "0000091142",
    "fillingDate": "2005-02-18",
    "acceptedDate": "2005-02-18 14:54:26",
    "calendarYear": "2004",
    "period": "FY",
    "revenue": 1653100000,
    "costOfRevenue": 1355100000,
    "grossProfit": 298000000,
    "grossProfitRatio": 0.1802673764,
    "researchAndDevelopmentExpenses": 0,
    "generalAndAdministrativeExpenses": 0,
    "sellingAndMarketingExpenses": 0,
    "sellingGeneralAndAdministrativeExpenses": 235800000,
    "otherExpenses": 0,
    "operatingExpenses": 235800000,
    "costAndExpenses": 1590900000,
    "interestIncome": 0,
    "interestExpense": 0,
    "depreciationAndAmortization": 53900000,
    "ebitda": 114900000,
    "ebitdaratio": 0.069505777,
    "operatingIncome": 62200000,
    "operatingIncomeRatio": 0.0376262779,
    "totalOtherIncomeExpensesNet": -14700000,
    "incomeBeforeTax": 47500000,
    "incomeBeforeTaxRatio": 0.0287338939,
    "incomeTaxExpense": 12100000,
    "netIncome": 35400000,
    "netIncomeRatio": 0.0214143125,
    "eps": 0.2,
    "epsdiluted": 0.2,
    "weightedAverageShsOut": 175674600,
    "weightedAverageShsOutDil": 179477022,
    "link": "https://www.sec.gov/Archives/edgar/data/91142/000119312505032911/0001193125-05-032911-index.htm",
    "finalLink": "https://www.sec.gov/Archives/edgar/data/91142/000119312505032911/d10k.htm"
  },
  {
    "date": "2003-12-13",
    "symbol": "AOS",
    "reportedCurrency": "USD",
    "cik": "0000091142",
    "fillingDate": "2004-02-23",
    "acceptedDate": "2004-02-23 17:02:28",
    "calendarYear": "2003",
    "period": "FY",
    "revenue": 1530700000,
    "costOfRevenue": 1232000000,
    "grossProfit": 298700000,
    "grossProfitRatio": 0.1951394787,
    "researchAndDevelopmentExpenses": 0,
    "generalAndAdministrativeExpenses": 0,
    "sellingAndMarketingExpenses": 0,
    "sellingGeneralAndAdministrativeExpenses": 206200000,
    "otherExpenses": 200000,
    "operatingExpenses": 206400000,
    "costAndExpenses": 1438400000,
    "interestIncome": 0,
    "interestExpense": 12200000,
    "depreciationAndAmortization": 52100000,
    "ebitda": 144400000,
    "ebitdaratio": 0.0943359247,
    "operatingIncome": 92300000,
    "operatingIncomeRatio": 0.0602992095,
    "totalOtherIncomeExpensesNet": -13300000,
    "incomeBeforeTax": 79000000,
    "incomeBeforeTaxRatio": 0.0516103743,
    "incomeTaxExpense": 26800000,
    "netIncome": 52200000,
    "netIncomeRatio": 0.0341020448,
    "eps": 0.3,
    "epsdiluted": 0.29,
    "weightedAverageShsOut": 174187734,
    "weightedAverageShsOutDil": 178266000,
    "link": "https://www.sec.gov/Archives/edgar/data/91142/000089706904000452/0000897069-04-000452-index.htm",
    "finalLink": "https://www.sec.gov/Archives/edgar/data/91142/000089706904000452/cmw498.htm"
  },
  {
    "date": "2002-12-31",
    "symbol": "AOS",
    "reportedCurrency": "USD",
    "cik": "0000091142",
    "fillingDate": "2003-02-20",
    "acceptedDate": "2003-02-20 09:44:21",
    "calendarYear": "2002",
    "period": "FY",
    "revenue": 1469100000,
    "costOfRevenue": 1169340000,
    "grossProfit": 299760000,
    "grossProfitRatio": 0.2040432918,
    "researchAndDevelopmentExpenses": 0,
    "generalAndAdministrativeExpenses": 0,
    "sellingAndMarketingExpenses": 0,
    "sellingGeneralAndAdministrativeExpenses": 206169000,
    "otherExpenses": 282000,
    "operatingExpenses": 206451000,
    "costAndExpenses": 1375791000,
    "interestIncome": 0,
    "interestExpense": 0,
    "depreciationAndAmortization": 50693000,
    "ebitda": 144002000,
    "ebitdaratio": 0.0980205568,
    "operatingIncome": 93309000,
    "operatingIncomeRatio": 0.0635143966,
    "totalOtherIncomeExpensesNet": -14919000,
    "incomeBeforeTax": 78390000,
    "incomeBeforeTaxRatio": 0.0533591995,
    "incomeTaxExpense": 27045000,
    "netIncome": 51345000,
    "netIncomeRatio": 0.0349499694,
    "eps": 0.32,
    "epsdiluted": 0.31,
    "weightedAverageShsOut": 162012612,
    "weightedAverageShsOutDil": 165894396,
    "link": "https://www.sec.gov/Archives/edgar/data/91142/000089706903000237/0000897069-03-000237-index.htm",
    "finalLink": "https://www.sec.gov/Archives/edgar/data/91142/000089706903000237/irm178.txt"
  },
  {
    "date": "2001-12-31",
    "symbol": "AOS",
    "reportedCurrency": "USD",
    "cik": "0000091142",
    "fillingDate": "2002-02-21",
    "acceptedDate": "2002-02-21 00:00:00",
    "calendarYear": "2001",
    "period": "FY",
    "revenue": 1151156000,
    "costOfRevenue": 948815000,
    "grossProfit": 202341000,
    "grossProfitRatio": 0.1757720066,
    "researchAndDevelopmentExpenses": 0,
    "generalAndAdministrativeExpenses": 145742000,
    "sellingAndMarketingExpenses": 0,
    "sellingGeneralAndAdministrativeExpenses": 145742000,
    "otherExpenses": 6956000,
    "operatingExpenses": 152698000,
    "costAndExpenses": 1101513000,
    "interestIncome": 0,
    "interestExpense": 0,
    "depreciationAndAmortization": 47076000,
    "ebitda": 96719000,
    "ebitdaratio": 0.0840190209,
    "operatingIncome": 49643000,
    "operatingIncomeRatio": 0.0431244766,
    "totalOtherIncomeExpensesNet": -27157000,
    "incomeBeforeTax": 22486000,
    "incomeBeforeTaxRatio": 0.0195334082,
    "incomeTaxExpense": 7984000,
    "netIncome": 14502000,
    "netIncomeRatio": 0.0125977713,
    "eps": 0.1,
    "epsdiluted": 0.1,
    "weightedAverageShsOut": 141888816,
    "weightedAverageShsOutDil": 143488692,
    "link": "https://www.sec.gov/Archives/edgar/data/91142/000089706902000168/0000897069-02-000168-index.htm",
    "finalLink": "https://www.sec.gov/Archives/edgar/data/91142/000089706902000168/pdm263a.txt"
  },
  {
    "date": "2000-12-31",
    "symbol": "AOS",
    "reportedCurrency": "USD",
    "cik": "0000091142",
    "fillingDate": "2001-02-22",
    "acceptedDate": "2001-02-22 00:00:00",
    "calendarYear": "2000",
    "period": "FY",
    "revenue": 1247945000,
    "costOfRevenue": 999821000,
    "grossProfit": 248124000,
    "grossProfitRatio": 0.1988260701,
    "researchAndDevelopmentExpenses": 0,
    "generalAndAdministrativeExpenses": 153695000,
    "sellingAndMarketingExpenses": 0,
    "sellingGeneralAndAdministrativeExpenses": 153695000,
    "otherExpenses": 6932000,
    "operatingExpenses": 160627000,
    "costAndExpenses": 1160448000,
    "interestIncome": 0,
    "interestExpense": 0,
    "depreciationAndAmortization": 45059000,
    "ebitda": 132556000,
    "ebitdaratio": 0.1062194247,
    "operatingIncome": 87497000,
    "operatingIncomeRatio": 0.0701128656,
    "totalOtherIncomeExpensesNet": -22409000,
    "incomeBeforeTax": 65088000,
    "incomeBeforeTaxRatio": 0.0521561447,
    "incomeTaxExpense": 23432000,
    "netIncome": 29753000,
    "netIncomeRatio": 0.0238415956,
    "eps": 0.21,
    "epsdiluted": 0.21,
    "weightedAverageShsOut": 140377260,
    "weightedAverageShsOutDil": 142146852,
    "link": "https://www.sec.gov/Archives/edgar/data/91142/000089706901000175/0000897069-01-000175-index.htm",
    "finalLink": "https://www.sec.gov/Archives/edgar/data/91142/000089706901000175/0000897069-01-000175-0001.txt"
  },
  {
    "date": "1999-12-31",
    "symbol": "AOS",
    "reportedCurrency": "USD",
    "cik": "0000091142",
    "fillingDate": "2000-03-03",
    "acceptedDate": "2000-03-03 00:00:00",
    "calendarYear": "1999",
    "period": "FY",
    "revenue": 1070339000,
    "costOfRevenue": 832369000,
    "grossProfit": 206912000,
    "grossProfitRatio": 0.1933144546,
    "researchAndDevelopmentExpenses": 0,
    "generalAndAdministrativeExpenses": 110613000,
    "sellingAndMarketingExpenses": 0,
    "sellingGeneralAndAdministrativeExpenses": 110613000,
    "otherExpenses": 0,
    "operatingExpenses": 110613000,
    "costAndExpenses": 981038000,
    "interestIncome": 0,
    "interestExpense": 0,
    "depreciationAndAmortization": 37315000,
    "ebitda": 126616000,
    "ebitdaratio": 0.1182952317,
    "operatingIncome": 96299000,
    "operatingIncomeRatio": 0.0899705607,
    "totalOtherIncomeExpensesNet": -12209000,
    "incomeBeforeTax": 77092000,
    "incomeBeforeTaxRatio": 0.0720257787,
    "incomeTaxExpense": 26822000,
    "netIncome": 42422000,
    "netIncomeRatio": 0.039634172,
    "eps": 0.31,
    "epsdiluted": 0.3,
    "weightedAverageShsOut": 139088525,
    "weightedAverageShsOutDil": 142995506,
    "link": "https://www.sec.gov/Archives/edgar/data/91142/000089706900000134/0000897069-00-000134-index.html",
    "finalLink": "https://www.sec.gov/Archives/edgar/data/91142/000089706900000134/"
  },
  {
    "date": "1998-12-31",
    "symbol": "AOS",
    "reportedCurrency": "USD",
    "cik": "0000091142",
    "fillingDate": "1999-03-24",
    "acceptedDate": "1999-03-24 00:00:00",
    "calendarYear": "1998",
    "period": "FY",
    "revenue": 800803000,
    "costOfRevenue": 730543000,
    "grossProfit": 187026000,
    "grossProfitRatio": 0.2335480761,
    "researchAndDevelopmentExpenses": 0,
    "generalAndAdministrativeExpenses": 106622000,
    "sellingAndMarketingExpenses": 0,
    "sellingGeneralAndAdministrativeExpenses": 106622000,
    "otherExpenses": 0,
    "operatingExpenses": 106622000,
    "costAndExpenses": 730901000,
    "interestIncome": 0,
    "interestExpense": 0,
    "depreciationAndAmortization": 26466000,
    "ebitda": 96368000,
    "ebitdaratio": 0.1203392095,
    "operatingIncome": 80404000,
    "operatingIncomeRatio": 0.1004042193,
    "totalOtherIncomeExpensesNet": -6057000,
    "incomeBeforeTax": 63845000,
    "incomeBeforeTaxRatio": 0.0797262248,
    "incomeTaxExpense": 23189000,
    "netIncome": 44491000,
    "netIncomeRatio": 0.0555579837,
    "eps": 0.32,
    "epsdiluted": 0.31,
    "weightedAverageShsOut": 141241270,
    "weightedAverageShsOutDil": 145079348,
    "link": "https://www.sec.gov/Archives/edgar/data/91142/000089706999000150/0000897069-99-000150-index.html",
    "finalLink": "https://www.sec.gov/Archives/edgar/data/91142/"
  },
  {
    "date": "1997-12-31",
    "symbol": "AOS",
    "reportedCurrency": "USD",
    "cik": "0000091142",
    "fillingDate": "1998-03-23",
    "acceptedDate": "1998-03-23 00:00:00",
    "calendarYear": "1997",
    "period": "FY",
    "revenue": 678207000,
    "costOfRevenue": 662227000,
    "grossProfit": 170710000,
    "grossProfitRatio": 0.2517078119,
    "researchAndDevelopmentExpenses": 0,
    "generalAndAdministrativeExpenses": 106999000,
    "sellingAndMarketingExpenses": 0,
    "sellingGeneralAndAdministrativeExpenses": 106999000,
    "otherExpenses": 0,
    "operatingExpenses": 106999000,
    "costAndExpenses": 624351000,
    "interestIncome": 0,
    "interestExpense": 0,
    "depreciationAndAmortization": 21634000,
    "ebitda": 75490000,
    "ebitdaratio": 0.1113081994,
    "operatingIncome": 63711000,
    "operatingIncomeRatio": 0.0939403456,
    "totalOtherIncomeExpensesNet": -3421000,
    "incomeBeforeTax": 50435000,
    "incomeBeforeTaxRatio": 0.0743652012,
    "incomeTaxExpense": 18370000,
    "netIncome": 153830000,
    "netIncomeRatio": 0.2268186557,
    "eps": 0.62,
    "epsdiluted": 0.92,
    "weightedAverageShsOut": 167476758,
    "weightedAverageShsOutDil": 167476758,
    "link": "https://www.sec.gov/Archives/edgar/data/91142/000089706998000158/0000897069-98-000158-index.html",
    "finalLink": "https://www.sec.gov/Archives/edgar/data/91142/"
  },
  {
    "date": "1996-12-31",
    "symbol": "AOS",
    "reportedCurrency": "USD",
    "cik": "0000091142",
    "fillingDate": "1997-03-27",
    "acceptedDate": "1997-03-27 00:00:00",
    "calendarYear": "1996",
    "period": "FY",
    "revenue": 781193000,
    "costOfRevenue": 614218000,
    "grossProfit": 166975000,
    "grossProfitRatio": 0.2137435947,
    "researchAndDevelopmentExpenses": 0,
    "generalAndAdministrativeExpenses": 107350000,
    "sellingAndMarketingExpenses": 0,
    "sellingGeneralAndAdministrativeExpenses": 107350000,
    "otherExpenses": 0,
    "operatingExpenses": 107350000,
    "costAndExpenses": 721568000,
    "interestIncome": 0,
    "interestExpense": 0,
    "depreciationAndAmortization": 23601000,
    "ebitda": 83226000,
    "ebitdaratio": 0.1065370529,
    "operatingIncome": 59625000,
    "operatingIncomeRatio": 0.0763255687,
    "totalOtherIncomeExpensesNet": -17296000,
    "incomeBeforeTax": 42329000,
    "incomeBeforeTaxRatio": 0.0541850733,
    "incomeTaxExpense": 17080000,
    "netIncome": 65417000,
    "netIncomeRatio": 0.0837398697,
    "eps": 0.39,
    "epsdiluted": 0.39,
    "weightedAverageShsOut": 167476758,
    "weightedAverageShsOutDil": 167476758,
    "link": "https://www.sec.gov/Archives/edgar/data/91142/000089706997000150/0000897069-97-000150-index.html",
    "finalLink": "https://www.sec.gov/Archives/edgar/data/91142/"
  },
  {
    "date": "1995-12-31",
    "symbol": "AOS",
    "reportedCurrency": "USD",
    "cik": "0000091142",
    "fillingDate": "1996-03-26",
    "acceptedDate": "1996-03-26 00:00:00",
    "calendarYear": "1995",
    "period": "FY",
    "revenue": 696700000,
    "costOfRevenue": 1321591000,
    "grossProfit": 223179000,
    "grossProfitRatio": 0.3203373044,
    "researchAndDevelopmentExpenses": 0,
    "generalAndAdministrativeExpenses": 113018000,
    "sellingAndMarketingExpenses": 0,
    "sellingGeneralAndAdministrativeExpenses": 113018000,
    "otherExpenses": 0,
    "operatingExpenses": 113018000,
    "costAndExpenses": 646976000,
    "interestIncome": 0,
    "interestExpense": 0,
    "depreciationAndAmortization": 22166000,
    "ebitda": 71890000,
    "ebitdaratio": 0.1031864504,
    "operatingIncome": 110161000,
    "operatingIncomeRatio": 0.1581182719,
    "totalOtherIncomeExpensesNet": -12304000,
    "incomeBeforeTax": 37420000,
    "incomeBeforeTaxRatio": 0.0537103488,
    "incomeTaxExpense": 13425000,
    "netIncome": 61413000,
    "netIncomeRatio": 0.088148414,
    "eps": 0.37,
    "epsdiluted": 0.37,
    "weightedAverageShsOut": 167476758,
    "weightedAverageShsOutDil": 167476758,
    "link": "https://www.sec.gov/Archives/edgar/data/91142/000089706996000065/0000897069-96-000065-index.html",
    "finalLink": "https://www.sec.gov/Archives/edgar/data/91142/"
  },
  {
    "date": "1994-12-31",
    "symbol": "AOS",
    "reportedCurrency": "USD",
    "cik": "0000091142",
    "fillingDate": "1995-03-22",
    "acceptedDate": "1995-03-22 00:00:00",
    "calendarYear": "1994",
    "period": "FY",
    "revenue": 648004000,
    "costOfRevenue": 1162096000,
    "grossProfit": 211450000,
    "grossProfitRatio": 0.3263097141,
    "researchAndDevelopmentExpenses": 0,
    "generalAndAdministrativeExpenses": 108862000,
    "sellingAndMarketingExpenses": 0,
    "sellingGeneralAndAdministrativeExpenses": 108862000,
    "otherExpenses": 0,
    "operatingExpenses": 108862000,
    "costAndExpenses": 609110000,
    "interestIncome": 0,
    "interestExpense": 0,
    "depreciationAndAmortization": 21726000,
    "ebitda": 60620000,
    "ebitdaratio": 0.0935488053,
    "operatingIncome": 102588000,
    "operatingIncomeRatio": 0.1583138376,
    "totalOtherIncomeExpensesNet": -12196000,
    "incomeBeforeTax": 26698000,
    "incomeBeforeTaxRatio": 0.041200363,
    "incomeTaxExpense": 9632000,
    "netIncome": 57347000,
    "netIncomeRatio": 0.0884979105,
    "eps": 0.34,
    "epsdiluted": 0.34,
    "weightedAverageShsOut": 167476758,
    "weightedAverageShsOutDil": 167476758,
    "link": "https://www.sec.gov/Archives/edgar/data/91142/000089706995000025/0000897069-95-000025-index.html",
    "finalLink": "https://www.sec.gov/Archives/edgar/data/91142/"
  },
  {
    "date": "1993-12-31",
    "symbol": "AOS",
    "reportedCurrency": "USD",
    "cik": "0000091142",
    "fillingDate": "1994-03-23",
    "acceptedDate": "1994-03-23 00:00:00",
    "calendarYear": "1993",
    "period": "FY",
    "revenue": 1193870000,
    "costOfRevenue": 1015397000,
    "grossProfit": 178473000,
    "grossProfitRatio": 0.1494911506,
    "researchAndDevelopmentExpenses": 0,
    "generalAndAdministrativeExpenses": 96345000,
    "sellingAndMarketingExpenses": 0,
    "sellingGeneralAndAdministrativeExpenses": 96345000,
    "otherExpenses": 0,
    "operatingExpenses": 96345000,
    "costAndExpenses": 1111742000,
    "interestIncome": 0,
    "interestExpense": 0,
    "depreciationAndAmortization": 42607000,
    "ebitda": 124735000,
    "ebitdaratio": 0.1044795497,
    "operatingIncome": 82128000,
    "operatingIncomeRatio": 0.0687914094,
    "totalOtherIncomeExpensesNet": -11326000,
    "incomeBeforeTax": 70802000,
    "incomeBeforeTaxRatio": 0.0593046144,
    "incomeTaxExpense": 28124000,
    "netIncome": 42678000,
    "netIncomeRatio": 0.0357476107,
    "eps": 0.25,
    "epsdiluted": 0.25,
    "weightedAverageShsOut": 167476758,
    "weightedAverageShsOutDil": 167476758,
    "link": "https://www.sec.gov/Archives/edgar/data/91142/000089706994000053/0000897069-94-000053-index.html",
    "finalLink": "https://www.sec.gov/Archives/edgar/data/91142/"
  },
  {
    "date": "1992-12-31",
    "symbol": "AOS",
    "reportedCurrency": "USD",
    "cik": "0000091142",
    "fillingDate": "1992-12-31",
    "acceptedDate": "1992-12-30 19:00:00",
    "calendarYear": "1992",
    "period": "FY",
    "revenue": 1046300000,
    "costOfRevenue": 864200000,
    "grossProfit": 182100000,
    "grossProfitRatio": 0.1740418618,
    "researchAndDevelopmentExpenses": 0,
    "generalAndAdministrativeExpenses": 85600000,
    "sellingAndMarketingExpenses": 0,
    "sellingGeneralAndAdministrativeExpenses": 85600000,
    "otherExpenses": 39500000,
    "operatingExpenses": 125100000,
    "costAndExpenses": 989300000,
    "interestIncome": 0,
    "interestExpense": 0,
    "depreciationAndAmortization": -39500000,
    "ebitda": 93400000,
    "ebitdaratio": 0.0892669406,
    "operatingIncome": 57000000,
    "operatingIncomeRatio": 0.0544776833,
    "totalOtherIncomeExpensesNet": -14700000,
    "incomeBeforeTax": 42300000,
    "incomeBeforeTaxRatio": 0.0404281755,
    "incomeTaxExpense": 15100000,
    "netIncome": -17300000,
    "netIncomeRatio": -0.0165344547,
    "eps": -0.0988,
    "epsdiluted": -0.0988,
    "weightedAverageShsOut": 184284000,
    "weightedAverageShsOutDil": 184284000,
    "link": "",
    "finalLink": ""
  },
  {
    "date": "1991-12-31",
    "symbol": "AOS",
    "reportedCurrency": "USD",
    "cik": "0000091142",
    "fillingDate": "1991-12-31",
    "acceptedDate": "1991-12-30 19:00:00",
    "calendarYear": "1991",
    "period": "FY",
    "revenue": 879700000,
    "costOfRevenue": 754900000,
    "grossProfit": 124800000,
    "grossProfitRatio": 0.1418665454,
    "researchAndDevelopmentExpenses": 0,
    "generalAndAdministrativeExpenses": 0,
    "sellingAndMarketingExpenses": 0,
    "sellingGeneralAndAdministrativeExpenses": 68900000,
    "otherExpenses": 36200000,
    "operatingExpenses": 105100000,
    "costAndExpenses": 860000000,
    "interestIncome": 0,
    "interestExpense": 0,
    "depreciationAndAmortization": -36200000,
    "ebitda": 55000000,
    "ebitdaratio": 0.0625213141,
    "operatingIncome": 19700000,
    "operatingIncomeRatio": 0.022393998,
    "totalOtherIncomeExpensesNet": -11900000,
    "incomeBeforeTax": 7800000,
    "incomeBeforeTaxRatio": 0.0088666591,
    "incomeTaxExpense": 2800000,
    "netIncome": 5000000,
    "netIncomeRatio": 0.0056837558,
    "eps": 0.027,
    "epsdiluted": 0.027,
    "weightedAverageShsOut": 184284000,
    "weightedAverageShsOutDil": 184284000,
    "link": "",
    "finalLink": ""
  },
  {
    "date": "1990-12-31",
    "symbol": "AOS",
    "reportedCurrency": "USD",
    "cik": "0000091142",
    "fillingDate": "1990-12-31",
    "acceptedDate": "1990-12-30 19:00:00",
    "calendarYear": "1990",
    "period": "FY",
    "revenue": 935200000,
    "costOfRevenue": 779900000,
    "grossProfit": 155300000,
    "grossProfitRatio": 0.1660607357,
    "researchAndDevelopmentExpenses": 0,
    "generalAndAdministrativeExpenses": 0,
    "sellingAndMarketingExpenses": 0,
    "sellingGeneralAndAdministrativeExpenses": 68200000,
    "otherExpenses": 33500000,
    "operatingExpenses": 101700000,
    "costAndExpenses": 881600000,
    "interestIncome": 0,
    "interestExpense": 0,
    "depreciationAndAmortization": -33500000,
    "ebitda": 83100000,
    "ebitdaratio": 0.0888579983,
    "operatingIncome": 53600000,
    "operatingIncomeRatio": 0.0573139435,
    "totalOtherIncomeExpensesNet": -11400000,
    "incomeBeforeTax": 42200000,
    "incomeBeforeTaxRatio": 0.0451240376,
    "incomeTaxExpense": 11700000,
    "netIncome": 30500000,
    "netIncomeRatio": 0.0326133447,
    "eps": 0.17,
    "epsdiluted": 0.17,
    "weightedAverageShsOut": 184284000,
    "weightedAverageShsOutDil": 184284000,
    "link": "",
    "finalLink": ""
  },
  {
    "date": "1989-12-31",
    "symbol": "AOS",
    "reportedCurrency": "USD",
    "cik": "0000091142",
    "fillingDate": "1989-12-31",
    "acceptedDate": "1989-12-30 19:00:00",
    "calendarYear": "1989",
    "period": "FY",
    "revenue": 976300000,
    "costOfRevenue": 852300000,
    "grossProfit": 124000000,
    "grossProfitRatio": 0.1270101403,
    "researchAndDevelopmentExpenses": 0,
    "generalAndAdministrativeExpenses": 0,
    "sellingAndMarketingExpenses": 0,
    "sellingGeneralAndAdministrativeExpenses": 62900000,
    "otherExpenses": 31600000,
    "operatingExpenses": 94500000,
    "costAndExpenses": 946800000,
    "interestIncome": 0,
    "interestExpense": 0,
    "depreciationAndAmortization": -31600000,
    "ebitda": 61100000,
    "ebitdaratio": 0.0625832224,
    "operatingIncome": 29500000,
    "operatingIncomeRatio": 0.0302161221,
    "totalOtherIncomeExpensesNet": -33100000,
    "incomeBeforeTax": -3600000,
    "incomeBeforeTaxRatio": -0.0036873912,
    "incomeTaxExpense": 1400000,
    "netIncome": -5000000,
    "netIncomeRatio": -0.0051213766,
    "eps": -0.0271,
    "epsdiluted": -0.0271,
    "weightedAverageShsOut": 184284000,
    "weightedAverageShsOutDil": 184284000,
    "link": "",
    "finalLink": ""
  },
  {
    "date": "1988-12-31",
    "symbol": "AOS",
    "reportedCurrency": "USD",
    "cik": "0000091142",
    "fillingDate": "1988-12-31",
    "acceptedDate": "1988-12-30 19:00:00",
    "calendarYear": "1988",
    "period": "FY",
    "revenue": 1015400000,
    "costOfRevenue": 877300000,
    "grossProfit": 138100000,
    "grossProfitRatio": 0.1360055151,
    "researchAndDevelopmentExpenses": 0,
    "generalAndAdministrativeExpenses": 0,
    "sellingAndMarketingExpenses": 0,
    "sellingGeneralAndAdministrativeExpenses": 64600000,
    "otherExpenses": 30800000,
    "operatingExpenses": 95400000,
    "costAndExpenses": 972700000,
    "interestIncome": 0,
    "interestExpense": 0,
    "depreciationAndAmortization": 30800000,
    "ebitda": 73500000,
    "ebitdaratio": 0.0723852669,
    "operatingIncome": 42700000,
    "operatingIncomeRatio": 0.0420523931,
    "totalOtherIncomeExpensesNet": -12400000,
    "incomeBeforeTax": 30300000,
    "incomeBeforeTaxRatio": 0.029840457,
    "incomeTaxExpense": 11300000,
    "netIncome": 19000000,
    "netIncomeRatio": 0.0187118377,
    "eps": 0.1,
    "epsdiluted": 0.1,
    "weightedAverageShsOut": 184284000,
    "weightedAverageShsOutDil": 184284000,
    "link": "",
    "finalLink": ""
  },
  {
    "date": "1987-12-31",
    "symbol": "AOS",
    "reportedCurrency": "USD",
    "cik": "0000091142",
    "fillingDate": "1987-12-31",
    "acceptedDate": "1987-12-30 19:00:00",
    "calendarYear": "1987",
    "period": "FY",
    "revenue": 970400000,
    "costOfRevenue": 846300000,
    "grossProfit": 124100000,
    "grossProfitRatio": 0.1278854081,
    "researchAndDevelopmentExpenses": 0,
    "generalAndAdministrativeExpenses": 0,
    "sellingAndMarketingExpenses": 0,
    "sellingGeneralAndAdministrativeExpenses": 64200000,
    "otherExpenses": 28200000,
    "operatingExpenses": 92400000,
    "costAndExpenses": 938700000,
    "interestIncome": 0,
    "interestExpense": 0,
    "depreciationAndAmortization": 28200000,
    "ebitda": 59900000,
    "ebitdaratio": 0.0617271228,
    "operatingIncome": 31700000,
    "operatingIncomeRatio": 0.0326669415,
    "totalOtherIncomeExpensesNet": -6400000,
    "incomeBeforeTax": 25300000,
    "incomeBeforeTaxRatio": 0.026071723,
    "incomeTaxExpense": 9900000,
    "netIncome": 15400000,
    "netIncomeRatio": 0.0158697444,
    "eps": 0.084,
    "epsdiluted": 0.084,
    "weightedAverageShsOut": 184284000,
    "weightedAverageShsOutDil": 184284000,
    "link": "",
    "finalLink": ""
  },
  {
    "date": "1986-12-31",
    "symbol": "AOS",
    "reportedCurrency": "USD",
    "cik": "0000091142",
    "fillingDate": "1986-12-31",
    "acceptedDate": "1986-12-30 19:00:00",
    "calendarYear": "1986",
    "period": "FY",
    "revenue": 910900000,
    "costOfRevenue": 775200000,
    "grossProfit": 135700000,
    "grossProfitRatio": 0.1489735427,
    "researchAndDevelopmentExpenses": 0,
    "generalAndAdministrativeExpenses": 0,
    "sellingAndMarketingExpenses": 0,
    "sellingGeneralAndAdministrativeExpenses": 59200000,
    "otherExpenses": 25400000,
    "operatingExpenses": 84600000,
    "costAndExpenses": 859800000,
    "interestIncome": 0,
    "interestExpense": 0,
    "depreciationAndAmortization": 25400000,
    "ebitda": 76500000,
    "ebitdaratio": 0.0839828741,
    "operatingIncome": 51100000,
    "operatingIncomeRatio": 0.0560983643,
    "totalOtherIncomeExpensesNet": -1700000,
    "incomeBeforeTax": 49400000,
    "incomeBeforeTaxRatio": 0.0542320782,
    "incomeTaxExpense": 23300000,
    "netIncome": 29000000,
    "netIncomeRatio": 0.0318366451,
    "eps": 0.16,
    "epsdiluted": 0.16,
    "weightedAverageShsOut": 184284000,
    "weightedAverageShsOutDil": 184284000,
    "link": "",
    "finalLink": ""
  },
  {
    "date": "1985-12-31",
    "symbol": "AOS",
    "reportedCurrency": "USD",
    "cik": "0000091142",
    "fillingDate": "1985-12-31",
    "acceptedDate": "1985-12-30 19:00:00",
    "calendarYear": "1985",
    "period": "FY",
    "revenue": 897500000,
    "costOfRevenue": 764300000,
    "grossProfit": 133200000,
    "grossProfitRatio": 0.1484122563,
    "researchAndDevelopmentExpenses": 0,
    "generalAndAdministrativeExpenses": 0,
    "sellingAndMarketingExpenses": 0,
    "sellingGeneralAndAdministrativeExpenses": 58600000,
    "otherExpenses": 22000000,
    "operatingExpenses": 80600000,
    "costAndExpenses": 844900000,
    "interestIncome": 0,
    "interestExpense": 0,
    "depreciationAndAmortization": 22000000,
    "ebitda": 74600000,
    "ebitdaratio": 0.0831197772,
    "operatingIncome": 52600000,
    "operatingIncomeRatio": 0.0586072423,
    "totalOtherIncomeExpensesNet": -5800000,
    "incomeBeforeTax": 46800000,
    "incomeBeforeTaxRatio": 0.0521448468,
    "incomeTaxExpense": 19000000,
    "netIncome": 27800000,
    "netIncomeRatio": 0.0309749304,
    "eps": 0.15,
    "epsdiluted": 0.15,
    "weightedAverageShsOut": 184284000,
    "weightedAverageShsOutDil": 184284000,
    "link": "",
    "finalLink": ""
  }
]