[
  {
    "date": "2025-06-30",
    "symbol": "APA",
    "reportedCurrency": "USD",
    "cik": "0001841666",
    "fillingDate": "2025-08-07",
    "acceptedDate": "2025-08-07 14:04:39",
    "calendarYear": "2025",
    "period": "Q2",
    "revenue": 2178000000,
    "costOfRevenue": 1387000000,
    "grossProfit": 791000000,
    "grossProfitRatio": 0.3631772268,
    "researchAndDevelopmentExpenses": 0,
    "generalAndAdministrativeExpenses": 66000000,
    "sellingAndMarketingExpenses": 0,
    "sellingGeneralAndAdministrativeExpenses": 66000000,
    "otherExpenses": 54000000,
    "operatingExpenses": 120000000,
    "costAndExpenses": 1507000000,
    "interestIncome": 3000000,
    "interestExpense": 72000000,
    "depreciationAndAmortization": 530000000,
    "ebitda": 1628000000,
    "ebitdaratio": 0.7474747475,
    "operatingIncome": 671000000,
    "operatingIncomeRatio": 0.3080808081,
    "totalOtherIncomeExpensesNet": 357000000,
    "incomeBeforeTax": 1028000000,
    "incomeBeforeTaxRatio": 0.4719926538,
    "incomeTaxExpense": 363000000,
    "netIncome": 603000000,
    "netIncomeRatio": 0.2768595041,
    "eps": 1.67,
    "epsdiluted": 1.67,
    "weightedAverageShsOut": 362000000,
    "weightedAverageShsOutDil": 362000000,
    "link": "https://www.sec.gov/Archives/edgar/data/1841666/000184166625000014/0001841666-25-000014-index.htm",
    "finalLink": "https://www.sec.gov/Archives/edgar/data/1841666/000184166625000014/apa-20250630.htm"
  },
  {
    "date": "2025-03-31",
    "symbol": "APA",
    "reportedCurrency": "USD",
    "cik": "0001841666",
    "fillingDate": "2025-05-08",
    "acceptedDate": "2025-05-08 14:10:09",
    "calendarYear": "2025",
    "period": "Q1",
    "revenue": 2636000000,
    "costOfRevenue": 1697000000,
    "grossProfit": 939000000,
    "grossProfitRatio": 0.3562215478,
    "researchAndDevelopmentExpenses": 0,
    "generalAndAdministrativeExpenses": 98000000,
    "sellingAndMarketingExpenses": 0,
    "sellingGeneralAndAdministrativeExpenses": 98000000,
    "otherExpenses": 137000000,
    "operatingExpenses": 235000000,
    "costAndExpenses": 1863000000,
    "interestIncome": 4000000,
    "interestExpense": 89000000,
    "depreciationAndAmortization": 643000000,
    "ebitda": 1493000000,
    "ebitdaratio": 0.5663884674,
    "operatingIncome": 767000000,
    "operatingIncomeRatio": 0.2909711684,
    "totalOtherIncomeExpensesNet": -4000000,
    "incomeBeforeTax": 763000000,
    "incomeBeforeTaxRatio": 0.2894537178,
    "incomeTaxExpense": 345000000,
    "netIncome": 347000000,
    "netIncomeRatio": 0.1316388467,
    "eps": 0.95,
    "epsdiluted": 0.95,
    "weightedAverageShsOut": 364000000,
    "weightedAverageShsOutDil": 364000000,
    "link": "https://www.sec.gov/Archives/edgar/data/1841666/000204026625000012/0002040266-25-000012-index.htm",
    "finalLink": "https://www.sec.gov/Archives/edgar/data/1841666/000204026625000012/apa-20250331.htm"
  },
  {
    "date": "2024-12-31",
    "symbol": "APA",
    "reportedCurrency": "USD",
    "cik": "0001841666",
    "fillingDate": "2025-02-28",
    "acceptedDate": "2025-02-28 16:11:07",
    "calendarYear": "2024",
    "period": "Q4",
    "revenue": 2712000000,
    "costOfRevenue": 1613000000,
    "grossProfit": 1099000000,
    "grossProfitRatio": 0.4052359882,
    "researchAndDevelopmentExpenses": 0,
    "generalAndAdministrativeExpenses": 102000000,
    "sellingAndMarketingExpenses": 0,
    "sellingGeneralAndAdministrativeExpenses": 102000000,
    "otherExpenses": 166000000,
    "operatingExpenses": 268000000,
    "costAndExpenses": 1881000000,
    "interestIncome": 4000000,
    "interestExpense": 95000000,
    "depreciationAndAmortization": 742000000,
    "ebitda": 1337000000,
    "ebitdaratio": 0.4929941003,
    "operatingIncome": 831000000,
    "operatingIncomeRatio": 0.3064159292,
    "totalOtherIncomeExpensesNet": -331000000,
    "incomeBeforeTax": 500000000,
    "incomeBeforeTaxRatio": 0.1843657817,
    "incomeTaxExpense": 75000000,
    "netIncome": 354000000,
    "netIncomeRatio": 0.1305309735,
    "eps": 0.96,
    "epsdiluted": 0.96,
    "weightedAverageShsOut": 369000000,
    "weightedAverageShsOutDil": 369000000,
    "link": "https://www.sec.gov/Archives/edgar/data/1841666/000204026625000007/0002040266-25-000007-index.htm",
    "finalLink": "https://www.sec.gov/Archives/edgar/data/1841666/000204026625000007/apa-20241231.htm"
  },
  {
    "date": "2024-09-30",
    "symbol": "APA",
    "reportedCurrency": "USD",
    "cik": "0001841666",
    "fillingDate": "2024-11-07",
    "acceptedDate": "2024-11-07 16:55:38",
    "calendarYear": "2024",
    "period": "Q3",
    "revenue": 2531000000,
    "costOfRevenue": 1428000000,
    "grossProfit": 1103000000,
    "grossProfitRatio": 0.435796128,
    "researchAndDevelopmentExpenses": 0,
    "generalAndAdministrativeExpenses": 92000000,
    "sellingAndMarketingExpenses": 0,
    "sellingGeneralAndAdministrativeExpenses": 92000000,
    "otherExpenses": 135000000,
    "operatingExpenses": 227000000,
    "costAndExpenses": 1655000000,
    "interestIncome": 1000000,
    "interestExpense": 101000000,
    "depreciationAndAmortization": 595000000,
    "ebitda": 356000000,
    "ebitdaratio": 0.1406558672,
    "operatingIncome": 876000000,
    "operatingIncomeRatio": 0.3461082576,
    "totalOtherIncomeExpensesNet": -1216000000,
    "incomeBeforeTax": -340000000,
    "incomeBeforeTaxRatio": -0.1343342552,
    "incomeTaxExpense": -201000000,
    "netIncome": -223000000,
    "netIncomeRatio": -0.0881074674,
    "eps": -0.6,
    "epsdiluted": -0.6,
    "weightedAverageShsOut": 370000000,
    "weightedAverageShsOutDil": 370000000,
    "link": "https://www.sec.gov/Archives/edgar/data/1841666/000204026624000003/0002040266-24-000003-index.htm",
    "finalLink": "https://www.sec.gov/Archives/edgar/data/1841666/000204026624000003/apa-20240930.htm"
  },
  {
    "date": "2024-06-30",
    "symbol": "APA",
    "reportedCurrency": "USD",
    "cik": "0001841666",
    "fillingDate": "2024-08-02",
    "acceptedDate": "2024-08-01 18:19:09",
    "calendarYear": "2024",
    "period": "Q2",
    "revenue": 2543000000,
    "costOfRevenue": 1379000000,
    "grossProfit": 1164000000,
    "grossProfitRatio": 0.457727094,
    "researchAndDevelopmentExpenses": 0,
    "generalAndAdministrativeExpenses": 85000000,
    "sellingAndMarketingExpenses": 0,
    "sellingGeneralAndAdministrativeExpenses": 85000000,
    "otherExpenses": 185000000,
    "operatingExpenses": 270000000,
    "costAndExpenses": 1649000000,
    "interestIncome": 3000000,
    "interestExpense": 103000000,
    "depreciationAndAmortization": 665000000,
    "ebitda": 1696000000,
    "ebitdaratio": 0.6669288242,
    "operatingIncome": 894000000,
    "operatingIncomeRatio": 0.3515532835,
    "totalOtherIncomeExpensesNet": 34000000,
    "incomeBeforeTax": 928000000,
    "incomeBeforeTaxRatio": 0.3649233189,
    "incomeTaxExpense": 308000000,
    "netIncome": 541000000,
    "netIncomeRatio": 0.2127408573,
    "eps": 1.46,
    "epsdiluted": 1.46,
    "weightedAverageShsOut": 371000000,
    "weightedAverageShsOutDil": 372000000,
    "link": "https://www.sec.gov/Archives/edgar/data/1841666/000178403124000013/0001784031-24-000013-index.htm",
    "finalLink": "https://www.sec.gov/Archives/edgar/data/1841666/000178403124000013/apa-20240630.htm"
  },
  {
    "date": "2024-03-31",
    "symbol": "APA",
    "reportedCurrency": "USD",
    "cik": "0001841666",
    "fillingDate": "2024-05-02",
    "acceptedDate": "2024-05-02 15:07:11",
    "calendarYear": "2024",
    "period": "Q1",
    "revenue": 1951000000,
    "costOfRevenue": 1203000000,
    "grossProfit": 748000000,
    "grossProfitRatio": 0.3833931317,
    "researchAndDevelopmentExpenses": 0,
    "generalAndAdministrativeExpenses": 93000000,
    "sellingAndMarketingExpenses": 0,
    "sellingGeneralAndAdministrativeExpenses": 93000000,
    "otherExpenses": 57000000,
    "operatingExpenses": 150000000,
    "costAndExpenses": 1353000000,
    "interestIncome": 3000000,
    "interestExpense": 79000000,
    "depreciationAndAmortization": 430000000,
    "ebitda": 955000000,
    "ebitdaratio": 0.4894925679,
    "operatingIncome": 598000000,
    "operatingIncomeRatio": 0.3065094823,
    "totalOtherIncomeExpensesNet": -151000000,
    "incomeBeforeTax": 447000000,
    "incomeBeforeTaxRatio": 0.2291132752,
    "incomeTaxExpense": 235000000,
    "netIncome": 132000000,
    "netIncomeRatio": 0.0676576115,
    "eps": 0.44,
    "epsdiluted": 0.44,
    "weightedAverageShsOut": 302000000,
    "weightedAverageShsOutDil": 302000000,
    "link": "https://www.sec.gov/Archives/edgar/data/1841666/000178403124000008/0001784031-24-000008-index.htm",
    "finalLink": "https://www.sec.gov/Archives/edgar/data/1841666/000178403124000008/apa-20240331.htm"
  },
  {
    "date": "2023-12-31",
    "symbol": "APA",
    "reportedCurrency": "USD",
    "cik": "0001841666",
    "fillingDate": "2024-02-22",
    "acceptedDate": "2024-02-22 17:17:31",
    "calendarYear": "2023",
    "period": "Q4",
    "revenue": 2167000000,
    "costOfRevenue": 1056000000,
    "grossProfit": 1111000000,
    "grossProfitRatio": 0.5126903553,
    "researchAndDevelopmentExpenses": 0,
    "generalAndAdministrativeExpenses": 75000000,
    "sellingAndMarketingExpenses": 0,
    "sellingGeneralAndAdministrativeExpenses": 75000000,
    "otherExpenses": 125000000,
    "operatingExpenses": 200000000,
    "costAndExpenses": 1256000000,
    "interestIncome": 3000000,
    "interestExpense": 80000000,
    "depreciationAndAmortization": 476000000,
    "ebitda": 1096000000,
    "ebitdaratio": 0.5057683433,
    "operatingIncome": 911000000,
    "operatingIncomeRatio": 0.420396862,
    "totalOtherIncomeExpensesNet": -371000000,
    "incomeBeforeTax": 540000000,
    "incomeBeforeTaxRatio": 0.2491924319,
    "incomeTaxExpense": -1324000000,
    "netIncome": 1773000000,
    "netIncomeRatio": 0.8181818182,
    "eps": 5.79,
    "epsdiluted": 5.78,
    "weightedAverageShsOut": 306000000,
    "weightedAverageShsOutDil": 307000000,
    "link": "https://www.sec.gov/Archives/edgar/data/1841666/000178403124000003/0001784031-24-000003-index.htm",
    "finalLink": "https://www.sec.gov/Archives/edgar/data/1841666/000178403124000003/apa-20231231.htm"
  },
  {
    "date": "2023-09-30",
    "symbol": "APA",
    "reportedCurrency": "USD",
    "cik": "0001841666",
    "fillingDate": "2023-11-02",
    "acceptedDate": "2023-11-02 14:38:02",
    "calendarYear": "2023",
    "period": "Q3",
    "revenue": 2308000000,
    "costOfRevenue": 1112000000,
    "grossProfit": 1196000000,
    "grossProfitRatio": 0.5181975737,
    "researchAndDevelopmentExpenses": 0,
    "generalAndAdministrativeExpenses": 139000000,
    "sellingAndMarketingExpenses": 0,
    "sellingGeneralAndAdministrativeExpenses": 139000000,
    "otherExpenses": 139000000,
    "operatingExpenses": 278000000,
    "costAndExpenses": 1390000000,
    "interestIncome": 2000000,
    "interestExpense": 83000000,
    "depreciationAndAmortization": 474000000,
    "ebitda": 1390000000,
    "ebitdaratio": 0.6022530329,
    "operatingIncome": 918000000,
    "operatingIncomeRatio": 0.3977469671,
    "totalOtherIncomeExpensesNet": -85000000,
    "incomeBeforeTax": 833000000,
    "incomeBeforeTaxRatio": 0.3609185442,
    "incomeTaxExpense": 278000000,
    "netIncome": 459000000,
    "netIncomeRatio": 0.1988734835,
    "eps": 1.49,
    "epsdiluted": 1.49,
    "weightedAverageShsOut": 308000000,
    "weightedAverageShsOutDil": 308000000,
    "link": "https://www.sec.gov/Archives/edgar/data/1841666/000178403123000025/0001784031-23-000025-index.htm",
    "finalLink": "https://www.sec.gov/Archives/edgar/data/1841666/000178403123000025/apa-20230930.htm"
  },
  {
    "date": "2023-06-30",
    "symbol": "APA",
    "reportedCurrency": "USD",
    "cik": "0001841666",
    "fillingDate": "2023-08-03",
    "acceptedDate": "2023-08-03 14:03:46",
    "calendarYear": "2023",
    "period": "Q2",
    "revenue": 1796000000,
    "costOfRevenue": 937000000,
    "grossProfit": 859000000,
    "grossProfitRatio": 0.478285078,
    "researchAndDevelopmentExpenses": 0,
    "generalAndAdministrativeExpenses": 72000000,
    "sellingAndMarketingExpenses": 0,
    "sellingGeneralAndAdministrativeExpenses": 72000000,
    "otherExpenses": 122000000,
    "operatingExpenses": 194000000,
    "costAndExpenses": 1022000000,
    "interestIncome": 3000000,
    "interestExpense": 85000000,
    "depreciationAndAmortization": 425000000,
    "ebitda": 1210000000,
    "ebitdaratio": 0.6737193764,
    "operatingIncome": 665000000,
    "operatingIncomeRatio": 0.3702672606,
    "totalOtherIncomeExpensesNet": 35000000,
    "incomeBeforeTax": 700000000,
    "incomeBeforeTaxRatio": 0.3897550111,
    "incomeTaxExpense": 238000000,
    "netIncome": 381000000,
    "netIncomeRatio": 0.2121380846,
    "eps": 1.24,
    "epsdiluted": 1.23,
    "weightedAverageShsOut": 308000000,
    "weightedAverageShsOutDil": 309000000,
    "link": "https://www.sec.gov/Archives/edgar/data/1841666/000178403123000019/0001784031-23-000019-index.htm",
    "finalLink": "https://www.sec.gov/Archives/edgar/data/1841666/000178403123000019/apa-20230630.htm"
  },
  {
    "date": "2023-03-31",
    "symbol": "APA",
    "reportedCurrency": "USD",
    "cik": "0001841666",
    "fillingDate": "2023-05-04",
    "acceptedDate": "2023-05-04 14:39:58",
    "calendarYear": "2023",
    "period": "Q1",
    "revenue": 2008000000,
    "costOfRevenue": 947000000,
    "grossProfit": 1061000000,
    "grossProfitRatio": 0.5283864542,
    "researchAndDevelopmentExpenses": 0,
    "generalAndAdministrativeExpenses": 65000000,
    "sellingAndMarketingExpenses": 0,
    "sellingGeneralAndAdministrativeExpenses": 65000000,
    "otherExpenses": 164000000,
    "operatingExpenses": 229000000,
    "costAndExpenses": 1176000000,
    "interestIncome": 2000000,
    "interestExpense": 83000000,
    "depreciationAndAmortization": 332000000,
    "ebitda": 1288000000,
    "ebitdaratio": 0.6414342629,
    "operatingIncome": 832000000,
    "operatingIncomeRatio": 0.4143426295,
    "totalOtherIncomeExpensesNet": -22000000,
    "incomeBeforeTax": 810000000,
    "incomeBeforeTaxRatio": 0.4033864542,
    "incomeTaxExpense": 484000000,
    "netIncome": 242000000,
    "netIncomeRatio": 0.1205179283,
    "eps": 0.78,
    "epsdiluted": 0.78,
    "weightedAverageShsOut": 311000000,
    "weightedAverageShsOutDil": 312000000,
    "link": "https://www.sec.gov/Archives/edgar/data/1841666/000178403123000013/0001784031-23-000013-index.htm",
    "finalLink": "https://www.sec.gov/Archives/edgar/data/1841666/000178403123000013/apa-20230331.htm"
  },
  {
    "date": "2022-12-31",
    "symbol": "APA",
    "reportedCurrency": "USD",
    "cik": "0001841666",
    "fillingDate": "2023-02-23",
    "acceptedDate": "2023-02-23 15:05:11",
    "calendarYear": "2022",
    "period": "Q4",
    "revenue": 2472000000,
    "costOfRevenue": 1148000000,
    "grossProfit": 1324000000,
    "grossProfitRatio": 0.5355987055,
    "researchAndDevelopmentExpenses": 0,
    "generalAndAdministrativeExpenses": 169000000,
    "sellingAndMarketingExpenses": 0,
    "sellingGeneralAndAdministrativeExpenses": 169000000,
    "otherExpenses": 139000000,
    "operatingExpenses": 308000000,
    "costAndExpenses": 1456000000,
    "interestIncome": 2000000,
    "interestExpense": 78000000,
    "depreciationAndAmortization": 354000000,
    "ebitda": 1234000000,
    "ebitdaratio": 0.4991909385,
    "operatingIncome": 1016000000,
    "operatingIncomeRatio": 0.4110032362,
    "totalOtherIncomeExpensesNet": -214000000,
    "incomeBeforeTax": 802000000,
    "incomeBeforeTaxRatio": 0.324433657,
    "incomeTaxExpense": 263000000,
    "netIncome": 443000000,
    "netIncomeRatio": 0.1792071197,
    "eps": 1.38,
    "epsdiluted": 1.38,
    "weightedAverageShsOut": 321000000,
    "weightedAverageShsOutDil": 322000000,
    "link": "https://www.sec.gov/Archives/edgar/data/1841666/000178403123000007/0001784031-23-000007-index.htm",
    "finalLink": "https://www.sec.gov/Archives/edgar/data/1841666/000178403123000007/apa-20221231.htm"
  },
  {
    "date": "2022-09-30",
    "symbol": "APA",
    "reportedCurrency": "USD",
    "cik": "0001841666",
    "fillingDate": "2022-11-03",
    "acceptedDate": "2022-11-03 13:37:06",
    "calendarYear": "2022",
    "period": "Q3",
    "revenue": 2887000000,
    "costOfRevenue": 1346000000,
    "grossProfit": 1541000000,
    "grossProfitRatio": 0.5337720817,
    "researchAndDevelopmentExpenses": 0,
    "generalAndAdministrativeExpenses": 69000000,
    "sellingAndMarketingExpenses": 0,
    "sellingGeneralAndAdministrativeExpenses": 69000000,
    "otherExpenses": 206000000,
    "operatingExpenses": 275000000,
    "costAndExpenses": 1621000000,
    "interestIncome": 1000000,
    "interestExpense": 76000000,
    "depreciationAndAmortization": 421000000,
    "ebitda": 1669000000,
    "ebitdaratio": 0.5781087634,
    "operatingIncome": 1266000000,
    "operatingIncomeRatio": 0.4385174922,
    "totalOtherIncomeExpensesNet": -94000000,
    "incomeBeforeTax": 1172000000,
    "incomeBeforeTaxRatio": 0.4059577416,
    "incomeTaxExpense": 642000000,
    "netIncome": 422000000,
    "netIncomeRatio": 0.1461724974,
    "eps": 1.28,
    "epsdiluted": 1.28,
    "weightedAverageShsOut": 329000000,
    "weightedAverageShsOutDil": 330000000,
    "link": "https://www.sec.gov/Archives/edgar/data/1841666/000178403122000028/0001784031-22-000028-index.htm",
    "finalLink": "https://www.sec.gov/Archives/edgar/data/1841666/000178403122000028/apa-20220930.htm"
  },
  {
    "date": "2022-06-30",
    "symbol": "APA",
    "reportedCurrency": "USD",
    "cik": "0001841666",
    "fillingDate": "2022-08-04",
    "acceptedDate": "2022-08-04 16:03:30",
    "calendarYear": "2022",
    "period": "Q2",
    "revenue": 3047000000,
    "costOfRevenue": 1259000000,
    "grossProfit": 1788000000,
    "grossProfitRatio": 0.5868066951,
    "researchAndDevelopmentExpenses": 0,
    "generalAndAdministrativeExpenses": 89000000,
    "sellingAndMarketingExpenses": 0,
    "sellingGeneralAndAdministrativeExpenses": 89000000,
    "otherExpenses": 163000000,
    "operatingExpenses": 143000000,
    "costAndExpenses": 1447000000,
    "interestIncome": 3000000,
    "interestExpense": 79000000,
    "depreciationAndAmortization": 278000000,
    "ebitda": 1886000000,
    "ebitdaratio": 0.6189694782,
    "operatingIncome": 1536000000,
    "operatingIncomeRatio": 0.5041023958,
    "totalOtherIncomeExpensesNet": -74000000,
    "incomeBeforeTax": 1462000000,
    "incomeBeforeTaxRatio": 0.4798162127,
    "incomeTaxExpense": 395000000,
    "netIncome": 926000000,
    "netIncomeRatio": 0.3039054808,
    "eps": 2.72,
    "epsdiluted": 2.71,
    "weightedAverageShsOut": 341000000,
    "weightedAverageShsOutDil": 342000000,
    "link": "https://www.sec.gov/Archives/edgar/data/1841666/000178403122000021/0001784031-22-000021-index.htm",
    "finalLink": "https://www.sec.gov/Archives/edgar/data/1841666/000178403122000021/apa-20220630.htm"
  },
  {
    "date": "2022-03-31",
    "symbol": "APA",
    "reportedCurrency": "USD",
    "cik": "0001841666",
    "fillingDate": "2022-05-05",
    "acceptedDate": "2022-05-05 16:11:18",
    "calendarYear": "2022",
    "period": "Q1",
    "revenue": 2669000000,
    "costOfRevenue": 1067000000,
    "grossProfit": 1602000000,
    "grossProfitRatio": 0.6002248033,
    "researchAndDevelopmentExpenses": 0,
    "generalAndAdministrativeExpenses": 156000000,
    "sellingAndMarketingExpenses": 0,
    "sellingGeneralAndAdministrativeExpenses": 156000000,
    "otherExpenses": 96000000,
    "operatingExpenses": 252000000,
    "costAndExpenses": 1319000000,
    "interestIncome": 4000000,
    "interestExpense": 89000000,
    "depreciationAndAmortization": 329000000,
    "ebitda": 2716000000,
    "ebitdaratio": 1.0176095916,
    "operatingIncome": 2920000000,
    "operatingIncomeRatio": 1.0940427126,
    "totalOtherIncomeExpensesNet": -622000000,
    "incomeBeforeTax": 2298000000,
    "incomeBeforeTaxRatio": 0.860996628,
    "incomeTaxExpense": 352000000,
    "netIncome": 1883000000,
    "netIncomeRatio": 0.7055076808,
    "eps": 5.44,
    "epsdiluted": 5.43,
    "weightedAverageShsOut": 346000000,
    "weightedAverageShsOutDil": 347000000,
    "link": "https://www.sec.gov/Archives/edgar/data/1841666/000178403122000015/0001784031-22-000015-index.htm",
    "finalLink": "https://www.sec.gov/Archives/edgar/data/1841666/000178403122000015/apa-20220331.htm"
  },
  {
    "date": "2021-12-31",
    "symbol": "APA",
    "reportedCurrency": "USD",
    "cik": "0001841666",
    "fillingDate": "2022-02-22",
    "acceptedDate": "2022-02-22 14:30:58",
    "calendarYear": "2021",
    "period": "Q4",
    "revenue": 2299000000,
    "costOfRevenue": 1187000000,
    "grossProfit": 1112000000,
    "grossProfitRatio": 0.4836885602,
    "researchAndDevelopmentExpenses": 0,
    "generalAndAdministrativeExpenses": 137000000,
    "sellingAndMarketingExpenses": 0,
    "sellingGeneralAndAdministrativeExpenses": 137000000,
    "otherExpenses": -55000000,
    "operatingExpenses": 213000000,
    "costAndExpenses": 1453000000,
    "interestIncome": 2000000,
    "interestExpense": 94000000,
    "depreciationAndAmortization": 390000000,
    "ebitda": 1138000000,
    "ebitdaratio": 0.4949978251,
    "operatingIncome": 732000000,
    "operatingIncomeRatio": 0.318399304,
    "totalOtherIncomeExpensesNet": -78000000,
    "incomeBeforeTax": 654000000,
    "incomeBeforeTaxRatio": 0.2844715094,
    "incomeTaxExpense": 169000000,
    "netIncome": 382000000,
    "netIncomeRatio": 0.1661591997,
    "eps": 1.06,
    "epsdiluted": 1.05,
    "weightedAverageShsOut": 361000000,
    "weightedAverageShsOutDil": 362000000,
    "link": "https://www.sec.gov/Archives/edgar/data/1841666/000178403122000009/0001784031-22-000009-index.htm",
    "finalLink": "https://www.sec.gov/Archives/edgar/data/1841666/000178403122000009/apa-20211231.htm"
  },
  {
    "date": "2021-09-30",
    "symbol": "APA",
    "reportedCurrency": "USD",
    "cik": "0001841666",
    "fillingDate": "2021-11-05",
    "acceptedDate": "2021-11-04 19:30:46",
    "calendarYear": "2021",
    "period": "Q3",
    "revenue": 2059000000,
    "costOfRevenue": 1115000000,
    "grossProfit": 944000000,
    "grossProfitRatio": 0.4584749879,
    "researchAndDevelopmentExpenses": 0,
    "generalAndAdministrativeExpenses": 70000000,
    "sellingAndMarketingExpenses": 0,
    "sellingGeneralAndAdministrativeExpenses": 70000000,
    "otherExpenses": 77000000,
    "operatingExpenses": 147000000,
    "costAndExpenses": 1302000000,
    "interestIncome": 1000000,
    "interestExpense": 101000000,
    "depreciationAndAmortization": 364000000,
    "ebitda": 587000000,
    "ebitdaratio": 0.2850898494,
    "operatingIncome": 797000000,
    "operatingIncomeRatio": 0.3870811073,
    "totalOtherIncomeExpensesNet": -675000000,
    "incomeBeforeTax": 122000000,
    "incomeBeforeTaxRatio": 0.0592520641,
    "incomeTaxExpense": 152000000,
    "netIncome": -113000000,
    "netIncomeRatio": -0.0548810102,
    "eps": -0.3,
    "epsdiluted": -0.3,
    "weightedAverageShsOut": 379000000,
    "weightedAverageShsOutDil": 379000000,
    "link": "https://www.sec.gov/Archives/edgar/data/1841666/000167337921000029/0001673379-21-000029-index.htm",
    "finalLink": "https://www.sec.gov/Archives/edgar/data/1841666/000167337921000029/apa-20210930.htm"
  },
  {
    "date": "2021-06-30",
    "symbol": "APA",
    "reportedCurrency": "USD",
    "cik": "0001841666",
    "fillingDate": "2021-08-05",
    "acceptedDate": "2021-08-05 15:54:09",
    "calendarYear": "2021",
    "period": "Q2",
    "revenue": 1756000000,
    "costOfRevenue": 985000000,
    "grossProfit": 771000000,
    "grossProfitRatio": 0.4390660592,
    "researchAndDevelopmentExpenses": 0,
    "generalAndAdministrativeExpenses": 86000000,
    "sellingAndMarketingExpenses": 0,
    "sellingGeneralAndAdministrativeExpenses": 86000000,
    "otherExpenses": 31000000,
    "operatingExpenses": 117000000,
    "costAndExpenses": 1176000000,
    "interestIncome": 3000000,
    "interestExpense": 111000000,
    "depreciationAndAmortization": 379000000,
    "ebitda": 985000000,
    "ebitdaratio": 0.5609339408,
    "operatingIncome": 580000000,
    "operatingIncomeRatio": 0.3302961276,
    "totalOtherIncomeExpensesNet": -85000000,
    "incomeBeforeTax": 495000000,
    "incomeBeforeTaxRatio": 0.2818906606,
    "incomeTaxExpense": 87000000,
    "netIncome": 316000000,
    "netIncomeRatio": 0.1799544419,
    "eps": 0.83,
    "epsdiluted": 0.82,
    "weightedAverageShsOut": 378000000,
    "weightedAverageShsOutDil": 379000000,
    "link": "https://www.sec.gov/Archives/edgar/data/1841666/000187113321000007/0001871133-21-000007-index.htm",
    "finalLink": "https://www.sec.gov/Archives/edgar/data/1841666/000187113321000007/apa-20210630.htm"
  },
  {
    "date": "2021-03-31",
    "symbol": "APA",
    "reportedCurrency": "USD",
    "cik": "0001841666",
    "fillingDate": "2021-05-07",
    "acceptedDate": "2021-05-06 20:23:57",
    "calendarYear": "2021",
    "period": "Q1",
    "revenue": 1871000000,
    "costOfRevenue": 1158000000,
    "grossProfit": 713000000,
    "grossProfitRatio": 0.3810796366,
    "researchAndDevelopmentExpenses": 0,
    "generalAndAdministrativeExpenses": 83000000,
    "sellingAndMarketingExpenses": 0,
    "sellingGeneralAndAdministrativeExpenses": 83000000,
    "otherExpenses": 60000000,
    "operatingExpenses": 143000000,
    "costAndExpenses": 1362000000,
    "interestIncome": 2000000,
    "interestExpense": 112000000,
    "depreciationAndAmortization": 342000000,
    "ebitda": 1102000000,
    "ebitdaratio": 0.588989845,
    "operatingIncome": 1004000000,
    "operatingIncomeRatio": 0.5366114377,
    "totalOtherIncomeExpensesNet": -384000000,
    "incomeBeforeTax": 620000000,
    "incomeBeforeTaxRatio": 0.331373597,
    "incomeTaxExpense": 170000000,
    "netIncome": 388000000,
    "netIncomeRatio": 0.2073757349,
    "eps": 1.02,
    "epsdiluted": 1.02,
    "weightedAverageShsOut": 378000000,
    "weightedAverageShsOutDil": 379000000,
    "link": "https://www.sec.gov/Archives/edgar/data/1841666/000167337921000012/0001673379-21-000012-index.htm",
    "finalLink": "https://www.sec.gov/Archives/edgar/data/1841666/000167337921000012/apa-20210331.htm"
  },
  {
    "date": "2020-12-31",
    "symbol": "APA",
    "reportedCurrency": "USD",
    "cik": "0001841666",
    "fillingDate": "2021-02-26",
    "acceptedDate": "2021-02-25 20:20:42",
    "calendarYear": "2020",
    "period": "Q4",
    "revenue": 1219000000,
    "costOfRevenue": 877000000,
    "grossProfit": 342000000,
    "grossProfitRatio": 0.2805578343,
    "researchAndDevelopmentExpenses": 0,
    "generalAndAdministrativeExpenses": 76000000,
    "sellingAndMarketingExpenses": 0,
    "sellingGeneralAndAdministrativeExpenses": 76000000,
    "otherExpenses": 125000000,
    "operatingExpenses": 201000000,
    "costAndExpenses": 1101000000,
    "interestIncome": 3000000,
    "interestExpense": 110000000,
    "depreciationAndAmortization": 491000000,
    "ebitda": 568000000,
    "ebitdaratio": 0.4659557014,
    "operatingIncome": 141000000,
    "operatingIncomeRatio": 0.1156685808,
    "totalOtherIncomeExpensesNet": -71000000,
    "incomeBeforeTax": 70000000,
    "incomeBeforeTaxRatio": 0.0574241181,
    "incomeTaxExpense": 15000000,
    "netIncome": 30000000,
    "netIncomeRatio": 0.0246103363,
    "eps": 0.03,
    "epsdiluted": -0.04,
    "weightedAverageShsOut": 378000000,
    "weightedAverageShsOutDil": 378000000,
    "link": "https://www.sec.gov/Archives/edgar/data/6769/000167337921000007/0001673379-21-000007-index.htm",
    "finalLink": "https://www.sec.gov/Archives/edgar/data/6769/000167337921000007/apa-20201231.htm"
  },
  {
    "date": "2020-09-30",
    "symbol": "APA",
    "reportedCurrency": "USD",
    "cik": "0001841666",
    "fillingDate": "2020-11-05",
    "acceptedDate": "2020-11-05 16:12:17",
    "calendarYear": "2020",
    "period": "Q3",
    "revenue": 1120000000,
    "costOfRevenue": 795000000,
    "grossProfit": 325000000,
    "grossProfitRatio": 0.2901785714,
    "researchAndDevelopmentExpenses": 0,
    "generalAndAdministrativeExpenses": 52000000,
    "sellingAndMarketingExpenses": 0,
    "sellingGeneralAndAdministrativeExpenses": 52000000,
    "otherExpenses": 110000000,
    "operatingExpenses": 162000000,
    "costAndExpenses": 966000000,
    "interestIncome": 1000000,
    "interestExpense": 112000000,
    "depreciationAndAmortization": 398000000,
    "ebitda": 580000000,
    "ebitdaratio": 0.5178571429,
    "operatingIncome": 163000000,
    "operatingIncomeRatio": 0.1455357143,
    "totalOtherIncomeExpensesNet": -91000000,
    "incomeBeforeTax": 72000000,
    "incomeBeforeTaxRatio": 0.0642857143,
    "incomeTaxExpense": 31000000,
    "netIncome": 15000000,
    "netIncomeRatio": 0.0133928571,
    "eps": -0.01,
    "epsdiluted": -0.02,
    "weightedAverageShsOut": 378000000,
    "weightedAverageShsOutDil": 378000000,
    "link": "https://www.sec.gov/Archives/edgar/data/6769/000173303720000018/0001733037-20-000018-index.htm",
    "finalLink": "https://www.sec.gov/Archives/edgar/data/6769/000173303720000018/apaq3202010q.htm"
  },
  {
    "date": "2020-06-30",
    "symbol": "APA",
    "reportedCurrency": "USD",
    "cik": "0001841666",
    "fillingDate": "2020-07-30",
    "acceptedDate": "2020-07-30 18:46:27",
    "calendarYear": "2020",
    "period": "Q2",
    "revenue": 752000000,
    "costOfRevenue": 800000000,
    "grossProfit": -48000000,
    "grossProfitRatio": -0.0638297872,
    "researchAndDevelopmentExpenses": 0,
    "generalAndAdministrativeExpenses": 94000000,
    "sellingAndMarketingExpenses": 0,
    "sellingGeneralAndAdministrativeExpenses": 94000000,
    "otherExpenses": 103000000,
    "operatingExpenses": 197000000,
    "costAndExpenses": 1016000000,
    "interestIncome": 1000000,
    "interestExpense": 107000000,
    "depreciationAndAmortization": 418000000,
    "ebitda": 107000000,
    "ebitdaratio": 0.142287234,
    "operatingIncome": -245000000,
    "operatingIncomeRatio": -0.3257978723,
    "totalOtherIncomeExpensesNet": -171000000,
    "incomeBeforeTax": -416000000,
    "incomeBeforeTaxRatio": -0.5531914894,
    "incomeTaxExpense": -38000000,
    "netIncome": -386000000,
    "netIncomeRatio": -0.5132978723,
    "eps": -1.02,
    "epsdiluted": -1.02,
    "weightedAverageShsOut": 378000000,
    "weightedAverageShsOutDil": 378000000,
    "link": "https://www.sec.gov/Archives/edgar/data/6769/000173303720000013/0001733037-20-000013-index.htm",
    "finalLink": "https://www.sec.gov/Archives/edgar/data/6769/000173303720000013/apaq2202010q.htm"
  },
  {
    "date": "2020-03-31",
    "symbol": "APA",
    "reportedCurrency": "USD",
    "cik": "0001841666",
    "fillingDate": "2020-05-07",
    "acceptedDate": "2020-05-07 16:08:24",
    "calendarYear": "2020",
    "period": "Q1",
    "revenue": 1344000000,
    "costOfRevenue": 1058000000,
    "grossProfit": 286000000,
    "grossProfitRatio": 0.212797619,
    "researchAndDevelopmentExpenses": 0,
    "generalAndAdministrativeExpenses": 68000000,
    "sellingAndMarketingExpenses": 0,
    "sellingGeneralAndAdministrativeExpenses": 68000000,
    "otherExpenses": 104000000,
    "operatingExpenses": 172000000,
    "costAndExpenses": 1243000000,
    "interestIncome": 2000000,
    "interestExpense": 105000000,
    "depreciationAndAmortization": 566000000,
    "ebitda": -3868000000,
    "ebitdaratio": -2.8779761905,
    "operatingIncome": 114000000,
    "operatingIncomeRatio": 0.0848214286,
    "totalOtherIncomeExpensesNet": -4680000000,
    "incomeBeforeTax": -4566000000,
    "incomeBeforeTaxRatio": -3.3973214286,
    "incomeTaxExpense": 56000000,
    "netIncome": -4480000000,
    "netIncomeRatio": -3.3333333333,
    "eps": -11.86,
    "epsdiluted": -11.86,
    "weightedAverageShsOut": 378000000,
    "weightedAverageShsOutDil": 378000000,
    "link": "https://www.sec.gov/Archives/edgar/data/6769/000173303720000008/0001733037-20-000008-index.html",
    "finalLink": "https://www.sec.gov/Archives/edgar/data/6769/000173303720000008/apaq1202010q.htm"
  },
  {
    "date": "2019-12-31",
    "symbol": "APA",
    "reportedCurrency": "USD",
    "cik": "0001841666",
    "fillingDate": "2020-02-28",
    "acceptedDate": "2020-02-27 17:43:42",
    "calendarYear": "2019",
    "period": "Q4",
    "revenue": 1625000000,
    "costOfRevenue": 1140000000,
    "grossProfit": 485000000,
    "grossProfitRatio": 0.2984615385,
    "researchAndDevelopmentExpenses": 0,
    "generalAndAdministrativeExpenses": 83000000,
    "sellingAndMarketingExpenses": 0,
    "sellingGeneralAndAdministrativeExpenses": 83000000,
    "otherExpenses": 670000000,
    "operatingExpenses": 753000000,
    "costAndExpenses": 1901000000,
    "interestIncome": 1000000,
    "interestExpense": 98000000,
    "depreciationAndAmortization": 721000000,
    "ebitda": -2218000000,
    "ebitdaratio": -1.3649230769,
    "operatingIncome": -268000000,
    "operatingIncomeRatio": -0.1649230769,
    "totalOtherIncomeExpensesNet": -2767000000,
    "incomeBeforeTax": -3035000000,
    "incomeBeforeTaxRatio": -1.8676923077,
    "incomeTaxExpense": 212000000,
    "netIncome": -2976000000,
    "netIncomeRatio": -1.8313846154,
    "eps": -7.89,
    "epsdiluted": -7.89,
    "weightedAverageShsOut": 377000000,
    "weightedAverageShsOutDil": 377000000,
    "link": "https://www.sec.gov/Archives/edgar/data/6769/000173303720000004/0001733037-20-000004-index.html",
    "finalLink": "https://www.sec.gov/Archives/edgar/data/6769/000173303720000004/apa10-k2019.htm"
  },
  {
    "date": "2019-09-30",
    "symbol": "APA",
    "reportedCurrency": "USD",
    "cik": "0001841666",
    "fillingDate": "2019-10-31",
    "acceptedDate": "2019-10-31 16:13:14",
    "calendarYear": "2019",
    "period": "Q3",
    "revenue": 1438000000,
    "costOfRevenue": 1150000000,
    "grossProfit": 288000000,
    "grossProfitRatio": 0.2002781641,
    "researchAndDevelopmentExpenses": 0,
    "generalAndAdministrativeExpenses": 98000000,
    "sellingAndMarketingExpenses": 0,
    "sellingGeneralAndAdministrativeExpenses": 98000000,
    "otherExpenses": 86000000,
    "operatingExpenses": 184000000,
    "costAndExpenses": 1352000000,
    "interestIncome": 5000000,
    "interestExpense": 100000000,
    "depreciationAndAmortization": 711000000,
    "ebitda": 823000000,
    "ebitdaratio": 0.5723226704,
    "operatingIncome": 127000000,
    "operatingIncomeRatio": 0.0883171071,
    "totalOtherIncomeExpensesNet": -113000000,
    "incomeBeforeTax": 14000000,
    "incomeBeforeTaxRatio": 0.0097357441,
    "incomeTaxExpense": 131000000,
    "netIncome": -170000000,
    "netIncomeRatio": -0.1182197497,
    "eps": -0.45,
    "epsdiluted": -0.45,
    "weightedAverageShsOut": 377000000,
    "weightedAverageShsOutDil": 377000000,
    "link": "https://www.sec.gov/Archives/edgar/data/6769/000173303719000016/0001733037-19-000016-index.html",
    "finalLink": "https://www.sec.gov/Archives/edgar/data/6769/000173303719000016/apaq3201910q.htm"
  },
  {
    "date": "2019-06-30",
    "symbol": "APA",
    "reportedCurrency": "USD",
    "cik": "0001841666",
    "fillingDate": "2019-08-01",
    "acceptedDate": "2019-08-01 16:18:07",
    "calendarYear": "2019",
    "period": "Q2",
    "revenue": 1598000000,
    "costOfRevenue": 1082000000,
    "grossProfit": 516000000,
    "grossProfitRatio": 0.3229036295,
    "researchAndDevelopmentExpenses": 0,
    "generalAndAdministrativeExpenses": 102000000,
    "sellingAndMarketingExpenses": 0,
    "sellingGeneralAndAdministrativeExpenses": 102000000,
    "otherExpenses": 174000000,
    "operatingExpenses": 273000000,
    "costAndExpenses": 1336000000,
    "interestIncome": 3000000,
    "interestExpense": 101000000,
    "depreciationAndAmortization": 685000000,
    "ebitda": 550000000,
    "ebitdaratio": 0.3441802253,
    "operatingIncome": 258000000,
    "operatingIncomeRatio": 0.1614518148,
    "totalOtherIncomeExpensesNet": -410000000,
    "incomeBeforeTax": -152000000,
    "incomeBeforeTaxRatio": -0.0951188986,
    "incomeTaxExpense": 164000000,
    "netIncome": -356000000,
    "netIncomeRatio": -0.2227784731,
    "eps": -0.96,
    "epsdiluted": -0.96,
    "weightedAverageShsOut": 377000000,
    "weightedAverageShsOutDil": 377000000,
    "link": "https://www.sec.gov/Archives/edgar/data/6769/000173303719000013/0001733037-19-000013-index.htm",
    "finalLink": "https://www.sec.gov/Archives/edgar/data/6769/000173303719000013/apaq2201910q.htm"
  },
  {
    "date": "2019-03-31",
    "symbol": "APA",
    "reportedCurrency": "USD",
    "cik": "0001841666",
    "fillingDate": "2019-05-03",
    "acceptedDate": "2019-05-02 18:08:50",
    "calendarYear": "2019",
    "period": "Q1",
    "revenue": 1654000000,
    "costOfRevenue": 1121000000,
    "grossProfit": 533000000,
    "grossProfitRatio": 0.3222490931,
    "researchAndDevelopmentExpenses": 0,
    "generalAndAdministrativeExpenses": 123000000,
    "sellingAndMarketingExpenses": 0,
    "sellingGeneralAndAdministrativeExpenses": 123000000,
    "otherExpenses": 147000000,
    "operatingExpenses": 262000000,
    "costAndExpenses": 1369000000,
    "interestIncome": 4000000,
    "interestExpense": 101000000,
    "depreciationAndAmortization": 646000000,
    "ebitda": 910000000,
    "ebitdaratio": 0.5501813785,
    "operatingIncome": 293000000,
    "operatingIncomeRatio": 0.177146312,
    "totalOtherIncomeExpensesNet": -128000000,
    "incomeBeforeTax": 165000000,
    "incomeBeforeTaxRatio": 0.099758162,
    "incomeTaxExpense": 167000000,
    "netIncome": -47000000,
    "netIncomeRatio": -0.0284159613,
    "eps": -0.12,
    "epsdiluted": -0.12,
    "weightedAverageShsOut": 376000000,
    "weightedAverageShsOutDil": 376000000,
    "link": "https://www.sec.gov/Archives/edgar/data/6769/000173303719000009/0001733037-19-000009-index.html",
    "finalLink": "https://www.sec.gov/Archives/edgar/data/6769/000173303719000009/apaq1201910q.htm"
  },
  {
    "date": "2018-12-31",
    "symbol": "APA",
    "reportedCurrency": "USD",
    "cik": "0001841666",
    "fillingDate": "2019-03-01",
    "acceptedDate": "2019-02-28 18:03:05",
    "calendarYear": "2018",
    "period": "Q4",
    "revenue": 1703000000,
    "costOfRevenue": 1074000000,
    "grossProfit": 629000000,
    "grossProfitRatio": 0.369348209,
    "researchAndDevelopmentExpenses": 0,
    "generalAndAdministrativeExpenses": 101000000,
    "sellingAndMarketingExpenses": 0,
    "sellingGeneralAndAdministrativeExpenses": 101000000,
    "otherExpenses": 312000000,
    "operatingExpenses": 413000000,
    "costAndExpenses": 1507000000,
    "interestIncome": 6000000,
    "interestExpense": 99000000,
    "depreciationAndAmortization": 879000000,
    "ebitda": 634000000,
    "ebitdaratio": 0.3722842043,
    "operatingIncome": 216000000,
    "operatingIncomeRatio": 0.1268349971,
    "totalOtherIncomeExpensesNet": -560000000,
    "incomeBeforeTax": -344000000,
    "incomeBeforeTaxRatio": -0.2019964768,
    "incomeTaxExpense": 6000000,
    "netIncome": -381000000,
    "netIncomeRatio": -0.223722842,
    "eps": -1.01,
    "epsdiluted": -1,
    "weightedAverageShsOut": 379000000,
    "weightedAverageShsOutDil": 379000000,
    "link": "https://www.sec.gov/Archives/edgar/data/6769/000173303719000004/0001733037-19-000004-index.html",
    "finalLink": "https://www.sec.gov/Archives/edgar/data/6769/000173303719000004/apa10-k2018.htm"
  },
  {
    "date": "2018-09-30",
    "symbol": "APA",
    "reportedCurrency": "USD",
    "cik": "0001841666",
    "fillingDate": "2018-11-01",
    "acceptedDate": "2018-11-01 16:17:19",
    "calendarYear": "2018",
    "period": "Q3",
    "revenue": 1976000000,
    "costOfRevenue": 1084000000,
    "grossProfit": 892000000,
    "grossProfitRatio": 0.451417004,
    "researchAndDevelopmentExpenses": 0,
    "generalAndAdministrativeExpenses": 99000000,
    "sellingAndMarketingExpenses": 0,
    "sellingGeneralAndAdministrativeExpenses": 99000000,
    "otherExpenses": 155000000,
    "operatingExpenses": 254000000,
    "costAndExpenses": 1367000000,
    "interestIncome": 6000000,
    "interestExpense": 104000000,
    "depreciationAndAmortization": 610000000,
    "ebitda": 1118000000,
    "ebitdaratio": 0.5657894737,
    "operatingIncome": 638000000,
    "operatingIncomeRatio": 0.3228744939,
    "totalOtherIncomeExpensesNet": -232000000,
    "incomeBeforeTax": 406000000,
    "incomeBeforeTaxRatio": 0.205465587,
    "incomeTaxExpense": 245000000,
    "netIncome": 81000000,
    "netIncomeRatio": 0.0409919028,
    "eps": 0.21,
    "epsdiluted": 0.21,
    "weightedAverageShsOut": 383000000,
    "weightedAverageShsOutDil": 385000000,
    "link": "https://www.sec.gov/Archives/edgar/data/6769/000173303718000009/0001733037-18-000009-index.html",
    "finalLink": "https://www.sec.gov/Archives/edgar/data/6769/000173303718000009/apaq3201810q.htm"
  },
  {
    "date": "2018-06-30",
    "symbol": "APA",
    "reportedCurrency": "USD",
    "cik": "0001841666",
    "fillingDate": "2018-08-02",
    "acceptedDate": "2018-08-02 16:43:26",
    "calendarYear": "2018",
    "period": "Q2",
    "revenue": 1936000000,
    "costOfRevenue": 1046000000,
    "grossProfit": 890000000,
    "grossProfitRatio": 0.4597107438,
    "researchAndDevelopmentExpenses": 0,
    "generalAndAdministrativeExpenses": 117000000,
    "sellingAndMarketingExpenses": 0,
    "sellingGeneralAndAdministrativeExpenses": 117000000,
    "otherExpenses": 161000000,
    "operatingExpenses": 253000000,
    "costAndExpenses": 1315000000,
    "interestIncome": 4000000,
    "interestExpense": 98000000,
    "depreciationAndAmortization": 608000000,
    "ebitda": 1213000000,
    "ebitdaratio": 0.6265495868,
    "operatingIncome": 612000000,
    "operatingIncomeRatio": 0.3161157025,
    "totalOtherIncomeExpensesNet": -104000000,
    "incomeBeforeTax": 508000000,
    "incomeBeforeTaxRatio": 0.2623966942,
    "incomeTaxExpense": 239000000,
    "netIncome": 195000000,
    "netIncomeRatio": 0.1007231405,
    "eps": 0.51,
    "epsdiluted": 0.51,
    "weightedAverageShsOut": 382000000,
    "weightedAverageShsOutDil": 385000000,
    "link": "https://www.sec.gov/Archives/edgar/data/6769/000173303718000006/0001733037-18-000006-index.html",
    "finalLink": "https://www.sec.gov/Archives/edgar/data/6769/000173303718000006/apaq2201810q.htm"
  },
  {
    "date": "2018-03-31",
    "symbol": "APA",
    "reportedCurrency": "USD",
    "cik": "0001841666",
    "fillingDate": "2018-05-03",
    "acceptedDate": "2018-05-03 15:20:04",
    "calendarYear": "2018",
    "period": "Q1",
    "revenue": 1728000000,
    "costOfRevenue": 988000000,
    "grossProfit": 740000000,
    "grossProfitRatio": 0.4282407407,
    "researchAndDevelopmentExpenses": 0,
    "generalAndAdministrativeExpenses": 114000000,
    "sellingAndMarketingExpenses": 0,
    "sellingGeneralAndAdministrativeExpenses": 114000000,
    "otherExpenses": 153000000,
    "operatingExpenses": 265000000,
    "costAndExpenses": 1255000000,
    "interestIncome": 6000000,
    "interestExpense": 105000000,
    "depreciationAndAmortization": 553000000,
    "ebitda": 1041000000,
    "ebitdaratio": 0.6024305556,
    "operatingIncome": 480000000,
    "operatingIncomeRatio": 0.2777777778,
    "totalOtherIncomeExpensesNet": -92000000,
    "incomeBeforeTax": 388000000,
    "incomeBeforeTaxRatio": 0.224537037,
    "incomeTaxExpense": 182000000,
    "netIncome": 145000000,
    "netIncomeRatio": 0.083912037,
    "eps": 0.38,
    "epsdiluted": 0.38,
    "weightedAverageShsOut": 382000000,
    "weightedAverageShsOutDil": 384000000,
    "link": "https://www.sec.gov/Archives/edgar/data/6769/000173303718000003/0001733037-18-000003-index.html",
    "finalLink": "https://www.sec.gov/Archives/edgar/data/6769/000173303718000003/apaq1201810q.htm"
  },
  {
    "date": "2017-12-31",
    "symbol": "APA",
    "reportedCurrency": "USD",
    "cik": "0001841666",
    "fillingDate": "2018-02-23",
    "acceptedDate": "2018-02-22 17:41:29",
    "calendarYear": "2017",
    "period": "Q4",
    "revenue": 1640000000,
    "costOfRevenue": 942000000,
    "grossProfit": 698000000,
    "grossProfitRatio": 0.4256097561,
    "researchAndDevelopmentExpenses": 0,
    "generalAndAdministrativeExpenses": 88000000,
    "sellingAndMarketingExpenses": 0,
    "sellingGeneralAndAdministrativeExpenses": 88000000,
    "otherExpenses": 178000000,
    "operatingExpenses": 266000000,
    "costAndExpenses": 1209000000,
    "interestIncome": 6000000,
    "interestExpense": 103000000,
    "depreciationAndAmortization": 573000000,
    "ebitda": 952000000,
    "ebitdaratio": 0.5804878049,
    "operatingIncome": 432000000,
    "operatingIncomeRatio": 0.2634146341,
    "totalOtherIncomeExpensesNet": -154000000,
    "incomeBeforeTax": 278000000,
    "incomeBeforeTaxRatio": 0.1695121951,
    "incomeTaxExpense": -240000000,
    "netIncome": 456000000,
    "netIncomeRatio": 0.2780487805,
    "eps": 1.2,
    "epsdiluted": 1.19,
    "weightedAverageShsOut": 381000000,
    "weightedAverageShsOutDil": 383000000,
    "link": "https://www.sec.gov/Archives/edgar/data/6769/000167337918000008/0001673379-18-000008-index.html",
    "finalLink": "https://www.sec.gov/Archives/edgar/data/6769/000167337918000008/apa10-k2017.htm"
  },
  {
    "date": "2017-09-30",
    "symbol": "APA",
    "reportedCurrency": "USD",
    "cik": "0001841666",
    "fillingDate": "2017-11-03",
    "acceptedDate": "2017-11-02 18:07:05",
    "calendarYear": "2017",
    "period": "Q3",
    "revenue": 1389000000,
    "costOfRevenue": 956000000,
    "grossProfit": 433000000,
    "grossProfitRatio": 0.3117350612,
    "researchAndDevelopmentExpenses": 0,
    "generalAndAdministrativeExpenses": 98000000,
    "sellingAndMarketingExpenses": 0,
    "sellingGeneralAndAdministrativeExpenses": 98000000,
    "otherExpenses": 307000000,
    "operatingExpenses": 405000000,
    "costAndExpenses": 1361000000,
    "interestIncome": 3000000,
    "interestExpense": 104000000,
    "depreciationAndAmortization": 559000000,
    "ebitda": 753000000,
    "ebitdaratio": 0.5421166307,
    "operatingIncome": 28000000,
    "operatingIncomeRatio": 0.0201583873,
    "totalOtherIncomeExpensesNet": 65000000,
    "incomeBeforeTax": 93000000,
    "incomeBeforeTaxRatio": 0.0669546436,
    "incomeTaxExpense": -12000000,
    "netIncome": 63000000,
    "netIncomeRatio": 0.0453563715,
    "eps": 0.16,
    "epsdiluted": 0.16,
    "weightedAverageShsOut": 381000000,
    "weightedAverageShsOutDil": 383000000,
    "link": "https://www.sec.gov/Archives/edgar/data/6769/000167337917000027/0001673379-17-000027-index.html",
    "finalLink": "https://www.sec.gov/Archives/edgar/data/6769/000167337917000027/apa10-qq32017.htm"
  },
  {
    "date": "2017-06-30",
    "symbol": "APA",
    "reportedCurrency": "USD",
    "cik": "0001841666",
    "fillingDate": "2017-08-04",
    "acceptedDate": "2017-08-03 19:37:45",
    "calendarYear": "2017",
    "period": "Q2",
    "revenue": 1346000000,
    "costOfRevenue": 992000000,
    "grossProfit": 354000000,
    "grossProfitRatio": 0.2630014859,
    "researchAndDevelopmentExpenses": 0,
    "generalAndAdministrativeExpenses": 106000000,
    "sellingAndMarketingExpenses": 0,
    "sellingGeneralAndAdministrativeExpenses": 106000000,
    "otherExpenses": 115000000,
    "operatingExpenses": 221000000,
    "costAndExpenses": 1272000000,
    "interestIncome": 5000000,
    "interestExpense": 104000000,
    "depreciationAndAmortization": 572000000,
    "ebitda": 683000000,
    "ebitdaratio": 0.5074294205,
    "operatingIncome": 133000000,
    "operatingIncomeRatio": 0.0988112927,
    "totalOtherIncomeExpensesNet": -124000000,
    "incomeBeforeTax": 9000000,
    "incomeBeforeTaxRatio": 0.0066864785,
    "incomeTaxExpense": -604000000,
    "netIncome": 572000000,
    "netIncomeRatio": 0.4249628529,
    "eps": 1.5,
    "epsdiluted": 1.5,
    "weightedAverageShsOut": 381000000,
    "weightedAverageShsOutDil": 383000000,
    "link": "https://www.sec.gov/Archives/edgar/data/6769/000167337917000021/0001673379-17-000021-index.html",
    "finalLink": "https://www.sec.gov/Archives/edgar/data/6769/000167337917000021/apa10-qq22017.htm"
  },
  {
    "date": "2017-03-31",
    "symbol": "APA",
    "reportedCurrency": "USD",
    "cik": "0001841666",
    "fillingDate": "2017-05-05",
    "acceptedDate": "2017-05-04 17:37:31",
    "calendarYear": "2017",
    "period": "Q1",
    "revenue": 1512000000,
    "costOfRevenue": 969000000,
    "grossProfit": 543000000,
    "grossProfitRatio": 0.3591269841,
    "researchAndDevelopmentExpenses": 0,
    "generalAndAdministrativeExpenses": 103000000,
    "sellingAndMarketingExpenses": 0,
    "sellingGeneralAndAdministrativeExpenses": 103000000,
    "otherExpenses": 145000000,
    "operatingExpenses": 248000000,
    "costAndExpenses": 1242000000,
    "interestIncome": 5000000,
    "interestExpense": 104000000,
    "depreciationAndAmortization": 576000000,
    "ebitda": 295000000,
    "ebitdaratio": 0.1951058201,
    "operatingIncome": 295000000,
    "operatingIncomeRatio": 0.1951058201,
    "totalOtherIncomeExpensesNet": 243000000,
    "incomeBeforeTax": 538000000,
    "incomeBeforeTaxRatio": 0.3558201058,
    "incomeTaxExpense": 271000000,
    "netIncome": 213000000,
    "netIncomeRatio": 0.1408730159,
    "eps": 0.56,
    "epsdiluted": 0.56,
    "weightedAverageShsOut": 380000000,
    "weightedAverageShsOutDil": 383000000,
    "link": "https://www.sec.gov/Archives/edgar/data/6769/000167337917000011/0001673379-17-000011-index.html",
    "finalLink": "https://www.sec.gov/Archives/edgar/data/6769/000167337917000011/apaq1201710q.htm"
  },
  {
    "date": "2016-12-31",
    "symbol": "APA",
    "reportedCurrency": "USD",
    "cik": "0001841666",
    "fillingDate": "2017-02-24",
    "acceptedDate": "2017-02-24 12:08:16",
    "calendarYear": "2016",
    "period": "Q4",
    "revenue": 1455000000,
    "costOfRevenue": 1043000000,
    "grossProfit": 412000000,
    "grossProfitRatio": 0.283161512,
    "researchAndDevelopmentExpenses": 0,
    "generalAndAdministrativeExpenses": 112000000,
    "sellingAndMarketingExpenses": 0,
    "sellingGeneralAndAdministrativeExpenses": 112000000,
    "otherExpenses": 211000000,
    "operatingExpenses": 323000000,
    "costAndExpenses": 1362000000,
    "interestIncome": 2000000,
    "interestExpense": 107000000,
    "depreciationAndAmortization": 623000000,
    "ebitda": 613000000,
    "ebitdaratio": 0.4213058419,
    "operatingIncome": 89000000,
    "operatingIncomeRatio": 0.0611683849,
    "totalOtherIncomeExpensesNet": -203000000,
    "incomeBeforeTax": -114000000,
    "incomeBeforeTaxRatio": -0.0783505155,
    "incomeTaxExpense": 29000000,
    "netIncome": -182000000,
    "netIncomeRatio": -0.1250859107,
    "eps": -0.48,
    "epsdiluted": -0.48,
    "weightedAverageShsOut": 380000000,
    "weightedAverageShsOutDil": 380000000,
    "link": "https://www.sec.gov/Archives/edgar/data/6769/000167337917000004/0001673379-17-000004-index.html",
    "finalLink": "https://www.sec.gov/Archives/edgar/data/6769/000167337917000004/apa10-k2016.htm"
  },
  {
    "date": "2016-09-30",
    "symbol": "APA",
    "reportedCurrency": "USD",
    "cik": "0001841666",
    "fillingDate": "2016-11-04",
    "acceptedDate": "2016-11-03 17:41:16",
    "calendarYear": "2016",
    "period": "Q3",
    "revenue": 1439000000,
    "costOfRevenue": 1081000000,
    "grossProfit": 358000000,
    "grossProfitRatio": 0.2487838777,
    "researchAndDevelopmentExpenses": 0,
    "generalAndAdministrativeExpenses": 102000000,
    "sellingAndMarketingExpenses": 0,
    "sellingGeneralAndAdministrativeExpenses": 102000000,
    "otherExpenses": 216000000,
    "operatingExpenses": 318000000,
    "costAndExpenses": 1393000000,
    "interestIncome": 3000000,
    "interestExpense": 105000000,
    "depreciationAndAmortization": 648000000,
    "ebitda": -154000000,
    "ebitdaratio": -0.107018763,
    "operatingIncome": 40000000,
    "operatingIncomeRatio": 0.0277970813,
    "totalOtherIncomeExpensesNet": -945000000,
    "incomeBeforeTax": -905000000,
    "incomeBeforeTaxRatio": -0.6289089646,
    "incomeTaxExpense": -379000000,
    "netIncome": -607000000,
    "netIncomeRatio": -0.4218207088,
    "eps": -1.6,
    "epsdiluted": -1.6,
    "weightedAverageShsOut": 380000000,
    "weightedAverageShsOutDil": 380000000,
    "link": "https://www.sec.gov/Archives/edgar/data/6769/000167337916000025/0001673379-16-000025-index.html",
    "finalLink": "https://www.sec.gov/Archives/edgar/data/6769/000167337916000025/apaq3201610q.htm"
  },
  {
    "date": "2016-06-30",
    "symbol": "APA",
    "reportedCurrency": "USD",
    "cik": "0001841666",
    "fillingDate": "2016-08-04",
    "acceptedDate": "2016-08-04 17:25:24",
    "calendarYear": "2016",
    "period": "Q2",
    "revenue": 1386000000,
    "costOfRevenue": 1080000000,
    "grossProfit": 306000000,
    "grossProfitRatio": 0.2207792208,
    "researchAndDevelopmentExpenses": 0,
    "generalAndAdministrativeExpenses": 103000000,
    "sellingAndMarketingExpenses": 0,
    "sellingGeneralAndAdministrativeExpenses": 103000000,
    "otherExpenses": 215000000,
    "operatingExpenses": 318000000,
    "costAndExpenses": 1398000000,
    "interestIncome": 0,
    "interestExpense": 104000000,
    "depreciationAndAmortization": 669000000,
    "ebitda": 492000000,
    "ebitdaratio": 0.354978355,
    "operatingIncome": -12000000,
    "operatingIncomeRatio": -0.0086580087,
    "totalOtherIncomeExpensesNet": -269000000,
    "incomeBeforeTax": -281000000,
    "incomeBeforeTaxRatio": -0.2027417027,
    "incomeTaxExpense": -81000000,
    "netIncome": -244000000,
    "netIncomeRatio": -0.176046176,
    "eps": -0.65,
    "epsdiluted": -0.65,
    "weightedAverageShsOut": 375384615,
    "weightedAverageShsOutDil": 379000000,
    "link": "https://www.sec.gov/Archives/edgar/data/6769/000167337916000013/0001673379-16-000013-index.html",
    "finalLink": "https://www.sec.gov/Archives/edgar/data/6769/000167337916000013/apaq2201610q.htm"
  },
  {
    "date": "2016-03-31",
    "symbol": "APA",
    "reportedCurrency": "USD",
    "cik": "0001841666",
    "fillingDate": "2016-05-06",
    "acceptedDate": "2016-05-05 20:06:49",
    "calendarYear": "2016",
    "period": "Q1",
    "revenue": 1087000000,
    "costOfRevenue": 1108000000,
    "grossProfit": -21000000,
    "grossProfitRatio": -0.0193192272,
    "researchAndDevelopmentExpenses": 0,
    "generalAndAdministrativeExpenses": 93000000,
    "sellingAndMarketingExpenses": 0,
    "sellingGeneralAndAdministrativeExpenses": 93000000,
    "otherExpenses": 147000000,
    "operatingExpenses": 240000000,
    "costAndExpenses": 1348000000,
    "interestIncome": 0,
    "interestExpense": 105000000,
    "depreciationAndAmortization": 678000000,
    "ebitda": 401000000,
    "ebitdaratio": 0.3689052438,
    "operatingIncome": -261000000,
    "operatingIncomeRatio": -0.2401103956,
    "totalOtherIncomeExpensesNet": -121000000,
    "incomeBeforeTax": -382000000,
    "incomeBeforeTaxRatio": -0.351425943,
    "incomeTaxExpense": -11000000,
    "netIncome": -372000000,
    "netIncomeRatio": -0.3422263109,
    "eps": -1.29,
    "epsdiluted": -1.29,
    "weightedAverageShsOut": 378000000,
    "weightedAverageShsOutDil": 378000000,
    "link": "https://www.sec.gov/Archives/edgar/data/6769/000167337916000004/0001673379-16-000004-index.html",
    "finalLink": "https://www.sec.gov/Archives/edgar/data/6769/000167337916000004/apaq1201610q.htm"
  },
  {
    "date": "2015-12-31",
    "symbol": "APA",
    "reportedCurrency": "USD",
    "cik": "0001841666",
    "fillingDate": "2016-02-26",
    "acceptedDate": "2016-02-26 16:09:17",
    "calendarYear": "2015",
    "period": "Q4",
    "revenue": 1221000000,
    "costOfRevenue": 8123000000,
    "grossProfit": -6902000000,
    "grossProfitRatio": -5.6527436527,
    "researchAndDevelopmentExpenses": 0,
    "generalAndAdministrativeExpenses": 98000000,
    "sellingAndMarketingExpenses": 0,
    "sellingGeneralAndAdministrativeExpenses": 98000000,
    "otherExpenses": 44000000,
    "operatingExpenses": 142000000,
    "costAndExpenses": 8265000000,
    "interestIncome": 2000000,
    "interestExpense": 61000000,
    "depreciationAndAmortization": 7619000000,
    "ebitda": -988000000,
    "ebitdaratio": -0.8091728092,
    "operatingIncome": -7044000000,
    "operatingIncomeRatio": -5.769041769,
    "totalOtherIncomeExpensesNet": -1624000000,
    "incomeBeforeTax": -8668000000,
    "incomeBeforeTaxRatio": -7.0990990991,
    "incomeTaxExpense": -798000000,
    "netIncome": -7213000000,
    "netIncomeRatio": -5.9074529075,
    "eps": -19.07,
    "epsdiluted": -19.07,
    "weightedAverageShsOut": 378000000,
    "weightedAverageShsOutDil": 378000000,
    "link": "https://www.sec.gov/Archives/edgar/data/6769/000119312516481920/0001193125-16-481920-index.html",
    "finalLink": "https://www.sec.gov/Archives/edgar/data/6769/000119312516481920/d62202d10k.htm"
  },
  {
    "date": "2015-09-30",
    "symbol": "APA",
    "reportedCurrency": "USD",
    "cik": "0001841666",
    "fillingDate": "2015-11-06",
    "acceptedDate": "2015-11-05 18:56:31",
    "calendarYear": "2015",
    "period": "Q3",
    "revenue": 1572000000,
    "costOfRevenue": 7137000000,
    "grossProfit": -5565000000,
    "grossProfitRatio": -3.5400763359,
    "researchAndDevelopmentExpenses": 0,
    "generalAndAdministrativeExpenses": 86000000,
    "sellingAndMarketingExpenses": 3000000,
    "sellingGeneralAndAdministrativeExpenses": 89000000,
    "otherExpenses": 217000000,
    "operatingExpenses": 303000000,
    "costAndExpenses": 1908000000,
    "interestIncome": -4000000,
    "interestExpense": 117000000,
    "depreciationAndAmortization": 872000000,
    "ebitda": -3381000000,
    "ebitdaratio": -2.1507633588,
    "operatingIncome": -302000000,
    "operatingIncomeRatio": -0.1921119593,
    "totalOtherIncomeExpensesNet": -4068000000,
    "incomeBeforeTax": -4370000000,
    "incomeBeforeTaxRatio": -2.7798982188,
    "incomeTaxExpense": -251000000,
    "netIncome": -4143000000,
    "netIncomeRatio": -2.6354961832,
    "eps": -14.95,
    "epsdiluted": -14.95,
    "weightedAverageShsOut": 378000000,
    "weightedAverageShsOutDil": 378000000,
    "link": "https://www.sec.gov/Archives/edgar/data/6769/000119312515368662/0001193125-15-368662-index.html",
    "finalLink": "https://www.sec.gov/Archives/edgar/data/6769/000119312515368662/d95244d10q.htm"
  },
  {
    "date": "2015-06-30",
    "symbol": "APA",
    "reportedCurrency": "USD",
    "cik": "0001841666",
    "fillingDate": "2015-08-07",
    "acceptedDate": "2015-08-06 19:53:22",
    "calendarYear": "2015",
    "period": "Q2",
    "revenue": 1952000000,
    "costOfRevenue": 1310000000,
    "grossProfit": 642000000,
    "grossProfitRatio": 0.3288934426,
    "researchAndDevelopmentExpenses": 0,
    "generalAndAdministrativeExpenses": 111000000,
    "sellingAndMarketingExpenses": 0,
    "sellingGeneralAndAdministrativeExpenses": 111000000,
    "otherExpenses": 288000000,
    "operatingExpenses": 399000000,
    "costAndExpenses": 1709000000,
    "interestIncome": 1000000,
    "interestExpense": 118000000,
    "depreciationAndAmortization": 0,
    "ebitda": -68000000,
    "ebitdaratio": -0.0348360656,
    "operatingIncome": 282000000,
    "operatingIncomeRatio": 0.1444672131,
    "totalOtherIncomeExpensesNet": -468000000,
    "incomeBeforeTax": -186000000,
    "incomeBeforeTaxRatio": -0.0952868852,
    "incomeTaxExpense": 731000000,
    "netIncome": -860000000,
    "netIncomeRatio": -0.4405737705,
    "eps": -14.83,
    "epsdiluted": -14.81,
    "weightedAverageShsOut": 330769230,
    "weightedAverageShsOutDil": 378000000,
    "link": "https://www.sec.gov/Archives/edgar/data/6769/000119312515281508/0001193125-15-281508-index.html",
    "finalLink": "https://www.sec.gov/Archives/edgar/data/6769/000119312515281508/d91694d10q.htm"
  },
  {
    "date": "2015-03-31",
    "symbol": "APA",
    "reportedCurrency": "USD",
    "cik": "0001841666",
    "fillingDate": "2015-05-08",
    "acceptedDate": "2015-05-07 21:05:27",
    "calendarYear": "2015",
    "period": "Q1",
    "revenue": 1806000000,
    "costOfRevenue": 8839000000,
    "grossProfit": -7033000000,
    "grossProfitRatio": -3.8942414175,
    "researchAndDevelopmentExpenses": 0,
    "generalAndAdministrativeExpenses": 82000000,
    "sellingAndMarketingExpenses": -3000000,
    "sellingGeneralAndAdministrativeExpenses": 79000000,
    "otherExpenses": 118000000,
    "operatingExpenses": 200000000,
    "costAndExpenses": 9196000000,
    "interestIncome": 1000000,
    "interestExpense": 70000000,
    "depreciationAndAmortization": 8302000000,
    "ebitda": -4636000000,
    "ebitdaratio": -2.5669988926,
    "operatingIncome": -7401000000,
    "operatingIncomeRatio": -4.0980066445,
    "totalOtherIncomeExpensesNet": -89000000,
    "incomeBeforeTax": -7490000000,
    "incomeBeforeTaxRatio": -4.1472868217,
    "incomeTaxExpense": -2854000000,
    "netIncome": -4651000000,
    "netIncomeRatio": -2.5753045404,
    "eps": -12.34,
    "epsdiluted": -12.34,
    "weightedAverageShsOut": 376000079,
    "weightedAverageShsOutDil": 377000000,
    "link": "https://www.sec.gov/Archives/edgar/data/6769/000119312515177807/0001193125-15-177807-index.html",
    "finalLink": "https://www.sec.gov/Archives/edgar/data/6769/000119312515177807/d908373d10q.htm"
  },
  {
    "date": "2014-12-31",
    "symbol": "APA",
    "reportedCurrency": "USD",
    "cik": "0001841666",
    "fillingDate": "2015-02-27",
    "acceptedDate": "2015-02-27 17:31:33",
    "calendarYear": "2014",
    "period": "Q4",
    "revenue": 2926000000,
    "costOfRevenue": 5347000000,
    "grossProfit": -2421000000,
    "grossProfitRatio": -0.8274094327,
    "researchAndDevelopmentExpenses": 0,
    "generalAndAdministrativeExpenses": 125000000,
    "sellingAndMarketingExpenses": 0,
    "sellingGeneralAndAdministrativeExpenses": 125000000,
    "otherExpenses": 371000000,
    "operatingExpenses": 496000000,
    "costAndExpenses": 5843000000,
    "interestIncome": 5000000,
    "interestExpense": 32000000,
    "depreciationAndAmortization": 114000000,
    "ebitda": -405000000,
    "ebitdaratio": -0.1384142174,
    "operatingIncome": -2917000000,
    "operatingIncomeRatio": -0.9969241285,
    "totalOtherIncomeExpensesNet": -2180000000,
    "incomeBeforeTax": -5097000000,
    "incomeBeforeTaxRatio": -1.7419685578,
    "incomeTaxExpense": -331000000,
    "netIncome": -4814000000,
    "netIncomeRatio": -1.6452494874,
    "eps": -12.77,
    "epsdiluted": -12.77,
    "weightedAverageShsOut": 377000000,
    "weightedAverageShsOutDil": 377000000,
    "link": "https://www.sec.gov/Archives/edgar/data/6769/000119312515070388/0001193125-15-070388-index.htm",
    "finalLink": "https://www.sec.gov/Archives/edgar/data/6769/000119312515070388/d836834d10k.htm"
  },
  {
    "date": "2014-09-30",
    "symbol": "APA",
    "reportedCurrency": "USD",
    "cik": "0001841666",
    "fillingDate": "2014-11-06",
    "acceptedDate": "2014-11-06 17:05:39",
    "calendarYear": "2014",
    "period": "Q3",
    "revenue": 3181000000,
    "costOfRevenue": 3390000000,
    "grossProfit": -209000000,
    "grossProfitRatio": -0.0657026092,
    "researchAndDevelopmentExpenses": 0,
    "generalAndAdministrativeExpenses": 112000000,
    "sellingAndMarketingExpenses": 0,
    "sellingGeneralAndAdministrativeExpenses": 112000000,
    "otherExpenses": 217000000,
    "operatingExpenses": 329000000,
    "costAndExpenses": 3677000000,
    "interestIncome": -1000000,
    "interestExpense": 59000000,
    "depreciationAndAmortization": 2735000000,
    "ebitda": 2477000000,
    "ebitdaratio": 0.7786859478,
    "operatingIncome": -496000000,
    "operatingIncomeRatio": -0.1559258095,
    "totalOtherIncomeExpensesNet": 179000000,
    "incomeBeforeTax": -317000000,
    "incomeBeforeTaxRatio": -0.0996541968,
    "incomeTaxExpense": 768000000,
    "netIncome": -1330000000,
    "netIncomeRatio": -0.4181075134,
    "eps": -3.49,
    "epsdiluted": -3.5,
    "weightedAverageShsOut": 381000000,
    "weightedAverageShsOutDil": 381000000,
    "link": "https://www.sec.gov/Archives/edgar/data/6769/000119312514401241/0001193125-14-401241-index.html",
    "finalLink": "https://www.sec.gov/Archives/edgar/data/6769/000119312514401241/d803452d10q.htm"
  },
  {
    "date": "2014-06-30",
    "symbol": "APA",
    "reportedCurrency": "USD",
    "cik": "0001841666",
    "fillingDate": "2014-08-08",
    "acceptedDate": "2014-08-08 12:53:32",
    "calendarYear": "2014",
    "period": "Q2",
    "revenue": 3471000000,
    "costOfRevenue": 2136000000,
    "grossProfit": 1335000000,
    "grossProfitRatio": 0.3846153846,
    "researchAndDevelopmentExpenses": 0,
    "generalAndAdministrativeExpenses": 113000000,
    "sellingAndMarketingExpenses": 0,
    "sellingGeneralAndAdministrativeExpenses": 113000000,
    "otherExpenses": 223000000,
    "operatingExpenses": 370000000,
    "costAndExpenses": 2320000000,
    "interestIncome": 0,
    "interestExpense": 52000000,
    "depreciationAndAmortization": 1252000000,
    "ebitda": 2215000000,
    "ebitdaratio": 0.6381446269,
    "operatingIncome": 1151000000,
    "operatingIncomeRatio": 0.3316047249,
    "totalOtherIncomeExpensesNet": -240000000,
    "incomeBeforeTax": 911000000,
    "incomeBeforeTaxRatio": 0.2624603861,
    "incomeTaxExpense": 354000000,
    "netIncome": 505000000,
    "netIncomeRatio": 0.1454912129,
    "eps": 1.31,
    "epsdiluted": 1.31,
    "weightedAverageShsOut": 385000000,
    "weightedAverageShsOutDil": 387000000,
    "link": "https://www.sec.gov/Archives/edgar/data/6769/000119312514302538/0001193125-14-302538-index.html",
    "finalLink": "https://www.sec.gov/Archives/edgar/data/6769/000119312514302538/d742540d10q.htm"
  },
  {
    "date": "2014-03-31",
    "symbol": "APA",
    "reportedCurrency": "USD",
    "cik": "0001841666",
    "fillingDate": "2014-05-09",
    "acceptedDate": "2014-05-09 15:28:03",
    "calendarYear": "2014",
    "period": "Q1",
    "revenue": 3647000000,
    "costOfRevenue": 1873000000,
    "grossProfit": 1774000000,
    "grossProfitRatio": 0.4864272004,
    "researchAndDevelopmentExpenses": 0,
    "generalAndAdministrativeExpenses": 119000000,
    "sellingAndMarketingExpenses": 0,
    "sellingGeneralAndAdministrativeExpenses": 119000000,
    "otherExpenses": 177000000,
    "operatingExpenses": 296000000,
    "costAndExpenses": 2169000000,
    "interestIncome": 0,
    "interestExpense": 27000000,
    "depreciationAndAmortization": 1206000000,
    "ebitda": 2664000000,
    "ebitdaratio": 0.7304633946,
    "operatingIncome": 1478000000,
    "operatingIncomeRatio": 0.405264601,
    "totalOtherIncomeExpensesNet": -49000000,
    "incomeBeforeTax": 1429000000,
    "incomeBeforeTaxRatio": 0.3918289005,
    "incomeTaxExpense": 578000000,
    "netIncome": 236000000,
    "netIncomeRatio": 0.0647107211,
    "eps": 0.6,
    "epsdiluted": 0.6,
    "weightedAverageShsOut": 394000000,
    "weightedAverageShsOutDil": 396000000,
    "link": "https://www.sec.gov/Archives/edgar/data/6769/000119312514192306/0001193125-14-192306-index.html",
    "finalLink": "https://www.sec.gov/Archives/edgar/data/6769/000119312514192306/d710104d10q.htm"
  },
  {
    "date": "2013-12-31",
    "symbol": "APA",
    "reportedCurrency": "USD",
    "cik": "0001841666",
    "fillingDate": "2014-02-28",
    "acceptedDate": "2014-02-28 16:59:38",
    "calendarYear": "2013",
    "period": "Q4",
    "revenue": 3728000000,
    "costOfRevenue": 2386000000,
    "grossProfit": 1342000000,
    "grossProfitRatio": 0.3599785408,
    "researchAndDevelopmentExpenses": 0,
    "generalAndAdministrativeExpenses": 127000000,
    "sellingAndMarketingExpenses": 0,
    "sellingGeneralAndAdministrativeExpenses": 127000000,
    "otherExpenses": 297000000,
    "operatingExpenses": 424000000,
    "costAndExpenses": 2810000000,
    "interestIncome": 1000000,
    "interestExpense": 36000000,
    "depreciationAndAmortization": 1689000000,
    "ebitda": 2467000000,
    "ebitdaratio": 0.661748927,
    "operatingIncome": 918000000,
    "operatingIncomeRatio": 0.2462446352,
    "totalOtherIncomeExpensesNet": -176000000,
    "incomeBeforeTax": 742000000,
    "incomeBeforeTaxRatio": 0.1990343348,
    "incomeTaxExpense": 512000000,
    "netIncome": 174000000,
    "netIncomeRatio": 0.0466738197,
    "eps": 0.44,
    "epsdiluted": 0.43,
    "weightedAverageShsOut": 399000000,
    "weightedAverageShsOutDil": 401000000,
    "link": "https://www.sec.gov/Archives/edgar/data/6769/000119312514077668/0001193125-14-077668-index.htm",
    "finalLink": "https://www.sec.gov/Archives/edgar/data/6769/000119312514077668/d647405d10k.htm"
  },
  {
    "date": "2013-09-30",
    "symbol": "APA",
    "reportedCurrency": "USD",
    "cik": "0001841666",
    "fillingDate": "2013-11-08",
    "acceptedDate": "2013-11-08 14:44:58",
    "calendarYear": "2013",
    "period": "Q3",
    "revenue": 4288000000,
    "costOfRevenue": 3074000000,
    "grossProfit": 1214000000,
    "grossProfitRatio": 0.2831156716,
    "researchAndDevelopmentExpenses": 0,
    "generalAndAdministrativeExpenses": 127000000,
    "sellingAndMarketingExpenses": 0,
    "sellingGeneralAndAdministrativeExpenses": 127000000,
    "otherExpenses": 219000000,
    "operatingExpenses": 346000000,
    "costAndExpenses": 3175000000,
    "interestIncome": 1000000,
    "interestExpense": 51000000,
    "depreciationAndAmortization": 1995000000,
    "ebitda": 2687000000,
    "ebitdaratio": 0.6266324627,
    "operatingIncome": 1113000000,
    "operatingIncomeRatio": 0.2595615672,
    "totalOtherIncomeExpensesNet": -472000000,
    "incomeBeforeTax": 641000000,
    "incomeBeforeTaxRatio": 0.1494869403,
    "incomeTaxExpense": 206000000,
    "netIncome": 306000000,
    "netIncomeRatio": 0.0713619403,
    "eps": 0.75,
    "epsdiluted": 0.75,
    "weightedAverageShsOut": 399000000,
    "weightedAverageShsOutDil": 401000000,
    "link": "https://www.sec.gov/Archives/edgar/data/6769/000119312513434948/0001193125-13-434948-index.html",
    "finalLink": "https://www.sec.gov/Archives/edgar/data/6769/000119312513434948/d599457d10q.htm"
  },
  {
    "date": "2013-06-30",
    "symbol": "APA",
    "reportedCurrency": "USD",
    "cik": "0001841666",
    "fillingDate": "2013-08-06",
    "acceptedDate": "2013-08-06 16:33:23",
    "calendarYear": "2013",
    "period": "Q2",
    "revenue": 4001000000,
    "costOfRevenue": 2313000000,
    "grossProfit": 1688000000,
    "grossProfitRatio": 0.4218945264,
    "researchAndDevelopmentExpenses": 0,
    "generalAndAdministrativeExpenses": 133000000,
    "sellingAndMarketingExpenses": 0,
    "sellingGeneralAndAdministrativeExpenses": 133000000,
    "otherExpenses": 214000000,
    "operatingExpenses": 364000000,
    "costAndExpenses": 2215000000,
    "interestIncome": 1000000,
    "interestExpense": 53000000,
    "depreciationAndAmortization": 1350000000,
    "ebitda": 3051000000,
    "ebitdaratio": 0.7625593602,
    "operatingIncome": 1656000000,
    "operatingIncomeRatio": 0.4138965259,
    "totalOtherIncomeExpensesNet": -8000000,
    "incomeBeforeTax": 1648000000,
    "incomeBeforeTaxRatio": 0.4118970257,
    "incomeTaxExpense": 611000000,
    "netIncome": 1035000000,
    "netIncomeRatio": 0.2586853287,
    "eps": 2.59,
    "epsdiluted": 2.54,
    "weightedAverageShsOut": 392000000,
    "weightedAverageShsOutDil": 408000000,
    "link": "https://www.sec.gov/Archives/edgar/data/6769/000119312513321691/0001193125-13-321691-index.html",
    "finalLink": "https://www.sec.gov/Archives/edgar/data/6769/000119312513321691/d542996d10q.htm"
  },
  {
    "date": "2013-03-31",
    "symbol": "APA",
    "reportedCurrency": "USD",
    "cik": "0001841666",
    "fillingDate": "2013-05-09",
    "acceptedDate": "2013-05-09 15:15:52",
    "calendarYear": "2013",
    "period": "Q1",
    "revenue": 4021000000,
    "costOfRevenue": 2107000000,
    "grossProfit": 1914000000,
    "grossProfitRatio": 0.4760009948,
    "researchAndDevelopmentExpenses": 0,
    "generalAndAdministrativeExpenses": 116000000,
    "sellingAndMarketingExpenses": 0,
    "sellingGeneralAndAdministrativeExpenses": 116000000,
    "otherExpenses": 267000000,
    "operatingExpenses": 493000000,
    "costAndExpenses": 2559000000,
    "interestIncome": 1000000,
    "interestExpense": 56000000,
    "depreciationAndAmortization": 1312000000,
    "ebitda": 2810000000,
    "ebitdaratio": 0.6988311365,
    "operatingIncome": 1435000000,
    "operatingIncomeRatio": 0.3568763989,
    "totalOtherIncomeExpensesNet": -55000000,
    "incomeBeforeTax": 1380000000,
    "incomeBeforeTaxRatio": 0.3431982094,
    "incomeTaxExpense": 602000000,
    "netIncome": 717000000,
    "netIncomeRatio": 0.1783138523,
    "eps": 1.78,
    "epsdiluted": 1.76,
    "weightedAverageShsOut": 392000000,
    "weightedAverageShsOutDil": 408000000,
    "link": "https://www.sec.gov/Archives/edgar/data/6769/000119312513210767/0001193125-13-210767-index.html",
    "finalLink": "https://www.sec.gov/Archives/edgar/data/6769/000119312513210767/d504466d10q.htm"
  },
  {
    "date": "2012-12-31",
    "symbol": "APA",
    "reportedCurrency": "USD",
    "cik": "0001841666",
    "fillingDate": "2013-03-01",
    "acceptedDate": "2013-02-28 18:34:31",
    "calendarYear": "2012",
    "period": "Q4",
    "revenue": 4388000000,
    "costOfRevenue": 2266000000,
    "grossProfit": 2122000000,
    "grossProfitRatio": 0.4835916135,
    "researchAndDevelopmentExpenses": 0,
    "generalAndAdministrativeExpenses": 147000000,
    "sellingAndMarketingExpenses": 0,
    "sellingGeneralAndAdministrativeExpenses": 147000000,
    "otherExpenses": 297000000,
    "operatingExpenses": 444000000,
    "costAndExpenses": 2710000000,
    "interestIncome": 7000000,
    "interestExpense": 45000000,
    "depreciationAndAmortization": 1408000000,
    "ebitda": 3127000000,
    "ebitdaratio": 0.7126253418,
    "operatingIncome": 1687000000,
    "operatingIncomeRatio": 0.3844576117,
    "totalOtherIncomeExpensesNet": -46000000,
    "incomeBeforeTax": 1641000000,
    "incomeBeforeTaxRatio": 0.3739744758,
    "incomeTaxExpense": 973000000,
    "netIncome": 668000000,
    "netIncomeRatio": 0.1522333637,
    "eps": 1.66,
    "epsdiluted": 1.64,
    "weightedAverageShsOut": 391000000,
    "weightedAverageShsOutDil": 407000000,
    "link": "https://www.sec.gov/Archives/edgar/data/6769/000119312513085083/0001193125-13-085083-index.html",
    "finalLink": "https://www.sec.gov/Archives/edgar/data/6769/000119312513085083/d457834d10k.htm"
  },
  {
    "date": "2012-09-30",
    "symbol": "APA",
    "reportedCurrency": "USD",
    "cik": "0001841666",
    "fillingDate": "2012-11-07",
    "acceptedDate": "2012-11-07 17:28:10",
    "calendarYear": "2012",
    "period": "Q3",
    "revenue": 4141000000,
    "costOfRevenue": 2916000000,
    "grossProfit": 1225000000,
    "grossProfitRatio": 0.2958222652,
    "researchAndDevelopmentExpenses": 0,
    "generalAndAdministrativeExpenses": 124000000,
    "sellingAndMarketingExpenses": 0,
    "sellingGeneralAndAdministrativeExpenses": 124000000,
    "otherExpenses": 189000000,
    "operatingExpenses": 313000000,
    "costAndExpenses": 3229000000,
    "interestIncome": 0,
    "interestExpense": 40000000,
    "depreciationAndAmortization": 2029000000,
    "ebitda": 2936000000,
    "ebitdaratio": 0.7090074861,
    "operatingIncome": 912000000,
    "operatingIncomeRatio": 0.2202366578,
    "totalOtherIncomeExpensesNet": -47000000,
    "incomeBeforeTax": 865000000,
    "incomeBeforeTaxRatio": 0.2088867423,
    "incomeTaxExpense": 685000000,
    "netIncome": 180000000,
    "netIncomeRatio": 0.0434677614,
    "eps": 0.41,
    "epsdiluted": 0.41,
    "weightedAverageShsOut": 391000000,
    "weightedAverageShsOutDil": 393000000,
    "link": "https://www.sec.gov/Archives/edgar/data/6769/000119312512457830/0001193125-12-457830-index.html",
    "finalLink": "https://www.sec.gov/Archives/edgar/data/6769/000119312512457830/d411546d10q.htm"
  },
  {
    "date": "2012-06-30",
    "symbol": "APA",
    "reportedCurrency": "USD",
    "cik": "0001841666",
    "fillingDate": "2012-08-07",
    "acceptedDate": "2012-08-07 17:26:10",
    "calendarYear": "2012",
    "period": "Q2",
    "revenue": 3956000000,
    "costOfRevenue": 2708000000,
    "grossProfit": 1248000000,
    "grossProfitRatio": 0.3154701719,
    "researchAndDevelopmentExpenses": 0,
    "generalAndAdministrativeExpenses": 132000000,
    "sellingAndMarketingExpenses": 0,
    "sellingGeneralAndAdministrativeExpenses": 132000000,
    "otherExpenses": 244000000,
    "operatingExpenses": 376000000,
    "costAndExpenses": 3084000000,
    "interestIncome": 1000000,
    "interestExpense": 46000000,
    "depreciationAndAmortization": 1932000000,
    "ebitda": 2789000000,
    "ebitdaratio": 0.7050050556,
    "operatingIncome": 872000000,
    "operatingIncomeRatio": 0.2204246714,
    "totalOtherIncomeExpensesNet": -61000000,
    "incomeBeforeTax": 811000000,
    "incomeBeforeTaxRatio": 0.2050050556,
    "incomeTaxExpense": 455000000,
    "netIncome": 356000000,
    "netIncomeRatio": 0.0899898888,
    "eps": 0.87,
    "epsdiluted": 0.86,
    "weightedAverageShsOut": 389000000,
    "weightedAverageShsOutDil": 390000000,
    "link": "https://www.sec.gov/Archives/edgar/data/6769/000119312512341296/0001193125-12-341296-index.html",
    "finalLink": "https://www.sec.gov/Archives/edgar/data/6769/000119312512341296/d354110d10q.htm"
  },
  {
    "date": "2012-03-31",
    "symbol": "APA",
    "reportedCurrency": "USD",
    "cik": "0001841666",
    "fillingDate": "2012-05-08",
    "acceptedDate": "2012-05-08 17:28:12",
    "calendarYear": "2012",
    "period": "Q1",
    "revenue": 4457000000,
    "costOfRevenue": 2490000000,
    "grossProfit": 1967000000,
    "grossProfitRatio": 0.4413282477,
    "researchAndDevelopmentExpenses": 0,
    "generalAndAdministrativeExpenses": 128000000,
    "sellingAndMarketingExpenses": 0,
    "sellingGeneralAndAdministrativeExpenses": 128000000,
    "otherExpenses": 233000000,
    "operatingExpenses": 361000000,
    "costAndExpenses": 2851000000,
    "interestIncome": 3000000,
    "interestExpense": 42000000,
    "depreciationAndAmortization": 1740000000,
    "ebitda": 3342000000,
    "ebitdaratio": 0.7498317254,
    "operatingIncome": 1606000000,
    "operatingIncomeRatio": 0.3603320619,
    "totalOtherIncomeExpensesNet": -46000000,
    "incomeBeforeTax": 1560000000,
    "incomeBeforeTaxRatio": 0.3500112183,
    "incomeTaxExpense": 763000000,
    "netIncome": 797000000,
    "netIncomeRatio": 0.178819834,
    "eps": 2.02,
    "epsdiluted": 2,
    "weightedAverageShsOut": 385000000,
    "weightedAverageShsOutDil": 399000000,
    "link": "https://www.sec.gov/Archives/edgar/data/6769/000119312512086217/d267154d10k.htm",
    "finalLink": "https://www.sec.gov/Archives/edgar/data/6769/000119312512086217/d267154d10k.htm"
  },
  {
    "date": "2011-12-31",
    "symbol": "APA",
    "reportedCurrency": "USD",
    "cik": "0001841666",
    "fillingDate": "2012-02-29",
    "acceptedDate": "2012-02-28 19:30:55",
    "calendarYear": "2011",
    "period": "Q4",
    "revenue": 4297000000,
    "costOfRevenue": 75000000,
    "grossProfit": 4222000000,
    "grossProfitRatio": 0.9825459623,
    "researchAndDevelopmentExpenses": 0,
    "generalAndAdministrativeExpenses": 132000000,
    "sellingAndMarketingExpenses": 0,
    "sellingGeneralAndAdministrativeExpenses": 132000000,
    "otherExpenses": 2109000000,
    "operatingExpenses": 2241000000,
    "costAndExpenses": 2316000000,
    "interestIncome": 3000000,
    "interestExpense": 37000000,
    "depreciationAndAmortization": 1174000000,
    "ebitda": 3152000000,
    "ebitdaratio": 0.7335350244,
    "operatingIncome": 1981000000,
    "operatingIncomeRatio": 0.4610193158,
    "totalOtherIncomeExpensesNet": -40000000,
    "incomeBeforeTax": 1941000000,
    "incomeBeforeTaxRatio": 0.4517104957,
    "incomeTaxExpense": 752000000,
    "netIncome": 1189000000,
    "netIncomeRatio": 0.2767046777,
    "eps": 3.05,
    "epsdiluted": 2.98,
    "weightedAverageShsOut": 384000000,
    "weightedAverageShsOutDil": 400000000,
    "link": "https://www.sec.gov/Archives/edgar/data/6769/000119312512086217/0001193125-12-086217-index.html",
    "finalLink": "https://www.sec.gov/Archives/edgar/data/6769/000119312512086217/d267154d10k.htm"
  },
  {
    "date": "2011-09-30",
    "symbol": "APA",
    "reportedCurrency": "USD",
    "cik": "0001841666",
    "fillingDate": "2011-11-08",
    "acceptedDate": "2011-11-08 17:30:26",
    "calendarYear": "2011",
    "period": "Q3",
    "revenue": 4282000000,
    "costOfRevenue": 1798000000,
    "grossProfit": 2484000000,
    "grossProfitRatio": 0.5801027557,
    "researchAndDevelopmentExpenses": 0,
    "generalAndAdministrativeExpenses": 112000000,
    "sellingAndMarketingExpenses": 0,
    "sellingGeneralAndAdministrativeExpenses": 112000000,
    "otherExpenses": 237000000,
    "operatingExpenses": 349000000,
    "costAndExpenses": 2147000000,
    "interestIncome": 4000000,
    "interestExpense": 40000000,
    "depreciationAndAmortization": 1065000000,
    "ebitda": 3199000000,
    "ebitdaratio": 0.7470808034,
    "operatingIncome": 2135000000,
    "operatingIncomeRatio": 0.4985987856,
    "totalOtherIncomeExpensesNet": -41000000,
    "incomeBeforeTax": 2094000000,
    "incomeBeforeTaxRatio": 0.4890238206,
    "incomeTaxExpense": 1092000000,
    "netIncome": 1002000000,
    "netIncomeRatio": 0.2340028024,
    "eps": 2.56,
    "epsdiluted": 2.5,
    "weightedAverageShsOut": 384000000,
    "weightedAverageShsOutDil": 400000000,
    "link": "https://www.sec.gov/Archives/edgar/data/6769/000095012311096585/0000950123-11-096585-index.html",
    "finalLink": "https://www.sec.gov/Archives/edgar/data/6769/000095012311096585/h84343e10vq.htm"
  },
  {
    "date": "2011-06-30",
    "symbol": "APA",
    "reportedCurrency": "USD",
    "cik": "0001841666",
    "fillingDate": "2011-08-08",
    "acceptedDate": "2011-08-08 16:58:10",
    "calendarYear": "2011",
    "period": "Q2",
    "revenue": 4338000000,
    "costOfRevenue": 73000000,
    "grossProfit": 4265000000,
    "grossProfitRatio": 0.9831719686,
    "researchAndDevelopmentExpenses": 0,
    "generalAndAdministrativeExpenses": 103000000,
    "sellingAndMarketingExpenses": 0,
    "sellingGeneralAndAdministrativeExpenses": 103000000,
    "otherExpenses": 1984000000,
    "operatingExpenses": 2087000000,
    "costAndExpenses": 2160000000,
    "interestIncome": 6000000,
    "interestExpense": 46000000,
    "depreciationAndAmortization": 1029000000,
    "ebitda": 3206000000,
    "ebitdaratio": 0.7390502536,
    "operatingIncome": 2178000000,
    "operatingIncomeRatio": 0.5020746888,
    "totalOtherIncomeExpensesNet": -47000000,
    "incomeBeforeTax": 2131000000,
    "incomeBeforeTaxRatio": 0.4912402029,
    "incomeTaxExpense": 872000000,
    "netIncome": 1259000000,
    "netIncomeRatio": 0.2902259106,
    "eps": 3.23,
    "epsdiluted": 3.17,
    "weightedAverageShsOut": 384000000,
    "weightedAverageShsOutDil": 397000000,
    "link": "https://www.sec.gov/Archives/edgar/data/6769/000095012311074471/0000950123-11-074471-index.html",
    "finalLink": "https://www.sec.gov/Archives/edgar/data/6769/000095012311074471/h82406e10vq.htm"
  },
  {
    "date": "2011-03-31",
    "symbol": "APA",
    "reportedCurrency": "USD",
    "cik": "0001841666",
    "fillingDate": "2011-05-09",
    "acceptedDate": "2011-05-09 15:53:17",
    "calendarYear": "2011",
    "period": "Q1",
    "revenue": 3925000000,
    "costOfRevenue": 699000000,
    "grossProfit": 3226000000,
    "grossProfitRatio": 0.821910828,
    "researchAndDevelopmentExpenses": 0,
    "generalAndAdministrativeExpenses": 112000000,
    "sellingAndMarketingExpenses": 0,
    "sellingGeneralAndAdministrativeExpenses": 112000000,
    "otherExpenses": 1137000000,
    "operatingExpenses": 1249000000,
    "costAndExpenses": 1948000000,
    "interestIncome": 4000000,
    "interestExpense": 48000000,
    "depreciationAndAmortization": 936000000,
    "ebitda": 2911000000,
    "ebitdaratio": 0.741656051,
    "operatingIncome": 1977000000,
    "operatingIncomeRatio": 0.5036942675,
    "totalOtherIncomeExpensesNet": -50000000,
    "incomeBeforeTax": 1927000000,
    "incomeBeforeTaxRatio": 0.490955414,
    "incomeTaxExpense": 793000000,
    "netIncome": 1134000000,
    "netIncomeRatio": 0.2889171975,
    "eps": 2.91,
    "epsdiluted": 2.86,
    "weightedAverageShsOut": 383000000,
    "weightedAverageShsOutDil": 397000000,
    "link": "https://www.sec.gov/Archives/edgar/data/6769/000095012311047361/0000950123-11-047361-index.html",
    "finalLink": "https://www.sec.gov/Archives/edgar/data/6769/000095012311047361/h80300e10vq.htm"
  },
  {
    "date": "2010-12-31",
    "symbol": "APA",
    "reportedCurrency": "USD",
    "cik": "0001841666",
    "fillingDate": "2011-02-28",
    "acceptedDate": "2011-02-28 17:20:11",
    "calendarYear": "2010",
    "period": "Q4",
    "revenue": 3434180000,
    "costOfRevenue": 51757000,
    "grossProfit": 3382423000,
    "grossProfitRatio": 0.9849288622,
    "researchAndDevelopmentExpenses": 0,
    "generalAndAdministrativeExpenses": 104113000,
    "sellingAndMarketingExpenses": 0,
    "sellingGeneralAndAdministrativeExpenses": 104113000,
    "otherExpenses": 1772820000,
    "operatingExpenses": 1876933000,
    "costAndExpenses": 1928690000,
    "interestIncome": -4000000,
    "interestExpense": 50626000,
    "depreciationAndAmortization": 928514000,
    "ebitda": 2247004000,
    "ebitdaratio": 0.6543058314,
    "operatingIncome": 1505490000,
    "operatingIncomeRatio": 0.4383841266,
    "totalOtherIncomeExpensesNet": -237626000,
    "incomeBeforeTax": 1267864000,
    "incomeBeforeTaxRatio": 0.3691897338,
    "incomeTaxExpense": 579333000,
    "netIncome": 688531000,
    "netIncomeRatio": 0.2004935676,
    "eps": 1.8,
    "epsdiluted": 1.73,
    "weightedAverageShsOut": 383000000,
    "weightedAverageShsOutDil": 397000000,
    "link": "https://www.sec.gov/Archives/edgar/data/6769/000095012311019900/0000950123-11-019900-index.htm",
    "finalLink": "https://www.sec.gov/Archives/edgar/data/6769/000095012311019900/h78042e10vk.htm"
  },
  {
    "date": "2010-09-30",
    "symbol": "APA",
    "reportedCurrency": "USD",
    "cik": "0001841666",
    "fillingDate": "2010-11-09",
    "acceptedDate": "2010-11-09 10:18:49",
    "calendarYear": "2010",
    "period": "Q3",
    "revenue": 3012659000,
    "costOfRevenue": 43000000,
    "grossProfit": 2969659000,
    "grossProfitRatio": 0.9857268944,
    "researchAndDevelopmentExpenses": 0,
    "generalAndAdministrativeExpenses": 96908000,
    "sellingAndMarketingExpenses": 0,
    "sellingGeneralAndAdministrativeExpenses": 96908000,
    "otherExpenses": 1476203000,
    "operatingExpenses": 1566000000,
    "costAndExpenses": 1609000000,
    "interestIncome": 350000,
    "interestExpense": 59350000,
    "depreciationAndAmortization": 787000000,
    "ebitda": 2181000000,
    "ebitdaratio": 0.7239451926,
    "operatingIncome": 1404000000,
    "operatingIncomeRatio": 0.466033494,
    "totalOtherIncomeExpensesNet": -67000000,
    "incomeBeforeTax": 1337000000,
    "incomeBeforeTaxRatio": 0.4437940039,
    "incomeTaxExpense": 559000000,
    "netIncome": 778000000,
    "netIncomeRatio": 0.2582436313,
    "eps": 2.14,
    "epsdiluted": 2.12,
    "weightedAverageShsOut": 357000000,
    "weightedAverageShsOutDil": 367000000,
    "link": "https://www.sec.gov/Archives/edgar/data/6769/000095012310102963/0000950123-10-102963-index.html",
    "finalLink": "https://www.sec.gov/Archives/edgar/data/6769/000095012310102963/h76481e10vq.htm"
  },
  {
    "date": "2010-06-30",
    "symbol": "APA",
    "reportedCurrency": "USD",
    "cik": "0001841666",
    "fillingDate": "2010-08-06",
    "acceptedDate": "2010-08-06 15:12:22",
    "calendarYear": "2010",
    "period": "Q2",
    "revenue": 2971910000,
    "costOfRevenue": 488987000,
    "grossProfit": 2482923000,
    "grossProfitRatio": 0.8354637253,
    "researchAndDevelopmentExpenses": 0,
    "generalAndAdministrativeExpenses": 91829000,
    "sellingAndMarketingExpenses": 0,
    "sellingGeneralAndAdministrativeExpenses": 91829000,
    "otherExpenses": 1387000000,
    "operatingExpenses": 1033173000,
    "costAndExpenses": 1514000000,
    "interestIncome": 1000000,
    "interestExpense": 57000000,
    "depreciationAndAmortization": 729751000,
    "ebitda": 2180000000,
    "ebitdaratio": 0.7335349994,
    "operatingIncome": 1458000000,
    "operatingIncomeRatio": 0.4905935913,
    "totalOtherIncomeExpensesNet": -64007000,
    "incomeBeforeTax": 1393993000,
    "incomeBeforeTaxRatio": 0.4690562635,
    "incomeTaxExpense": 534000000,
    "netIncome": 860000000,
    "netIncomeRatio": 0.2893761924,
    "eps": 2.55,
    "epsdiluted": 2.53,
    "weightedAverageShsOut": 338000000,
    "weightedAverageShsOutDil": 339000000,
    "link": "https://www.sec.gov/Archives/edgar/data/6769/000095012310074221/0000950123-10-074221-index.html",
    "finalLink": "https://www.sec.gov/Archives/edgar/data/6769/000095012310074221/h74335e10vq.htm"
  },
  {
    "date": "2010-03-31",
    "symbol": "APA",
    "reportedCurrency": "USD",
    "cik": "0001841666",
    "fillingDate": "2010-05-07",
    "acceptedDate": "2010-05-07 12:56:30",
    "calendarYear": "2010",
    "period": "Q1",
    "revenue": 2673000000,
    "costOfRevenue": 480611000,
    "grossProfit": 2192389000,
    "grossProfitRatio": 0.820197905,
    "researchAndDevelopmentExpenses": 0,
    "generalAndAdministrativeExpenses": 87150000,
    "sellingAndMarketingExpenses": 0,
    "sellingGeneralAndAdministrativeExpenses": 87150000,
    "otherExpenses": 841000000,
    "operatingExpenses": 902586000,
    "costAndExpenses": 1383197000,
    "interestIncome": 1526000,
    "interestExpense": 60000000,
    "depreciationAndAmortization": 639000000,
    "ebitda": 1906000000,
    "ebitdaratio": 0.7130564908,
    "operatingIncome": 1290054000,
    "operatingIncomeRatio": 0.482624018,
    "totalOtherIncomeExpensesNet": -83054000,
    "incomeBeforeTax": 1207000000,
    "incomeBeforeTaxRatio": 0.4515525627,
    "incomeTaxExpense": 501804000,
    "netIncome": 705000000,
    "netIncomeRatio": 0.2637485971,
    "eps": 2.09,
    "epsdiluted": 2.08,
    "weightedAverageShsOut": 337000000,
    "weightedAverageShsOutDil": 339000000,
    "link": "https://www.sec.gov/Archives/edgar/data/6769/000095012310046160/0000950123-10-046160-index.html",
    "finalLink": "https://www.sec.gov/Archives/edgar/data/6769/000095012310046160/h70189e10vq.htm"
  },
  {
    "date": "2009-12-31",
    "symbol": "APA",
    "reportedCurrency": "USD",
    "cik": "0001841666",
    "fillingDate": "2010-02-26",
    "acceptedDate": "2010-02-26 17:10:45",
    "calendarYear": "2009",
    "period": "Q4",
    "revenue": 2555192000,
    "costOfRevenue": 453492000,
    "grossProfit": 2101700000,
    "grossProfitRatio": 0.8225213604,
    "researchAndDevelopmentExpenses": 0,
    "generalAndAdministrativeExpenses": 85440000,
    "sellingAndMarketingExpenses": 0,
    "sellingGeneralAndAdministrativeExpenses": 85440000,
    "otherExpenses": 857229000,
    "operatingExpenses": 942669000,
    "costAndExpenses": 1396161000,
    "interestIncome": 1822000,
    "interestExpense": 117634000,
    "depreciationAndAmortization": 615189000,
    "ebitda": 1855316000,
    "ebitdaratio": 0.7260965125,
    "operatingIncome": 1159031000,
    "operatingIncomeRatio": 0.4535983989,
    "totalOtherIncomeExpensesNet": -36538000,
    "incomeBeforeTax": 1122493000,
    "incomeBeforeTaxRatio": 0.4392988863,
    "incomeTaxExpense": 536687000,
    "netIncome": 585806000,
    "netIncomeRatio": 0.2292610497,
    "eps": 1.74,
    "epsdiluted": 1.73,
    "weightedAverageShsOut": 336924000,
    "weightedAverageShsOutDil": 339135000,
    "link": "https://www.sec.gov/Archives/edgar/data/6769/000095012310018311/0000950123-10-018311-index.html",
    "finalLink": "https://www.sec.gov/Archives/edgar/data/6769/000095012310018311/h69016e10vk.htm"
  },
  {
    "date": "2009-09-30",
    "symbol": "APA",
    "reportedCurrency": "USD",
    "cik": "0001841666",
    "fillingDate": "2009-11-06",
    "acceptedDate": "2009-11-06 15:57:37",
    "calendarYear": "2009",
    "period": "Q3",
    "revenue": 2332431000,
    "costOfRevenue": 36232000,
    "grossProfit": 2296199000,
    "grossProfitRatio": 0.9844659928,
    "researchAndDevelopmentExpenses": 0,
    "generalAndAdministrativeExpenses": 82492000,
    "sellingAndMarketingExpenses": 0,
    "sellingGeneralAndAdministrativeExpenses": 82492000,
    "otherExpenses": 1281417000,
    "operatingExpenses": 892321000,
    "costAndExpenses": 1374088000,
    "interestIncome": 2231000,
    "interestExpense": 63915000,
    "depreciationAndAmortization": 625898000,
    "ebitda": 1558188000,
    "ebitdaratio": 0.6680532029,
    "operatingIncome": 932290000,
    "operatingIncomeRatio": 0.3997074297,
    "totalOtherIncomeExpensesNet": -61684000,
    "incomeBeforeTax": 870606000,
    "incomeBeforeTaxRatio": 0.3732612026,
    "incomeTaxExpense": 428590000,
    "netIncome": 442016000,
    "netIncomeRatio": 0.1895087143,
    "eps": 1.31,
    "epsdiluted": 1.3,
    "weightedAverageShsOut": 336159000,
    "weightedAverageShsOutDil": 337872000,
    "link": "https://www.sec.gov/Archives/edgar/data/6769/000095012309059292/0000950123-09-059292-index.html",
    "finalLink": "https://www.sec.gov/Archives/edgar/data/6769/000095012309059292/h67769e10vq.htm"
  },
  {
    "date": "2009-06-30",
    "symbol": "APA",
    "reportedCurrency": "USD",
    "cik": "0001841666",
    "fillingDate": "2009-08-07",
    "acceptedDate": "2009-08-07 17:26:10",
    "calendarYear": "2009",
    "period": "Q2",
    "revenue": 2093378000,
    "costOfRevenue": 438752000,
    "grossProfit": 1654626000,
    "grossProfitRatio": 0.7904095677,
    "researchAndDevelopmentExpenses": 0,
    "generalAndAdministrativeExpenses": 90905000,
    "sellingAndMarketingExpenses": 0,
    "sellingGeneralAndAdministrativeExpenses": 90905000,
    "otherExpenses": 715783000,
    "operatingExpenses": 781570000,
    "costAndExpenses": 1220322000,
    "interestIncome": 1236000,
    "interestExpense": 62391000,
    "depreciationAndAmortization": 573359000,
    "ebitda": 1423297000,
    "ebitdaratio": 0.6799044415,
    "operatingIncome": 847938000,
    "operatingIncomeRatio": 0.4050572806,
    "totalOtherIncomeExpensesNet": -61155000,
    "incomeBeforeTax": 786783000,
    "incomeBeforeTaxRatio": 0.375843732,
    "incomeTaxExpense": 342063000,
    "netIncome": 444720000,
    "netIncomeRatio": 0.2124413269,
    "eps": 1.32,
    "epsdiluted": 1.31,
    "weightedAverageShsOut": 336000000,
    "weightedAverageShsOutDil": 337000000,
    "link": "https://www.sec.gov/Archives/edgar/data/6769/000095012309032262/0000950123-09-032262-index.html",
    "finalLink": "https://www.sec.gov/Archives/edgar/data/6769/000095012309032262/h66885e10vq.htm"
  },
  {
    "date": "2009-03-31",
    "symbol": "APA",
    "reportedCurrency": "USD",
    "cik": "0001841666",
    "fillingDate": "2009-05-08",
    "acceptedDate": "2009-05-08 13:15:55",
    "calendarYear": "2009",
    "period": "Q1",
    "revenue": 1633825000,
    "costOfRevenue": 430828000,
    "grossProfit": 1202997000,
    "grossProfitRatio": 0.736307132,
    "researchAndDevelopmentExpenses": 0,
    "generalAndAdministrativeExpenses": 85046000,
    "sellingAndMarketingExpenses": 0,
    "sellingGeneralAndAdministrativeExpenses": 85046000,
    "otherExpenses": 3486117000,
    "operatingExpenses": 3571163000,
    "costAndExpenses": 3631240000,
    "interestIncome": 5726000,
    "interestExpense": 62905000,
    "depreciationAndAmortization": 3398778000,
    "ebitda": 1009600000,
    "ebitdaratio": 0.6179364375,
    "operatingIncome": -2368166000,
    "operatingIncomeRatio": -1.4494612336,
    "totalOtherIncomeExpensesNet": -85325000,
    "incomeBeforeTax": -2453491000,
    "incomeBeforeTaxRatio": -1.501685309,
    "incomeTaxExpense": -696551000,
    "netIncome": -1756940000,
    "netIncomeRatio": -1.0753538476,
    "eps": -5.24,
    "epsdiluted": -5.24,
    "weightedAverageShsOut": 335104000,
    "weightedAverageShsOutDil": 335104000,
    "link": "https://www.sec.gov/Archives/edgar/data/6769/000095012909001550/0000950129-09-001550-index.html",
    "finalLink": "https://www.sec.gov/Archives/edgar/data/6769/000095012909001550/h66712e10vq.htm"
  },
  {
    "date": "2008-12-31",
    "symbol": "APA",
    "reportedCurrency": "USD",
    "cik": "0001841666",
    "fillingDate": "2009-03-02",
    "acceptedDate": "2009-03-02 17:15:29",
    "calendarYear": "2008",
    "period": "Q4",
    "revenue": 1876890000,
    "costOfRevenue": 553456000,
    "grossProfit": 1323434000,
    "grossProfitRatio": 0.705120705,
    "researchAndDevelopmentExpenses": 0,
    "generalAndAdministrativeExpenses": 69938000,
    "sellingAndMarketingExpenses": 0,
    "sellingGeneralAndAdministrativeExpenses": 69938000,
    "otherExpenses": 6138117000,
    "operatingExpenses": 6208055000,
    "costAndExpenses": 6761511000,
    "interestIncome": 0,
    "interestExpense": 0,
    "depreciationAndAmortization": 6001214000,
    "ebitda": 1116593000,
    "ebitdaratio": 0.5949165907,
    "operatingIncome": -4884621000,
    "operatingIncomeRatio": -2.6025078721,
    "totalOtherIncomeExpensesNet": -16097000,
    "incomeBeforeTax": -4900718000,
    "incomeBeforeTaxRatio": -2.6110842937,
    "incomeTaxExpense": -1955105000,
    "netIncome": -2945613000,
    "netIncomeRatio": -1.5694116331,
    "eps": -8.79,
    "epsdiluted": -8.79,
    "weightedAverageShsOut": 334969000,
    "weightedAverageShsOutDil": 335104000,
    "link": "https://www.sec.gov/Archives/edgar/data/6769/000095012909000708/0000950129-09-000708-index.html",
    "finalLink": "https://www.sec.gov/Archives/edgar/data/6769/000095012909000708/h65809e10vk.htm"
  },
  {
    "date": "2008-09-30",
    "symbol": "APA",
    "reportedCurrency": "USD",
    "cik": "0001841666",
    "fillingDate": "2008-11-10",
    "acceptedDate": "2008-11-10 13:05:47",
    "calendarYear": "2008",
    "period": "Q3",
    "revenue": 3364884000,
    "costOfRevenue": 530541000,
    "grossProfit": 2834343000,
    "grossProfitRatio": 0.8423300774,
    "researchAndDevelopmentExpenses": 0,
    "generalAndAdministrativeExpenses": 57561000,
    "sellingAndMarketingExpenses": 0,
    "sellingGeneralAndAdministrativeExpenses": 57561000,
    "otherExpenses": 905167000,
    "operatingExpenses": 962728000,
    "costAndExpenses": 1493269000,
    "interestIncome": 9550000,
    "interestExpense": 42023000,
    "depreciationAndAmortization": 600887000,
    "ebitda": 2457082000,
    "ebitdaratio": 0.730212988,
    "operatingIncome": 1871615000,
    "operatingIncomeRatio": 0.5562197686,
    "totalOtherIncomeExpensesNet": -58261000,
    "incomeBeforeTax": 1813354000,
    "incomeBeforeTaxRatio": 0.5389053531,
    "incomeTaxExpense": 622529000,
    "netIncome": 1190825000,
    "netIncomeRatio": 0.3538977867,
    "eps": 3.55,
    "epsdiluted": 3.52,
    "weightedAverageShsOut": 334825000,
    "weightedAverageShsOutDil": 337894000,
    "link": "https://www.sec.gov/Archives/edgar/data/6769/000095012908005541/0000950129-08-005541-index.html",
    "finalLink": "https://www.sec.gov/Archives/edgar/data/6769/000095012908005541/h64541e10vq.htm"
  },
  {
    "date": "2008-06-30",
    "symbol": "APA",
    "reportedCurrency": "USD",
    "cik": "0001841666",
    "fillingDate": "2008-08-11",
    "acceptedDate": "2008-08-11 14:45:15",
    "calendarYear": "2008",
    "period": "Q2",
    "revenue": 3900191000,
    "costOfRevenue": 486505000,
    "grossProfit": 3413686000,
    "grossProfitRatio": 0.8752612372,
    "researchAndDevelopmentExpenses": 0,
    "generalAndAdministrativeExpenses": 78872000,
    "sellingAndMarketingExpenses": 0,
    "sellingGeneralAndAdministrativeExpenses": 78872000,
    "otherExpenses": 926216000,
    "operatingExpenses": 1005088000,
    "costAndExpenses": 1491593000,
    "interestIncome": 5297000,
    "interestExpense": 43518000,
    "depreciationAndAmortization": 627668000,
    "ebitda": 3015055000,
    "ebitdaratio": 0.7730531659,
    "operatingIncome": 2407769000,
    "operatingIncomeRatio": 0.6173464325,
    "totalOtherIncomeExpensesNet": -63900000,
    "incomeBeforeTax": 2343869000,
    "incomeBeforeTaxRatio": 0.6009626195,
    "incomeTaxExpense": 898640000,
    "netIncome": 1445229000,
    "netIncomeRatio": 0.3705533908,
    "eps": 4.32,
    "epsdiluted": 4.28,
    "weightedAverageShsOut": 334208000,
    "weightedAverageShsOutDil": 337676000,
    "link": "https://www.sec.gov/Archives/edgar/data/6769/000095012908004404/0000950129-08-004404-index.html",
    "finalLink": "https://www.sec.gov/Archives/edgar/data/6769/000095012908004404/h59342e10vq.htm"
  },
  {
    "date": "2008-03-31",
    "symbol": "APA",
    "reportedCurrency": "USD",
    "cik": "0001841666",
    "fillingDate": "2008-05-12",
    "acceptedDate": "2008-05-12 12:40:20",
    "calendarYear": "2008",
    "period": "Q1",
    "revenue": 3187741000,
    "costOfRevenue": 495614000,
    "grossProfit": 2692127000,
    "grossProfitRatio": 0.84452501,
    "researchAndDevelopmentExpenses": 0,
    "generalAndAdministrativeExpenses": 82423000,
    "sellingAndMarketingExpenses": 0,
    "sellingGeneralAndAdministrativeExpenses": 82423000,
    "otherExpenses": 863067000,
    "operatingExpenses": 945490000,
    "costAndExpenses": 1012963000,
    "interestIncome": 4328000,
    "interestExpense": 47730000,
    "depreciationAndAmortization": 620489000,
    "ebitda": 2344106000,
    "ebitdaratio": 0.7353502057,
    "operatingIncome": 1746637000,
    "operatingIncomeRatio": 0.5479231217,
    "totalOtherIncomeExpensesNet": -70750000,
    "incomeBeforeTax": 1675887000,
    "incomeBeforeTaxRatio": 0.5257287214,
    "incomeTaxExpense": 654374000,
    "netIncome": 1021513000,
    "netIncomeRatio": 0.3204504381,
    "eps": 3.06,
    "epsdiluted": 3.03,
    "weightedAverageShsOut": 333393000,
    "weightedAverageShsOutDil": 336549000,
    "link": "https://www.sec.gov/Archives/edgar/data/6769/000095012908002932/0000950129-08-002932-index.html",
    "finalLink": "https://www.sec.gov/Archives/edgar/data/6769/000095012908002932/h56194e10vq.htm"
  },
  {
    "date": "2007-12-31",
    "symbol": "APA",
    "reportedCurrency": "USD",
    "cik": "0001841666",
    "fillingDate": "2008-02-29",
    "acceptedDate": "2008-02-29 14:08:15",
    "calendarYear": "2007",
    "period": "Q4",
    "revenue": 3012166000,
    "costOfRevenue": 501592000,
    "grossProfit": 2510574000,
    "grossProfitRatio": 0.833477969,
    "researchAndDevelopmentExpenses": 0,
    "generalAndAdministrativeExpenses": 75000000,
    "sellingAndMarketingExpenses": 0,
    "sellingGeneralAndAdministrativeExpenses": 75000000,
    "otherExpenses": 813472000,
    "operatingExpenses": 888472000,
    "costAndExpenses": 1390064000,
    "interestIncome": 0,
    "interestExpense": 0,
    "depreciationAndAmortization": 624975000,
    "ebitda": 2247077000,
    "ebitdaratio": 0.7460003864,
    "operatingIncome": 1622102000,
    "operatingIncomeRatio": 0.5385168015,
    "totalOtherIncomeExpensesNet": -76455000,
    "incomeBeforeTax": 1545647000,
    "incomeBeforeTaxRatio": 0.5131347343,
    "incomeTaxExpense": 473124000,
    "netIncome": 1072523000,
    "netIncomeRatio": 0.3560637096,
    "eps": 3.22,
    "epsdiluted": 3.19,
    "weightedAverageShsOut": 333363725,
    "weightedAverageShsOutDil": 336664356,
    "link": "https://www.sec.gov/Archives/edgar/data/6769/000095012908001358/0000950129-08-001358-index.htm",
    "finalLink": "https://www.sec.gov/Archives/edgar/data/6769/000095012908001358/h54173e10vk.htm"
  },
  {
    "date": "2007-09-30",
    "symbol": "APA",
    "reportedCurrency": "USD",
    "cik": "0001841666",
    "fillingDate": "2007-11-09",
    "acceptedDate": "2007-11-09 11:26:41",
    "calendarYear": "2007",
    "period": "Q3",
    "revenue": 2498594000,
    "costOfRevenue": 452906000,
    "grossProfit": 2045688000,
    "grossProfitRatio": 0.8187356569,
    "researchAndDevelopmentExpenses": 0,
    "generalAndAdministrativeExpenses": 61405000,
    "sellingAndMarketingExpenses": 0,
    "sellingGeneralAndAdministrativeExpenses": 61405000,
    "otherExpenses": 725994000,
    "operatingExpenses": 787399000,
    "costAndExpenses": 1240305000,
    "interestIncome": 0,
    "interestExpense": 0,
    "depreciationAndAmortization": 600796000,
    "ebitda": 1859085000,
    "ebitdaratio": 0.7440524551,
    "operatingIncome": 1258289000,
    "operatingIncomeRatio": 0.503598824,
    "totalOtherIncomeExpensesNet": -84211000,
    "incomeBeforeTax": 1174078000,
    "incomeBeforeTaxRatio": 0.4698954692,
    "incomeTaxExpense": 560730000,
    "netIncome": 613348000,
    "netIncomeRatio": 0.2454772564,
    "eps": 1.84,
    "epsdiluted": 1.83,
    "weightedAverageShsOut": 332569565,
    "weightedAverageShsOutDil": 334386885,
    "link": "https://www.sec.gov/Archives/edgar/data/6769/000095012907005513/0000950129-07-005513-index.html",
    "finalLink": "https://www.sec.gov/Archives/edgar/data/6769/000095012907005513/h51325e10vq.htm"
  },
  {
    "date": "2007-06-30",
    "symbol": "APA",
    "reportedCurrency": "USD",
    "cik": "0001841666",
    "fillingDate": "2007-08-09",
    "acceptedDate": "2007-08-09 11:56:34",
    "calendarYear": "2007",
    "period": "Q2",
    "revenue": 2444031000,
    "costOfRevenue": 449001000,
    "grossProfit": 1995030000,
    "grossProfitRatio": 0.8162867001,
    "researchAndDevelopmentExpenses": 0,
    "generalAndAdministrativeExpenses": 70798000,
    "sellingAndMarketingExpenses": 0,
    "sellingGeneralAndAdministrativeExpenses": 70798000,
    "otherExpenses": 722122000,
    "operatingExpenses": 792920000,
    "costAndExpenses": 1241921000,
    "interestIncome": 0,
    "interestExpense": 66770000,
    "depreciationAndAmortization": 591107000,
    "ebitda": 1793217000,
    "ebitdaratio": 0.7337128703,
    "operatingIncome": 1202110000,
    "operatingIncomeRatio": 0.4918554634,
    "totalOtherIncomeExpensesNet": -63856000,
    "incomeBeforeTax": 1138254000,
    "incomeBeforeTaxRatio": 0.4657281352,
    "incomeTaxExpense": 504716000,
    "netIncome": 633538000,
    "netIncomeRatio": 0.2592184796,
    "eps": 1.91,
    "epsdiluted": 1.89,
    "weightedAverageShsOut": 330951832,
    "weightedAverageShsOutDil": 334453968,
    "link": "https://www.sec.gov/Archives/edgar/data/6769/000095012907003894/0000950129-07-003894-index.html",
    "finalLink": "https://www.sec.gov/Archives/edgar/data/6769/000095012907003894/h48421e10vq.htm"
  },
  {
    "date": "2007-03-31",
    "symbol": "APA",
    "reportedCurrency": "USD",
    "cik": "0001841666",
    "fillingDate": "2007-05-10",
    "acceptedDate": "2007-05-10 14:44:36",
    "calendarYear": "2007",
    "period": "Q1",
    "revenue": 2023067000,
    "costOfRevenue": 420534000,
    "grossProfit": 1602533000,
    "grossProfitRatio": 0.7921304633,
    "researchAndDevelopmentExpenses": 0,
    "generalAndAdministrativeExpenses": 67862000,
    "sellingAndMarketingExpenses": 0,
    "sellingGeneralAndAdministrativeExpenses": 67862000,
    "otherExpenses": 628185000,
    "operatingExpenses": 696047000,
    "costAndExpenses": 1116581000,
    "interestIncome": 0,
    "interestExpense": 0,
    "depreciationAndAmortization": 530913000,
    "ebitda": 1437399000,
    "ebitdaratio": 0.7105048918,
    "operatingIncome": 906486000,
    "operatingIncomeRatio": 0.4480751255,
    "totalOtherIncomeExpensesNet": -91853000,
    "incomeBeforeTax": 814633000,
    "incomeBeforeTaxRatio": 0.4026722793,
    "incomeTaxExpense": 321684000,
    "netIncome": 492949000,
    "netIncomeRatio": 0.243664199,
    "eps": 1.48,
    "epsdiluted": 1.47,
    "weightedAverageShsOut": 332114189,
    "weightedAverageShsOutDil": 334373469,
    "link": "https://www.sec.gov/Archives/edgar/data/6769/000095012907002449/0000950129-07-002449-index.html",
    "finalLink": "https://www.sec.gov/Archives/edgar/data/6769/000095012907002449/h46387e10vq.htm"
  },
  {
    "date": "2006-12-31",
    "symbol": "APA",
    "reportedCurrency": "USD",
    "cik": "0001841666",
    "fillingDate": "2007-03-01",
    "acceptedDate": "2007-03-01 15:27:42",
    "calendarYear": "2006",
    "period": "Q4",
    "revenue": 1966678000,
    "costOfRevenue": 424168000,
    "grossProfit": 1542510000,
    "grossProfitRatio": 0.7843225988,
    "researchAndDevelopmentExpenses": 0,
    "generalAndAdministrativeExpenses": 59690000,
    "sellingAndMarketingExpenses": 0,
    "sellingGeneralAndAdministrativeExpenses": 59690000,
    "otherExpenses": 636260000,
    "operatingExpenses": 695950000,
    "costAndExpenses": 1120118000,
    "interestIncome": 0,
    "interestExpense": 48781000,
    "depreciationAndAmortization": 514802000,
    "ebitda": 1361362000,
    "ebitdaratio": 0.6922139771,
    "operatingIncome": 846560000,
    "operatingIncomeRatio": 0.4304517567,
    "totalOtherIncomeExpensesNet": -70241000,
    "incomeBeforeTax": 776319000,
    "incomeBeforeTaxRatio": 0.3947361998,
    "incomeTaxExpense": 255478000,
    "netIncome": 520841000,
    "netIncomeRatio": 0.2648328806,
    "eps": 1.57,
    "epsdiluted": 1.56,
    "weightedAverageShsOut": 332114189,
    "weightedAverageShsOutDil": 334373469,
    "link": "https://www.sec.gov/Archives/edgar/data/6769/000095012907001091/0000950129-07-001091-index.htm",
    "finalLink": "https://www.sec.gov/Archives/edgar/data/6769/000095012907001091/h43727e10vk.htm"
  },
  {
    "date": "2006-09-30",
    "symbol": "APA",
    "reportedCurrency": "USD",
    "cik": "0001841666",
    "fillingDate": "2006-11-08",
    "acceptedDate": "2006-11-08 15:58:06",
    "calendarYear": "2006",
    "period": "Q3",
    "revenue": 2261481000,
    "costOfRevenue": 386599000,
    "grossProfit": 1874882000,
    "grossProfitRatio": 0.8290505204,
    "researchAndDevelopmentExpenses": 0,
    "generalAndAdministrativeExpenses": 53781000,
    "sellingAndMarketingExpenses": 0,
    "sellingGeneralAndAdministrativeExpenses": 53781000,
    "otherExpenses": 605246000,
    "operatingExpenses": 659027000,
    "costAndExpenses": 1045626000,
    "interestIncome": 0,
    "interestExpense": 0,
    "depreciationAndAmortization": 487542000,
    "ebitda": 1514731000,
    "ebitdaratio": 0.6697960319,
    "operatingIncome": 1027189000,
    "operatingIncomeRatio": 0.4542107583,
    "totalOtherIncomeExpensesNet": 123918000,
    "incomeBeforeTax": 1151107000,
    "incomeBeforeTaxRatio": 0.5090058241,
    "incomeTaxExpense": 504043000,
    "netIncome": 647064000,
    "netIncomeRatio": 0.2861240046,
    "eps": 1.96,
    "epsdiluted": 1.94,
    "weightedAverageShsOut": 329410204,
    "weightedAverageShsOutDil": 332806186,
    "link": "https://www.sec.gov/Archives/edgar/data/6769/000095012906009521/0000950129-06-009521-index.htm",
    "finalLink": "https://www.sec.gov/Archives/edgar/data/6769/000095012906009521/h40903e10vq.htm"
  },
  {
    "date": "2006-06-30",
    "symbol": "APA",
    "reportedCurrency": "USD",
    "cik": "0001841666",
    "fillingDate": "2006-08-09",
    "acceptedDate": "2006-08-09 10:30:50",
    "calendarYear": "2006",
    "period": "Q2",
    "revenue": 2085127000,
    "costOfRevenue": 338211000,
    "grossProfit": 1746916000,
    "grossProfitRatio": 0.8377983691,
    "researchAndDevelopmentExpenses": 0,
    "generalAndAdministrativeExpenses": 52191000,
    "sellingAndMarketingExpenses": 0,
    "sellingGeneralAndAdministrativeExpenses": 52191000,
    "otherExpenses": 609840000,
    "operatingExpenses": 662031000,
    "costAndExpenses": 1000242000,
    "interestIncome": 0,
    "interestExpense": 0,
    "depreciationAndAmortization": 441438000,
    "ebitda": 1526323000,
    "ebitdaratio": 0.7320048131,
    "operatingIncome": 1084885000,
    "operatingIncomeRatio": 0.5202968452,
    "totalOtherIncomeExpensesNet": -75978000,
    "incomeBeforeTax": 1008907000,
    "incomeBeforeTaxRatio": 0.4838587769,
    "incomeTaxExpense": 285282000,
    "netIncome": 723625000,
    "netIncomeRatio": 0.3470412114,
    "eps": 2.19,
    "epsdiluted": 2.17,
    "weightedAverageShsOut": 329773973,
    "weightedAverageShsOutDil": 332813364,
    "link": "https://www.sec.gov/Archives/edgar/data/6769/000095012906007725/0000950129-06-007725-index.htm",
    "finalLink": "https://www.sec.gov/Archives/edgar/data/6769/000095012906007725/h37926e10vq.htm"
  },
  {
    "date": "2006-03-31",
    "symbol": "APA",
    "reportedCurrency": "USD",
    "cik": "0001841666",
    "fillingDate": "2006-05-09",
    "acceptedDate": "2006-05-09 12:34:27",
    "calendarYear": "2006",
    "period": "Q1",
    "revenue": 1999102000,
    "costOfRevenue": 317718000,
    "grossProfit": 1681384000,
    "grossProfitRatio": 0.8410696403,
    "researchAndDevelopmentExpenses": 0,
    "generalAndAdministrativeExpenses": 45672000,
    "sellingAndMarketingExpenses": 0,
    "sellingGeneralAndAdministrativeExpenses": 45672000,
    "otherExpenses": 518991000,
    "operatingExpenses": 564663000,
    "costAndExpenses": 882381000,
    "interestIncome": 0,
    "interestExpense": 0,
    "depreciationAndAmortization": 372577000,
    "ebitda": 1440494000,
    "ebitdaratio": 0.7205705362,
    "operatingIncome": 1067917000,
    "operatingIncomeRatio": 0.5341983551,
    "totalOtherIncomeExpensesNet": 5345000,
    "incomeBeforeTax": 1073262000,
    "incomeBeforeTaxRatio": 0.5368720556,
    "incomeTaxExpense": 412341000,
    "netIncome": 660921000,
    "netIncomeRatio": 0.3306089434,
    "eps": 2,
    "epsdiluted": 1.97,
    "weightedAverageShsOut": 329750500,
    "weightedAverageShsOutDil": 334772081,
    "link": "https://www.sec.gov/Archives/edgar/data/6769/000095012906005166/0000950129-06-005166-index.htm",
    "finalLink": "https://www.sec.gov/Archives/edgar/data/6769/000095012906005166/h34887e10vq.htm"
  },
  {
    "date": "2005-12-31",
    "symbol": "APA",
    "reportedCurrency": "USD",
    "cik": "0001841666",
    "fillingDate": "2005-12-31",
    "acceptedDate": "2005-12-30 19:00:00",
    "calendarYear": "2005",
    "period": "Q4",
    "revenue": 2101673000,
    "costOfRevenue": 298610000,
    "grossProfit": 1803063000,
    "grossProfitRatio": 0.8579179539,
    "researchAndDevelopmentExpenses": 0,
    "generalAndAdministrativeExpenses": 45812000,
    "sellingAndMarketingExpenses": 0,
    "sellingGeneralAndAdministrativeExpenses": 45812000,
    "otherExpenses": 504184000,
    "operatingExpenses": 549996000,
    "costAndExpenses": 848606000,
    "interestIncome": 0,
    "interestExpense": 28016000,
    "depreciationAndAmortization": 363847000,
    "ebitda": 1616914000,
    "ebitdaratio": 0.7693461352,
    "operatingIncome": 1253067000,
    "operatingIncomeRatio": 0.59622358,
    "totalOtherIncomeExpensesNet": -39867000,
    "incomeBeforeTax": 1213200000,
    "incomeBeforeTaxRatio": 0.5772544064,
    "incomeTaxExpense": 424978000,
    "netIncome": 788222000,
    "netIncomeRatio": 0.3750450237,
    "eps": 2.39,
    "epsdiluted": 2.35,
    "weightedAverageShsOut": 329750500,
    "weightedAverageShsOutDil": 334772081,
    "link": "",
    "finalLink": ""
  },
  {
    "date": "2005-09-30",
    "symbol": "APA",
    "reportedCurrency": "USD",
    "cik": "0001841666",
    "fillingDate": "2005-09-30",
    "acceptedDate": "2005-09-29 20:00:00",
    "calendarYear": "2005",
    "period": "Q3",
    "revenue": 2061052000,
    "costOfRevenue": 303566000,
    "grossProfit": 1757486000,
    "grossProfitRatio": 0.8527130805,
    "researchAndDevelopmentExpenses": 0,
    "generalAndAdministrativeExpenses": 50047000,
    "sellingAndMarketingExpenses": 0,
    "sellingGeneralAndAdministrativeExpenses": 50047000,
    "otherExpenses": 507553000,
    "operatingExpenses": 557600000,
    "costAndExpenses": 861166000,
    "interestIncome": 0,
    "interestExpense": 0,
    "depreciationAndAmortization": 357159000,
    "ebitda": 1557045000,
    "ebitdaratio": 0.7554612887,
    "operatingIncome": 1199886000,
    "operatingIncomeRatio": 0.5821716289,
    "totalOtherIncomeExpensesNet": -40374000,
    "incomeBeforeTax": 1159512000,
    "incomeBeforeTaxRatio": 0.5625826034,
    "incomeTaxExpense": 472517000,
    "netIncome": 686995000,
    "netIncomeRatio": 0.3333224974,
    "eps": 2.08,
    "epsdiluted": 2.05,
    "weightedAverageShsOut": 329603365,
    "weightedAverageShsOutDil": 334426829,
    "link": "",
    "finalLink": ""
  },
  {
    "date": "2005-06-30",
    "symbol": "APA",
    "reportedCurrency": "USD",
    "cik": "0001841666",
    "fillingDate": "2005-06-30",
    "acceptedDate": "2005-06-29 20:00:00",
    "calendarYear": "2005",
    "period": "Q2",
    "revenue": 1759231000,
    "costOfRevenue": 281608000,
    "grossProfit": 1477623000,
    "grossProfitRatio": 0.8399255129,
    "researchAndDevelopmentExpenses": 0,
    "generalAndAdministrativeExpenses": 52002000,
    "sellingAndMarketingExpenses": 0,
    "sellingGeneralAndAdministrativeExpenses": 52002000,
    "otherExpenses": 447651000,
    "operatingExpenses": 499653000,
    "costAndExpenses": 781261000,
    "interestIncome": 0,
    "interestExpense": 30553000,
    "depreciationAndAmortization": 359011000,
    "ebitda": 1354332000,
    "ebitdaratio": 0.7698431872,
    "operatingIncome": 995321000,
    "operatingIncomeRatio": 0.5657704986,
    "totalOtherIncomeExpensesNet": -60359000,
    "incomeBeforeTax": 934962000,
    "incomeBeforeTaxRatio": 0.5314606211,
    "incomeTaxExpense": 346932000,
    "netIncome": 588030000,
    "netIncomeRatio": 0.3342540008,
    "eps": 1.79,
    "epsdiluted": 1.76,
    "weightedAverageShsOut": 327715084,
    "weightedAverageShsOutDil": 333301136,
    "link": "",
    "finalLink": ""
  },
  {
    "date": "2005-03-31",
    "symbol": "APA",
    "reportedCurrency": "USD",
    "cik": "0001841666",
    "fillingDate": "2005-03-31",
    "acceptedDate": "2005-03-30 19:00:00",
    "calendarYear": "2005",
    "period": "Q1",
    "revenue": 1662288000,
    "costOfRevenue": 256951000,
    "grossProfit": 1405337000,
    "grossProfitRatio": 0.8454232961,
    "researchAndDevelopmentExpenses": 0,
    "generalAndAdministrativeExpenses": 50411000,
    "sellingAndMarketingExpenses": 0,
    "sellingGeneralAndAdministrativeExpenses": 50411000,
    "otherExpenses": 412257000,
    "operatingExpenses": 462668000,
    "costAndExpenses": 719619000,
    "interestIncome": 0,
    "interestExpense": 0,
    "depreciationAndAmortization": 339413000,
    "ebitda": 1282740000,
    "ebitdaratio": 0.7716713349,
    "operatingIncome": 943327000,
    "operatingIncomeRatio": 0.5674871021,
    "totalOtherIncomeExpensesNet": -44747000,
    "incomeBeforeTax": 898580000,
    "incomeBeforeTaxRatio": 0.5405681807,
    "incomeTaxExpense": 338097000,
    "netIncome": 560483000,
    "netIncomeRatio": 0.3371756278,
    "eps": 1.7,
    "epsdiluted": 1.67,
    "weightedAverageShsOut": 328860588,
    "weightedAverageShsOutDil": 334768263,
    "link": "",
    "finalLink": ""
  },
  {
    "date": "2004-12-31",
    "symbol": "APA",
    "reportedCurrency": "USD",
    "cik": "0001841666",
    "fillingDate": "2004-12-31",
    "acceptedDate": "2004-12-30 19:00:00",
    "calendarYear": "2004",
    "period": "Q4",
    "revenue": 1534903000,
    "costOfRevenue": 233336000,
    "grossProfit": 1301567000,
    "grossProfitRatio": 0.8479799701,
    "researchAndDevelopmentExpenses": 0,
    "generalAndAdministrativeExpenses": 45878000,
    "sellingAndMarketingExpenses": 0,
    "sellingGeneralAndAdministrativeExpenses": 45878000,
    "otherExpenses": 343381000,
    "operatingExpenses": 389259000,
    "costAndExpenses": 622595000,
    "interestIncome": 0,
    "interestExpense": 0,
    "depreciationAndAmortization": 329138000,
    "ebitda": 1241446000,
    "ebitdaratio": 0.8088107196,
    "operatingIncome": 912308000,
    "operatingIncomeRatio": 0.5943750191,
    "totalOtherIncomeExpensesNet": -78325000,
    "incomeBeforeTax": 833983000,
    "incomeBeforeTaxRatio": 0.5433457359,
    "incomeTaxExpense": 319869000,
    "netIncome": 512797000,
    "netIncomeRatio": 0.3340908188,
    "eps": 1.56,
    "epsdiluted": 1.53,
    "weightedAverageShsOut": 328860588,
    "weightedAverageShsOutDil": 334768263,
    "link": "",
    "finalLink": ""
  },
  {
    "date": "2004-09-30",
    "symbol": "APA",
    "reportedCurrency": "USD",
    "cik": "0001841666",
    "fillingDate": "2004-09-30",
    "acceptedDate": "2004-09-29 20:00:00",
    "calendarYear": "2004",
    "period": "Q3",
    "revenue": 1407002000,
    "costOfRevenue": 226666000,
    "grossProfit": 1180336000,
    "grossProfitRatio": 0.8389014372,
    "researchAndDevelopmentExpenses": 0,
    "generalAndAdministrativeExpenses": 35975000,
    "sellingAndMarketingExpenses": 0,
    "sellingGeneralAndAdministrativeExpenses": 35975000,
    "otherExpenses": 361320000,
    "operatingExpenses": 397295000,
    "costAndExpenses": 623961000,
    "interestIncome": 0,
    "interestExpense": 0,
    "depreciationAndAmortization": 313520000,
    "ebitda": 1091997000,
    "ebitdaratio": 0.7761161676,
    "operatingIncome": 778477000,
    "operatingIncomeRatio": 0.5532877707,
    "totalOtherIncomeExpensesNet": -39921000,
    "incomeBeforeTax": 738556000,
    "incomeBeforeTaxRatio": 0.5249146767,
    "incomeTaxExpense": 308081000,
    "netIncome": 430475000,
    "netIncomeRatio": 0.3059519461,
    "eps": 1.31,
    "epsdiluted": 1.3,
    "weightedAverageShsOut": 327522901,
    "weightedAverageShsOutDil": 330042308,
    "link": "",
    "finalLink": ""
  },
  {
    "date": "2004-06-30",
    "symbol": "APA",
    "reportedCurrency": "USD",
    "cik": "0001841666",
    "fillingDate": "2004-06-30",
    "acceptedDate": "2004-06-29 20:00:00",
    "calendarYear": "2004",
    "period": "Q2",
    "revenue": 1240733000,
    "costOfRevenue": 228251000,
    "grossProfit": 1012482000,
    "grossProfitRatio": 0.8160353597,
    "researchAndDevelopmentExpenses": 0,
    "generalAndAdministrativeExpenses": 47491000,
    "sellingAndMarketingExpenses": 0,
    "sellingGeneralAndAdministrativeExpenses": 47491000,
    "otherExpenses": 317927000,
    "operatingExpenses": 365418000,
    "costAndExpenses": 593669000,
    "interestIncome": 0,
    "interestExpense": 0,
    "depreciationAndAmortization": 295737000,
    "ebitda": 960016000,
    "ebitdaratio": 0.7737490661,
    "operatingIncome": 663684000,
    "operatingIncomeRatio": 0.5349128298,
    "totalOtherIncomeExpensesNet": -109079000,
    "incomeBeforeTax": 554605000,
    "incomeBeforeTaxRatio": 0.4469978634,
    "incomeTaxExpense": 171079000,
    "netIncome": 383526000,
    "netIncomeRatio": 0.309112436,
    "eps": 1.17,
    "epsdiluted": 1.16,
    "weightedAverageShsOut": 326586325,
    "weightedAverageShsOutDil": 329401724,
    "link": "",
    "finalLink": ""
  },
  {
    "date": "2004-03-31",
    "symbol": "APA",
    "reportedCurrency": "USD",
    "cik": "0001841666",
    "fillingDate": "2004-03-31",
    "acceptedDate": "2004-03-30 19:00:00",
    "calendarYear": "2004",
    "period": "Q1",
    "revenue": 1149939000,
    "costOfRevenue": 225663000,
    "grossProfit": 924276000,
    "grossProfitRatio": 0.8037608951,
    "researchAndDevelopmentExpenses": 0,
    "generalAndAdministrativeExpenses": 43850000,
    "sellingAndMarketingExpenses": 0,
    "sellingGeneralAndAdministrativeExpenses": 43850000,
    "otherExpenses": 295743000,
    "operatingExpenses": 339593000,
    "costAndExpenses": 565256000,
    "interestIncome": 0,
    "interestExpense": 26899000,
    "depreciationAndAmortization": 286228000,
    "ebitda": 867064000,
    "ebitdaratio": 0.7540086909,
    "operatingIncome": 580269000,
    "operatingIncomeRatio": 0.5046085053,
    "totalOtherIncomeExpensesNet": -37340000,
    "incomeBeforeTax": 542929000,
    "incomeBeforeTaxRatio": 0.4721372177,
    "incomeTaxExpense": 196604000,
    "netIncome": 346325000,
    "netIncomeRatio": 0.3011681489,
    "eps": 1.06,
    "epsdiluted": 1.05,
    "weightedAverageShsOut": 325382075,
    "weightedAverageShsOutDil": 328480952,
    "link": "",
    "finalLink": ""
  },
  {
    "date": "2003-12-31",
    "symbol": "APA",
    "reportedCurrency": "USD",
    "cik": "0001841666",
    "fillingDate": "2003-12-31",
    "acceptedDate": "2003-12-30 19:00:00",
    "calendarYear": "2003",
    "period": "Q4",
    "revenue": 1064793000,
    "costOfRevenue": 201188000,
    "grossProfit": 863605000,
    "grossProfitRatio": 0.8110543552,
    "researchAndDevelopmentExpenses": 0,
    "generalAndAdministrativeExpenses": 45427000,
    "sellingAndMarketingExpenses": 0,
    "sellingGeneralAndAdministrativeExpenses": 45427000,
    "otherExpenses": 317145000,
    "operatingExpenses": 362572000,
    "costAndExpenses": 563760000,
    "interestIncome": 0,
    "interestExpense": 26363000,
    "depreciationAndAmortization": 295859000,
    "ebitda": 796892000,
    "ebitdaratio": 0.7484008629,
    "operatingIncome": 501033000,
    "operatingIncomeRatio": 0.4705449792,
    "totalOtherIncomeExpensesNet": -49298000,
    "incomeBeforeTax": 451735000,
    "incomeBeforeTaxRatio": 0.4242467785,
    "incomeTaxExpense": 190121000,
    "netIncome": 261614000,
    "netIncomeRatio": 0.2456947031,
    "eps": 0.81,
    "epsdiluted": 0.8,
    "weightedAverageShsOut": 324919626,
    "weightedAverageShsOutDil": 327984906,
    "link": "",
    "finalLink": ""
  },
  {
    "date": "2003-09-30",
    "symbol": "APA",
    "reportedCurrency": "USD",
    "cik": "0001841666",
    "fillingDate": "2003-09-30",
    "acceptedDate": "2003-09-29 20:00:00",
    "calendarYear": "2003",
    "period": "Q3",
    "revenue": 1104541000,
    "costOfRevenue": 211522000,
    "grossProfit": 893019000,
    "grossProfitRatio": 0.8084978285,
    "researchAndDevelopmentExpenses": 0,
    "generalAndAdministrativeExpenses": 34692000,
    "sellingAndMarketingExpenses": 0,
    "sellingGeneralAndAdministrativeExpenses": 34692000,
    "otherExpenses": 335029000,
    "operatingExpenses": 369721000,
    "costAndExpenses": 581243000,
    "interestIncome": 0,
    "interestExpense": 34562000,
    "depreciationAndAmortization": 292885000,
    "ebitda": 816740000,
    "ebitdaratio": 0.739438373,
    "operatingIncome": 523298000,
    "operatingIncomeRatio": 0.4737696473,
    "totalOtherIncomeExpensesNet": -46633000,
    "incomeBeforeTax": 476665000,
    "incomeBeforeTaxRatio": 0.4315503001,
    "incomeTaxExpense": 199704000,
    "netIncome": 276961000,
    "netIncomeRatio": 0.2507475956,
    "eps": 0.85,
    "epsdiluted": 0.85,
    "weightedAverageShsOut": 324165882,
    "weightedAverageShsOutDil": 326084024,
    "link": "",
    "finalLink": ""
  },
  {
    "date": "2003-06-30",
    "symbol": "APA",
    "reportedCurrency": "USD",
    "cik": "0001841666",
    "fillingDate": "2003-06-30",
    "acceptedDate": "2003-06-29 20:00:00",
    "calendarYear": "2003",
    "period": "Q2",
    "revenue": 1054356000,
    "costOfRevenue": 201417000,
    "grossProfit": 852939000,
    "grossProfitRatio": 0.8089668006,
    "researchAndDevelopmentExpenses": 0,
    "generalAndAdministrativeExpenses": 30574000,
    "sellingAndMarketingExpenses": 0,
    "sellingGeneralAndAdministrativeExpenses": 30574000,
    "otherExpenses": 305634000,
    "operatingExpenses": 336208000,
    "costAndExpenses": 537625000,
    "interestIncome": 0,
    "interestExpense": 0,
    "depreciationAndAmortization": 272356000,
    "ebitda": 789623000,
    "ebitdaratio": 0.7489149775,
    "operatingIncome": 516731000,
    "operatingIncomeRatio": 0.490091582,
    "totalOtherIncomeExpensesNet": -42157000,
    "incomeBeforeTax": 474574000,
    "incomeBeforeTaxRatio": 0.4501079332,
    "incomeTaxExpense": 230193000,
    "netIncome": 244381000,
    "netIncomeRatio": 0.2317822443,
    "eps": 0.75,
    "epsdiluted": 0.75,
    "weightedAverageShsOut": 323948000,
    "weightedAverageShsOutDil": 326122148,
    "link": "",
    "finalLink": ""
  },
  {
    "date": "2003-03-31",
    "symbol": "APA",
    "reportedCurrency": "USD",
    "cik": "0001841666",
    "fillingDate": "2003-03-31",
    "acceptedDate": "2003-03-30 19:00:00",
    "calendarYear": "2003",
    "period": "Q1",
    "revenue": 966609000,
    "costOfRevenue": 145996000,
    "grossProfit": 820613000,
    "grossProfitRatio": 0.8489606449,
    "researchAndDevelopmentExpenses": 0,
    "generalAndAdministrativeExpenses": 27831000,
    "sellingAndMarketingExpenses": 0,
    "sellingGeneralAndAdministrativeExpenses": 27831000,
    "otherExpenses": 239434000,
    "operatingExpenses": 267265000,
    "costAndExpenses": 413261000,
    "interestIncome": 0,
    "interestExpense": 0,
    "depreciationAndAmortization": 214349000,
    "ebitda": 768228000,
    "ebitdaratio": 0.7947660326,
    "operatingIncome": 553348000,
    "operatingIncomeRatio": 0.5724631159,
    "totalOtherIncomeExpensesNet": -34065000,
    "incomeBeforeTax": 519283000,
    "incomeBeforeTaxRatio": 0.5372213584,
    "incomeTaxExpense": 206986000,
    "netIncome": 338929000,
    "netIncomeRatio": 0.3506371242,
    "eps": 1.06,
    "epsdiluted": 1.05,
    "weightedAverageShsOut": 318404717,
    "weightedAverageShsOutDil": 321437143,
    "link": "",
    "finalLink": ""
  },
  {
    "date": "2002-12-31",
    "symbol": "APA",
    "reportedCurrency": "USD",
    "cik": "0001841666",
    "fillingDate": "2002-12-31",
    "acceptedDate": "2002-12-30 19:00:00",
    "calendarYear": "2002",
    "period": "Q4",
    "revenue": 730248000,
    "costOfRevenue": 128556000,
    "grossProfit": 601692000,
    "grossProfitRatio": 0.8239556972,
    "researchAndDevelopmentExpenses": 0,
    "generalAndAdministrativeExpenses": 25758000,
    "sellingAndMarketingExpenses": 0,
    "sellingGeneralAndAdministrativeExpenses": 25758000,
    "otherExpenses": 231487000,
    "operatingExpenses": 257245000,
    "costAndExpenses": 385801000,
    "interestIncome": 0,
    "interestExpense": 0,
    "depreciationAndAmortization": 203364000,
    "ebitda": 558238000,
    "ebitdaratio": 0.7644498855,
    "operatingIncome": 344447000,
    "operatingIncomeRatio": 0.4716849618,
    "totalOtherIncomeExpensesNet": -46289000,
    "incomeBeforeTax": 298158000,
    "incomeBeforeTaxRatio": 0.4082969074,
    "incomeTaxExpense": 117339000,
    "netIncome": 180819000,
    "netIncomeRatio": 0.2476131396,
    "eps": 0.57,
    "epsdiluted": 0.56,
    "weightedAverageShsOut": 318404717,
    "weightedAverageShsOutDil": 321437143,
    "link": "",
    "finalLink": ""
  },
  {
    "date": "2002-09-30",
    "symbol": "APA",
    "reportedCurrency": "USD",
    "cik": "0001841666",
    "fillingDate": "2002-09-30",
    "acceptedDate": "2002-09-29 20:00:00",
    "calendarYear": "2002",
    "period": "Q3",
    "revenue": 645189000,
    "costOfRevenue": 127165000,
    "grossProfit": 518024000,
    "grossProfitRatio": 0.8029027153,
    "researchAndDevelopmentExpenses": 0,
    "generalAndAdministrativeExpenses": 25463000,
    "sellingAndMarketingExpenses": 0,
    "sellingGeneralAndAdministrativeExpenses": 25463000,
    "otherExpenses": 224400000,
    "operatingExpenses": 249863000,
    "costAndExpenses": 377028000,
    "interestIncome": 0,
    "interestExpense": 0,
    "depreciationAndAmortization": 210998000,
    "ebitda": 479159000,
    "ebitdaratio": 0.7426645526,
    "operatingIncome": 268161000,
    "operatingIncomeRatio": 0.4156316986,
    "totalOtherIncomeExpensesNet": -31465000,
    "incomeBeforeTax": 236696000,
    "incomeBeforeTaxRatio": 0.3668630432,
    "incomeTaxExpense": 90168000,
    "netIncome": 146528000,
    "netIncomeRatio": 0.2271086457,
    "eps": 0.48,
    "epsdiluted": 0.48,
    "weightedAverageShsOut": 301738812,
    "weightedAverageShsOutDil": 304756200,
    "link": "",
    "finalLink": ""
  },
  {
    "date": "2002-06-30",
    "symbol": "APA",
    "reportedCurrency": "USD",
    "cik": "0001841666",
    "fillingDate": "2002-08-14",
    "acceptedDate": "2002-08-14 09:57:56",
    "calendarYear": "2002",
    "period": "Q2",
    "revenue": 645773000,
    "costOfRevenue": 114191000,
    "grossProfit": 531582000,
    "grossProfitRatio": 0.8231716098,
    "researchAndDevelopmentExpenses": 0,
    "generalAndAdministrativeExpenses": 28015000,
    "sellingAndMarketingExpenses": 0,
    "sellingGeneralAndAdministrativeExpenses": 28015000,
    "otherExpenses": 227067000,
    "operatingExpenses": 255082000,
    "costAndExpenses": 369273000,
    "interestIncome": 0,
    "interestExpense": 41451000,
    "depreciationAndAmortization": 203733000,
    "ebitda": 477314000,
    "ebitdaratio": 0.7391358883,
    "operatingIncome": 276500000,
    "operatingIncomeRatio": 0.4281690315,
    "totalOtherIncomeExpensesNet": -35095000,
    "incomeBeforeTax": 241405000,
    "incomeBeforeTaxRatio": 0.3738233094,
    "incomeTaxExpense": 95095000,
    "netIncome": 146310000,
    "netIncomeRatio": 0.2265656817,
    "eps": 0.46,
    "epsdiluted": 0.45,
    "weightedAverageShsOut": 310533613,
    "weightedAverageShsOutDil": 319464286,
    "link": "https://www.sec.gov/Archives/edgar/data/6769/000095012902004126/0000950129-02-004126-index.html",
    "finalLink": "https://www.sec.gov/Archives/edgar/data/6769/000095012902004126/h98574e10vq.txt"
  },
  {
    "date": "2002-03-31",
    "symbol": "APA",
    "reportedCurrency": "USD",
    "cik": "0001841666",
    "fillingDate": "2002-05-15",
    "acceptedDate": "2002-05-14 18:02:31",
    "calendarYear": "2002",
    "period": "Q1",
    "revenue": 520336000,
    "costOfRevenue": 112577000,
    "grossProfit": 407759000,
    "grossProfitRatio": 0.7836455675,
    "researchAndDevelopmentExpenses": 0,
    "generalAndAdministrativeExpenses": 25352000,
    "sellingAndMarketingExpenses": 0,
    "sellingGeneralAndAdministrativeExpenses": 25352000,
    "otherExpenses": 225872000,
    "operatingExpenses": 251224000,
    "costAndExpenses": 363801000,
    "interestIncome": 0,
    "interestExpense": 0,
    "depreciationAndAmortization": 203950000,
    "ebitda": 367086000,
    "ebitdaratio": 0.7054787676,
    "operatingIncome": 156535000,
    "operatingIncomeRatio": 0.3008344608,
    "totalOtherIncomeExpensesNet": -33824000,
    "incomeBeforeTax": 122711000,
    "incomeBeforeTaxRatio": 0.2358303096,
    "incomeTaxExpense": 42039000,
    "netIncome": 80672000,
    "netIncomeRatio": 0.155038283,
    "eps": 0.25,
    "epsdiluted": 0.25,
    "weightedAverageShsOut": 288430672,
    "weightedAverageShsOutDil": 291649160,
    "link": "https://www.sec.gov/Archives/edgar/data/6769/000095012902002518/0000950129-02-002518-index.html",
    "finalLink": "https://www.sec.gov/Archives/edgar/data/6769/000095012902002518/h96753e10-q.txt"
  },
  {
    "date": "2001-12-31",
    "symbol": "APA",
    "reportedCurrency": "USD",
    "cik": "0001841666",
    "fillingDate": "2002-03-22",
    "acceptedDate": "2002-03-22 00:00:00",
    "calendarYear": "2001",
    "period": "Q4",
    "revenue": 20529116000,
    "costOfRevenue": 112305000,
    "grossProfit": 20416811000,
    "grossProfitRatio": 0.9945294771,
    "researchAndDevelopmentExpenses": 0,
    "generalAndAdministrativeExpenses": 22347000,
    "sellingAndMarketingExpenses": 0,
    "sellingGeneralAndAdministrativeExpenses": 22347000,
    "otherExpenses": 234595000,
    "operatingExpenses": 256942000,
    "costAndExpenses": 369247000,
    "interestIncome": 0,
    "interestExpense": 0,
    "depreciationAndAmortization": 155060000,
    "ebitda": 20382834000,
    "ebitdaratio": 0.9928744131,
    "operatingIncome": 20159869000,
    "operatingIncomeRatio": 0.9820134973,
    "totalOtherIncomeExpensesNet": -20031244000,
    "incomeBeforeTax": 128625000,
    "incomeBeforeTaxRatio": 0.0062654914,
    "incomeTaxExpense": 50005000,
    "netIncome": 78620000,
    "netIncomeRatio": 0.0038296827,
    "eps": 0.27,
    "epsdiluted": 0.27,
    "weightedAverageShsOut": 289280727,
    "weightedAverageShsOutDil": 289280727,
    "link": "https://www.sec.gov/Archives/edgar/data/6769/000095013402002442/0000950134-02-002442-index.html",
    "finalLink": "https://www.sec.gov/Archives/edgar/data/6769/000095013402002442/h95124e10-k.txt"
  },
  {
    "date": "2001-09-30",
    "symbol": "APA",
    "reportedCurrency": "USD",
    "cik": "0001841666",
    "fillingDate": "2001-11-13",
    "acceptedDate": "2001-11-13 00:00:00",
    "calendarYear": "2001",
    "period": "Q3",
    "revenue": 652424000,
    "costOfRevenue": 103301000,
    "grossProfit": 549123000,
    "grossProfitRatio": 0.8416658492,
    "researchAndDevelopmentExpenses": 0,
    "generalAndAdministrativeExpenses": 22794000,
    "sellingAndMarketingExpenses": 0,
    "sellingGeneralAndAdministrativeExpenses": 22794000,
    "otherExpenses": 234766000,
    "operatingExpenses": 257560000,
    "costAndExpenses": 360861000,
    "interestIncome": 0,
    "interestExpense": 0,
    "depreciationAndAmortization": 217021000,
    "ebitda": 509673000,
    "ebitdaratio": 0.7811990362,
    "operatingIncome": 291563000,
    "operatingIncomeRatio": 0.4468918985,
    "totalOtherIncomeExpensesNet": -29821000,
    "incomeBeforeTax": 261742000,
    "incomeBeforeTaxRatio": 0.4011838927,
    "incomeTaxExpense": 104909000,
    "netIncome": 156833000,
    "netIncomeRatio": 0.240385087,
    "eps": 0.53,
    "epsdiluted": 0.51,
    "weightedAverageShsOut": 288214286,
    "weightedAverageShsOutDil": 303000000,
    "link": "https://www.sec.gov/Archives/edgar/data/6769/000095012901503984/0000950129-01-503984-index.html",
    "finalLink": "https://www.sec.gov/Archives/edgar/data/6769/000095012901503984/h91800e10-q.txt"
  },
  {
    "date": "2001-06-30",
    "symbol": "APA",
    "reportedCurrency": "USD",
    "cik": "0001841666",
    "fillingDate": "2001-08-14",
    "acceptedDate": "2001-08-14 00:00:00",
    "calendarYear": "2001",
    "period": "Q2",
    "revenue": 800443000,
    "costOfRevenue": 101420000,
    "grossProfit": 699023000,
    "grossProfitRatio": 0.8732951628,
    "researchAndDevelopmentExpenses": 0,
    "generalAndAdministrativeExpenses": 23193000,
    "sellingAndMarketingExpenses": 0,
    "sellingGeneralAndAdministrativeExpenses": 23193000,
    "otherExpenses": 229432000,
    "operatingExpenses": 252625000,
    "costAndExpenses": 354045000,
    "interestIncome": 0,
    "interestExpense": 0,
    "depreciationAndAmortization": 208652000,
    "ebitda": 655582000,
    "ebitdaratio": 0.8190239655,
    "operatingIncome": 446398000,
    "operatingIncomeRatio": 0.5576886799,
    "totalOtherIncomeExpensesNet": -99096000,
    "incomeBeforeTax": 347302000,
    "incomeBeforeTaxRatio": 0.4338872349,
    "incomeTaxExpense": 141557000,
    "netIncome": 205745000,
    "netIncomeRatio": 0.2570389147,
    "eps": 0.69,
    "epsdiluted": 0.67,
    "weightedAverageShsOut": 290003175,
    "weightedAverageShsOutDil": 299358116,
    "link": "https://www.sec.gov/Archives/edgar/data/6769/000095012901502577/0000950129-01-502577-index.html",
    "finalLink": "https://www.sec.gov/Archives/edgar/data/6769/000095012901502577/h89591e10-q.txt"
  },
  {
    "date": "2001-03-31",
    "symbol": "APA",
    "reportedCurrency": "USD",
    "cik": "0001841666",
    "fillingDate": "2001-05-15",
    "acceptedDate": "2001-05-15 00:00:00",
    "calendarYear": "2001",
    "period": "Q1",
    "revenue": 795143000,
    "costOfRevenue": 90107000,
    "grossProfit": 705036000,
    "grossProfitRatio": 0.8866782453,
    "researchAndDevelopmentExpenses": 0,
    "generalAndAdministrativeExpenses": 20376000,
    "sellingAndMarketingExpenses": 0,
    "sellingGeneralAndAdministrativeExpenses": 20376000,
    "otherExpenses": 194325000,
    "operatingExpenses": 214701000,
    "costAndExpenses": 304808000,
    "interestIncome": 0,
    "interestExpense": 0,
    "depreciationAndAmortization": 172530000,
    "ebitda": 663367000,
    "ebitdaratio": 0.834273835,
    "operatingIncome": 490335000,
    "operatingIncomeRatio": 0.6166626632,
    "totalOtherIncomeExpensesNet": -28750000,
    "incomeBeforeTax": 461585000,
    "incomeBeforeTaxRatio": 0.5805056449,
    "incomeTaxExpense": 179384000,
    "netIncome": 282201000,
    "netIncomeRatio": 0.3549059729,
    "eps": 0.97,
    "epsdiluted": 0.93,
    "weightedAverageShsOut": 285958406,
    "weightedAverageShsOutDil": 297928758,
    "link": "https://www.sec.gov/Archives/edgar/data/6769/000095012901500770/0000950129-01-500770-index.html",
    "finalLink": "https://www.sec.gov/Archives/edgar/data/6769/000095012901500770/h87145e10-q.txt"
  },
  {
    "date": "2000-12-31",
    "symbol": "APA",
    "reportedCurrency": "USD",
    "cik": "0001841666",
    "fillingDate": "2001-03-23",
    "acceptedDate": "2001-03-23 00:00:00",
    "calendarYear": "2000",
    "period": "Q4",
    "revenue": 725146000,
    "costOfRevenue": 32684000,
    "grossProfit": 692462000,
    "grossProfitRatio": 0.9549276973,
    "researchAndDevelopmentExpenses": 0,
    "generalAndAdministrativeExpenses": 26284000,
    "sellingAndMarketingExpenses": 0,
    "sellingGeneralAndAdministrativeExpenses": 26284000,
    "otherExpenses": 218108000,
    "operatingExpenses": 244392000,
    "costAndExpenses": 277076000,
    "interestIncome": 0,
    "interestExpense": 86015000,
    "depreciationAndAmortization": 158935000,
    "ebitda": 607005000,
    "ebitdaratio": 0.8370797053,
    "operatingIncome": 448070000,
    "operatingIncomeRatio": 0.6179031533,
    "totalOtherIncomeExpensesNet": -34810000,
    "incomeBeforeTax": 413260000,
    "incomeBeforeTaxRatio": 0.5698990272,
    "incomeTaxExpense": 168023000,
    "netIncome": 245237000,
    "netIncomeRatio": 0.3381898266,
    "eps": 0.86,
    "epsdiluted": 0.82,
    "weightedAverageShsOut": 285958406,
    "weightedAverageShsOutDil": 297928758,
    "link": "https://www.sec.gov/Archives/edgar/data/6769/000095012901001592/0000950129-01-001592-index.html",
    "finalLink": "https://www.sec.gov/Archives/edgar/data/6769/000095012901001592/h84997e10-k.txt"
  },
  {
    "date": "2000-09-30",
    "symbol": "APA",
    "reportedCurrency": "USD",
    "cik": "0001841666",
    "fillingDate": "2000-11-13",
    "acceptedDate": "2000-11-13 00:00:00",
    "calendarYear": "2000",
    "period": "Q3",
    "revenue": 625059000,
    "costOfRevenue": 82531000,
    "grossProfit": 542528000,
    "grossProfitRatio": 0.8679628643,
    "researchAndDevelopmentExpenses": 0,
    "generalAndAdministrativeExpenses": 18089000,
    "sellingAndMarketingExpenses": 0,
    "sellingGeneralAndAdministrativeExpenses": 18089000,
    "otherExpenses": 154392000,
    "operatingExpenses": 172481000,
    "costAndExpenses": 255012000,
    "interestIncome": 0,
    "interestExpense": 0,
    "depreciationAndAmortization": 156124000,
    "ebitda": 526171000,
    "ebitdaratio": 0.8417941346,
    "operatingIncome": 370047000,
    "operatingIncomeRatio": 0.5920193134,
    "totalOtherIncomeExpensesNet": -27659000,
    "incomeBeforeTax": 342388000,
    "incomeBeforeTaxRatio": 0.5477690906,
    "incomeTaxExpense": 136210000,
    "netIncome": 206178000,
    "netIncomeRatio": 0.3298536618,
    "eps": 0.72,
    "epsdiluted": 0.7,
    "weightedAverageShsOut": 278403413,
    "weightedAverageShsOutDil": 288778696,
    "link": "https://www.sec.gov/Archives/edgar/data/6769/000095012900005441/0000950129-00-005441-index.html",
    "finalLink": "https://www.sec.gov/Archives/edgar/data/6769/000095012900005441/h81420e10-q.txt"
  },
  {
    "date": "2000-06-30",
    "symbol": "APA",
    "reportedCurrency": "USD",
    "cik": "0001841666",
    "fillingDate": "2000-08-14",
    "acceptedDate": "2000-08-14 00:00:00",
    "calendarYear": "2000",
    "period": "Q2",
    "revenue": 488087000,
    "costOfRevenue": 69609000,
    "grossProfit": 418478000,
    "grossProfitRatio": 0.8573840319,
    "researchAndDevelopmentExpenses": 0,
    "generalAndAdministrativeExpenses": 16593000,
    "sellingAndMarketingExpenses": 0,
    "sellingGeneralAndAdministrativeExpenses": 16593000,
    "otherExpenses": 136791000,
    "operatingExpenses": 153384000,
    "costAndExpenses": 222993000,
    "interestIncome": 0,
    "interestExpense": 0,
    "depreciationAndAmortization": 136791000,
    "ebitda": 400211000,
    "ebitdaratio": 0.8199583271,
    "operatingIncome": 263420000,
    "operatingIncomeRatio": 0.5396988652,
    "totalOtherIncomeExpensesNet": -26227000,
    "incomeBeforeTax": 237193000,
    "incomeBeforeTaxRatio": 0.4859645924,
    "incomeTaxExpense": 92961000,
    "netIncome": 144232000,
    "netIncomeRatio": 0.2955046949,
    "eps": 0.53,
    "epsdiluted": 0.51,
    "weightedAverageShsOut": 263346923,
    "weightedAverageShsOutDil": 278935667,
    "link": "https://www.sec.gov/Archives/edgar/data/6769/000095012900004164/0000950129-00-004164-index.html",
    "finalLink": "https://www.sec.gov/Archives/edgar/data/6769/000095012900004164/e10-q.txt"
  },
  {
    "date": "2000-03-31",
    "symbol": "APA",
    "reportedCurrency": "USD",
    "cik": "0001841666",
    "fillingDate": "2000-05-12",
    "acceptedDate": "2000-05-12 00:00:00",
    "calendarYear": "2000",
    "period": "Q1",
    "revenue": 446117000,
    "costOfRevenue": 70427000,
    "grossProfit": 375690000,
    "grossProfitRatio": 0.8421333417,
    "researchAndDevelopmentExpenses": 0,
    "generalAndAdministrativeExpenses": 14649000,
    "sellingAndMarketingExpenses": 0,
    "sellingGeneralAndAdministrativeExpenses": 14649000,
    "otherExpenses": 133428000,
    "operatingExpenses": 148077000,
    "costAndExpenses": 218504000,
    "interestIncome": 0,
    "interestExpense": 0,
    "depreciationAndAmortization": 133428000,
    "ebitda": 361041000,
    "ebitdaratio": 0.8092966643,
    "operatingIncome": 227613000,
    "operatingIncomeRatio": 0.5102092052,
    "totalOtherIncomeExpensesNet": -25986000,
    "incomeBeforeTax": 201627000,
    "incomeBeforeTaxRatio": 0.4519599119,
    "incomeTaxExpense": 85323000,
    "netIncome": 116304000,
    "netIncomeRatio": 0.2607029098,
    "eps": 0.42,
    "epsdiluted": 0.42,
    "weightedAverageShsOut": 261737143,
    "weightedAverageShsOutDil": 267190000,
    "link": "https://www.sec.gov/Archives/edgar/data/6769/000095012900002381/0000950129-00-002381-index.html",
    "finalLink": "https://www.sec.gov/Archives/edgar/data/6769/000095012900002381/0000950129-00-002381.txt"
  },
  {
    "date": "1999-12-31",
    "symbol": "APA",
    "reportedCurrency": "USD",
    "cik": "0001841666",
    "fillingDate": "1999-12-31",
    "acceptedDate": "1999-12-30 19:00:00",
    "calendarYear": "1999",
    "period": "Q4",
    "revenue": 445700000,
    "costOfRevenue": 114600000,
    "grossProfit": 331100000,
    "grossProfitRatio": 0.7428763742,
    "researchAndDevelopmentExpenses": 0,
    "generalAndAdministrativeExpenses": 16100000,
    "sellingAndMarketingExpenses": 0,
    "sellingGeneralAndAdministrativeExpenses": 16100000,
    "otherExpenses": 131400000,
    "operatingExpenses": 147500000,
    "costAndExpenses": 262100000,
    "interestIncome": 0,
    "interestExpense": 0,
    "depreciationAndAmortization": 131400000,
    "ebitda": 315000000,
    "ebitdaratio": 0.7067534216,
    "operatingIncome": 183600000,
    "operatingIncomeRatio": 0.41193628,
    "totalOtherIncomeExpensesNet": -20800000,
    "incomeBeforeTax": 162800000,
    "incomeBeforeTaxRatio": 0.3652681176,
    "incomeTaxExpense": 65300000,
    "netIncome": 97500000,
    "netIncomeRatio": 0.2187570114,
    "eps": 0.37,
    "epsdiluted": 0.36,
    "weightedAverageShsOut": 261737143,
    "weightedAverageShsOutDil": 267190000,
    "link": "",
    "finalLink": ""
  },
  {
    "date": "1999-09-30",
    "symbol": "APA",
    "reportedCurrency": "USD",
    "cik": "0001841666",
    "fillingDate": "1999-11-12",
    "acceptedDate": "1999-11-12 00:00:00",
    "calendarYear": "1999",
    "period": "Q3",
    "revenue": 385400000,
    "costOfRevenue": 105100000,
    "grossProfit": 280300000,
    "grossProfitRatio": 0.7272963155,
    "researchAndDevelopmentExpenses": 0,
    "generalAndAdministrativeExpenses": 15200000,
    "sellingAndMarketingExpenses": 0,
    "sellingGeneralAndAdministrativeExpenses": 15200000,
    "otherExpenses": 120300000,
    "operatingExpenses": 135500000,
    "costAndExpenses": 240600000,
    "interestIncome": 0,
    "interestExpense": 0,
    "depreciationAndAmortization": 120300000,
    "ebitda": 265100000,
    "ebitdaratio": 0.6878567722,
    "operatingIncome": 144800000,
    "operatingIncomeRatio": 0.3757135444,
    "totalOtherIncomeExpensesNet": -19200000,
    "incomeBeforeTax": 125600000,
    "incomeBeforeTaxRatio": 0.3258951738,
    "incomeTaxExpense": 52800000,
    "netIncome": 72800000,
    "netIncomeRatio": 0.1888946549,
    "eps": 0.23,
    "epsdiluted": 0.23,
    "weightedAverageShsOut": 292605569,
    "weightedAverageShsOutDil": 292605569,
    "link": "https://www.sec.gov/Archives/edgar/data/6769/000095012999004924/0000950129-99-004924-index.html",
    "finalLink": "https://www.sec.gov/Archives/edgar/data/6769/000095012999004924/0000950129-99-004924.txt"
  },
  {
    "date": "1999-06-30",
    "symbol": "APA",
    "reportedCurrency": "USD",
    "cik": "0001841666",
    "fillingDate": "1999-08-16",
    "acceptedDate": "1999-08-16 00:00:00",
    "calendarYear": "1999",
    "period": "Q2",
    "revenue": 281600000,
    "costOfRevenue": 86300000,
    "grossProfit": 195300000,
    "grossProfitRatio": 0.6935369318,
    "researchAndDevelopmentExpenses": 0,
    "generalAndAdministrativeExpenses": 12100000,
    "sellingAndMarketingExpenses": 0,
    "sellingGeneralAndAdministrativeExpenses": 12100000,
    "otherExpenses": 106500000,
    "operatingExpenses": 118600000,
    "costAndExpenses": 204900000,
    "interestIncome": 0,
    "interestExpense": 0,
    "depreciationAndAmortization": 106536000,
    "ebitda": 183200000,
    "ebitdaratio": 0.6505681818,
    "operatingIncome": 76664000,
    "operatingIncomeRatio": 0.2722443182,
    "totalOtherIncomeExpensesNet": -19203000,
    "incomeBeforeTax": 57461000,
    "incomeBeforeTaxRatio": 0.2040518466,
    "incomeTaxExpense": 24693000,
    "netIncome": 32768000,
    "netIncomeRatio": 0.1163636364,
    "eps": 0.12,
    "epsdiluted": 0.12,
    "weightedAverageShsOut": 243979440,
    "weightedAverageShsOutDil": 244712077,
    "link": "https://www.sec.gov/Archives/edgar/data/6769/000095012999003728/0000950129-99-003728-index.html",
    "finalLink": "https://www.sec.gov/Archives/edgar/data/6769/000095012999003728/0000950129-99-003728.txt"
  },
  {
    "date": "1999-03-31",
    "symbol": "APA",
    "reportedCurrency": "USD",
    "cik": "0001841666",
    "fillingDate": "1999-05-14",
    "acceptedDate": "1999-05-14 00:00:00",
    "calendarYear": "1999",
    "period": "Q1",
    "revenue": 187700000,
    "costOfRevenue": 71000000,
    "grossProfit": 116700000,
    "grossProfitRatio": 0.6217368141,
    "researchAndDevelopmentExpenses": 0,
    "generalAndAdministrativeExpenses": 10300000,
    "sellingAndMarketingExpenses": 0,
    "sellingGeneralAndAdministrativeExpenses": 10300000,
    "otherExpenses": 89500000,
    "operatingExpenses": 99800000,
    "costAndExpenses": 170800000,
    "interestIncome": 0,
    "interestExpense": 0,
    "depreciationAndAmortization": 89500000,
    "ebitda": 106400000,
    "ebitdaratio": 0.5668620139,
    "operatingIncome": 16900000,
    "operatingIncomeRatio": 0.0900372936,
    "totalOtherIncomeExpensesNet": -18200000,
    "incomeBeforeTax": -1300000,
    "incomeBeforeTaxRatio": -0.0069259457,
    "incomeTaxExpense": 900000,
    "netIncome": -2200000,
    "netIncomeRatio": -0.0117208311,
    "eps": -0.0173,
    "epsdiluted": -0.0173,
    "weightedAverageShsOut": 263462481,
    "weightedAverageShsOutDil": 263462481,
    "link": "https://www.sec.gov/Archives/edgar/data/6769/000095012999002240/0000950129-99-002240-index.html",
    "finalLink": "https://www.sec.gov/Archives/edgar/data/6769/0000950129-99-002240.txt"
  },
  {
    "date": "1998-12-31",
    "symbol": "APA",
    "reportedCurrency": "USD",
    "cik": "0001841666",
    "fillingDate": "1998-12-31",
    "acceptedDate": "1998-12-30 19:00:00",
    "calendarYear": "1998",
    "period": "Q4",
    "revenue": 198600000,
    "costOfRevenue": 80900000,
    "grossProfit": 117700000,
    "grossProfitRatio": 0.5926485398,
    "researchAndDevelopmentExpenses": 0,
    "generalAndAdministrativeExpenses": 6700000,
    "sellingAndMarketingExpenses": 0,
    "sellingGeneralAndAdministrativeExpenses": 6700000,
    "otherExpenses": 336500000,
    "operatingExpenses": 343200000,
    "costAndExpenses": 424100000,
    "interestIncome": 0,
    "interestExpense": 0,
    "depreciationAndAmortization": 336500000,
    "ebitda": 111000000,
    "ebitdaratio": 0.5589123867,
    "operatingIncome": -225500000,
    "operatingIncomeRatio": -1.135448137,
    "totalOtherIncomeExpensesNet": -16100000,
    "incomeBeforeTax": -241600000,
    "incomeBeforeTaxRatio": -1.2165156093,
    "incomeTaxExpense": -82400000,
    "netIncome": -159200000,
    "netIncomeRatio": -0.801611279,
    "eps": -0.7,
    "epsdiluted": -0.7,
    "weightedAverageShsOut": 228818407,
    "weightedAverageShsOutDil": 228818407,
    "link": "",
    "finalLink": ""
  },
  {
    "date": "1998-09-30",
    "symbol": "APA",
    "reportedCurrency": "USD",
    "cik": "0001841666",
    "fillingDate": "1998-11-12",
    "acceptedDate": "1998-11-12 00:00:00",
    "calendarYear": "1998",
    "period": "Q3",
    "revenue": 211700000,
    "costOfRevenue": 78300000,
    "grossProfit": 133400000,
    "grossProfitRatio": 0.6301369863,
    "researchAndDevelopmentExpenses": 0,
    "generalAndAdministrativeExpenses": 13900000,
    "sellingAndMarketingExpenses": 0,
    "sellingGeneralAndAdministrativeExpenses": 13900000,
    "otherExpenses": 95900000,
    "operatingExpenses": 109800000,
    "costAndExpenses": 188100000,
    "interestIncome": 0,
    "interestExpense": 17300000,
    "depreciationAndAmortization": 95900000,
    "ebitda": 119500000,
    "ebitdaratio": 0.564478035,
    "operatingIncome": 23600000,
    "operatingIncomeRatio": 0.1114785073,
    "totalOtherIncomeExpensesNet": -16200000,
    "incomeBeforeTax": 7400000,
    "incomeBeforeTaxRatio": 0.0349551252,
    "incomeTaxExpense": 4200000,
    "netIncome": 3200000,
    "netIncomeRatio": 0.0151157298,
    "eps": 0.013,
    "epsdiluted": 0.013,
    "weightedAverageShsOut": 200292736,
    "weightedAverageShsOutDil": 200292736,
    "link": "https://www.sec.gov/Archives/edgar/data/6769/000095012998004567/0000950129-98-004567-index.html",
    "finalLink": "https://www.sec.gov/Archives/edgar/data/6769/0000950129-98-004567.txt"
  },
  {
    "date": "1998-06-30",
    "symbol": "APA",
    "reportedCurrency": "USD",
    "cik": "0001841666",
    "fillingDate": "1998-08-11",
    "acceptedDate": "1998-08-11 00:00:00",
    "calendarYear": "1998",
    "period": "Q2",
    "revenue": 220100000,
    "costOfRevenue": 79000000,
    "grossProfit": 141100000,
    "grossProfitRatio": 0.6410722399,
    "researchAndDevelopmentExpenses": 0,
    "generalAndAdministrativeExpenses": 10200000,
    "sellingAndMarketingExpenses": 0,
    "sellingGeneralAndAdministrativeExpenses": 10200000,
    "otherExpenses": 98400000,
    "operatingExpenses": 108600000,
    "costAndExpenses": 187600000,
    "interestIncome": 0,
    "interestExpense": 0,
    "depreciationAndAmortization": 98400000,
    "ebitda": 130900000,
    "ebitdaratio": 0.5947296683,
    "operatingIncome": 32500000,
    "operatingIncomeRatio": 0.1476601545,
    "totalOtherIncomeExpensesNet": -16100000,
    "incomeBeforeTax": 16400000,
    "incomeBeforeTaxRatio": 0.0745115856,
    "incomeTaxExpense": 7200000,
    "netIncome": 9200000,
    "netIncomeRatio": 0.0417991822,
    "eps": 0.0354,
    "epsdiluted": 0.0354,
    "weightedAverageShsOut": 259901689,
    "weightedAverageShsOutDil": 259901689,
    "link": "https://www.sec.gov/Archives/edgar/data/6769/000095012998003342/0000950129-98-003342-index.html",
    "finalLink": "https://www.sec.gov/Archives/edgar/data/6769/0000950129-98-003342.txt"
  },
  {
    "date": "1998-03-31",
    "symbol": "APA",
    "reportedCurrency": "USD",
    "cik": "0001841666",
    "fillingDate": "1998-05-13",
    "acceptedDate": "1998-05-13 00:00:00",
    "calendarYear": "1998",
    "period": "Q1",
    "revenue": 246800000,
    "costOfRevenue": 87800000,
    "grossProfit": 159000000,
    "grossProfitRatio": 0.6442463533,
    "researchAndDevelopmentExpenses": 0,
    "generalAndAdministrativeExpenses": 10000000,
    "sellingAndMarketingExpenses": 0,
    "sellingGeneralAndAdministrativeExpenses": 10000000,
    "otherExpenses": 99700000,
    "operatingExpenses": 109700000,
    "costAndExpenses": 197500000,
    "interestIncome": 0,
    "interestExpense": 0,
    "depreciationAndAmortization": 99700000,
    "ebitda": 148100000,
    "ebitdaratio": 0.6000810373,
    "operatingIncome": 48400000,
    "operatingIncomeRatio": 0.1961102107,
    "totalOtherIncomeExpensesNet": -18200000,
    "incomeBeforeTax": 30200000,
    "incomeBeforeTaxRatio": 0.1223662885,
    "incomeTaxExpense": 12800000,
    "netIncome": 17400000,
    "netIncomeRatio": 0.0705024311,
    "eps": 0.0779,
    "epsdiluted": 0.0779,
    "weightedAverageShsOut": 223412041,
    "weightedAverageShsOutDil": 223412041,
    "link": "https://www.sec.gov/Archives/edgar/data/6769/000095012998002046/0000950129-98-002046-index.html",
    "finalLink": "https://www.sec.gov/Archives/edgar/data/6769/0000950129-98-002046.txt"
  },
  {
    "date": "1997-12-31",
    "symbol": "APA",
    "reportedCurrency": "USD",
    "cik": "0001841666",
    "fillingDate": "1997-12-31",
    "acceptedDate": "1997-12-30 19:00:00",
    "calendarYear": "1997",
    "period": "Q4",
    "revenue": 323300000,
    "costOfRevenue": 114700000,
    "grossProfit": 208600000,
    "grossProfitRatio": 0.6452211568,
    "researchAndDevelopmentExpenses": 0,
    "generalAndAdministrativeExpenses": 11400000,
    "sellingAndMarketingExpenses": 0,
    "sellingGeneralAndAdministrativeExpenses": 11400000,
    "otherExpenses": 102400000,
    "operatingExpenses": 113800000,
    "costAndExpenses": 228500000,
    "interestIncome": 0,
    "interestExpense": 0,
    "depreciationAndAmortization": 102400000,
    "ebitda": 197200000,
    "ebitdaratio": 0.6099597897,
    "operatingIncome": 94800000,
    "operatingIncomeRatio": 0.2932261058,
    "totalOtherIncomeExpensesNet": -19400000,
    "incomeBeforeTax": 75400000,
    "incomeBeforeTaxRatio": 0.2332199196,
    "incomeTaxExpense": 29900000,
    "netIncome": 45500000,
    "netIncomeRatio": 0.1407361584,
    "eps": 0.19,
    "epsdiluted": 0.19,
    "weightedAverageShsOut": 245780069,
    "weightedAverageShsOutDil": 245780069,
    "link": "",
    "finalLink": ""
  },
  {
    "date": "1997-09-30",
    "symbol": "APA",
    "reportedCurrency": "USD",
    "cik": "0001841666",
    "fillingDate": "1997-11-14",
    "acceptedDate": "1997-11-14 00:00:00",
    "calendarYear": "1997",
    "period": "Q3",
    "revenue": 276700000,
    "costOfRevenue": 97500000,
    "grossProfit": 179200000,
    "grossProfitRatio": 0.6476328153,
    "researchAndDevelopmentExpenses": 0,
    "generalAndAdministrativeExpenses": 8700000,
    "sellingAndMarketingExpenses": 0,
    "sellingGeneralAndAdministrativeExpenses": 8700000,
    "otherExpenses": 100100000,
    "operatingExpenses": 108800000,
    "costAndExpenses": 206300000,
    "interestIncome": 0,
    "interestExpense": 0,
    "depreciationAndAmortization": 100100000,
    "ebitda": 170500000,
    "ebitdaratio": 0.6161908204,
    "operatingIncome": 70400000,
    "operatingIncomeRatio": 0.2544271774,
    "totalOtherIncomeExpensesNet": -18900000,
    "incomeBeforeTax": 51500000,
    "incomeBeforeTaxRatio": 0.186122154,
    "incomeTaxExpense": 20700000,
    "netIncome": 30800000,
    "netIncomeRatio": 0.1113118901,
    "eps": 0.13,
    "epsdiluted": 0.13,
    "weightedAverageShsOut": 230321703,
    "weightedAverageShsOutDil": 237302761,
    "link": "https://www.sec.gov/Archives/edgar/data/6769/000000676997000008/0000006769-97-000008-index.html",
    "finalLink": "https://www.sec.gov/Archives/edgar/data/6769/0000006769-97-000008.txt"
  },
  {
    "date": "1997-06-30",
    "symbol": "APA",
    "reportedCurrency": "USD",
    "cik": "0001841666",
    "fillingDate": "1997-08-14",
    "acceptedDate": "1997-08-14 00:00:00",
    "calendarYear": "1997",
    "period": "Q2",
    "revenue": 258000000,
    "costOfRevenue": 96600000,
    "grossProfit": 161400000,
    "grossProfitRatio": 0.6255813953,
    "researchAndDevelopmentExpenses": 0,
    "generalAndAdministrativeExpenses": 8900000,
    "sellingAndMarketingExpenses": 0,
    "sellingGeneralAndAdministrativeExpenses": 8900000,
    "otherExpenses": 94700000,
    "operatingExpenses": 103600000,
    "costAndExpenses": 200200000,
    "interestIncome": 0,
    "interestExpense": 0,
    "depreciationAndAmortization": 94800000,
    "ebitda": 152600000,
    "ebitdaratio": 0.5914728682,
    "operatingIncome": 57800000,
    "operatingIncomeRatio": 0.2240310078,
    "totalOtherIncomeExpensesNet": -14200000,
    "incomeBeforeTax": 43600000,
    "incomeBeforeTaxRatio": 0.1689922481,
    "incomeTaxExpense": 17900000,
    "netIncome": 25700000,
    "netIncomeRatio": 0.0996124031,
    "eps": 0.11,
    "epsdiluted": 0.11,
    "weightedAverageShsOut": 225320007,
    "weightedAverageShsOutDil": 233369050,
    "link": "https://www.sec.gov/Archives/edgar/data/6769/000000676997000006/0000006769-97-000006-index.html",
    "finalLink": "https://www.sec.gov/Archives/edgar/data/6769/0000006769-97-000006.txt"
  },
  {
    "date": "1997-03-31",
    "symbol": "APA",
    "reportedCurrency": "USD",
    "cik": "0001841666",
    "fillingDate": "1997-05-15",
    "acceptedDate": "1997-05-15 00:00:00",
    "calendarYear": "1997",
    "period": "Q1",
    "revenue": 322500000,
    "costOfRevenue": 119300000,
    "grossProfit": 203200000,
    "grossProfitRatio": 0.6300775194,
    "researchAndDevelopmentExpenses": 0,
    "generalAndAdministrativeExpenses": 9100000,
    "sellingAndMarketingExpenses": 0,
    "sellingGeneralAndAdministrativeExpenses": 9100000,
    "otherExpenses": 90600000,
    "operatingExpenses": 99700000,
    "costAndExpenses": 219000000,
    "interestIncome": 0,
    "interestExpense": 0,
    "depreciationAndAmortization": 90600000,
    "ebitda": 194100000,
    "ebitdaratio": 0.6018604651,
    "operatingIncome": 103500000,
    "operatingIncomeRatio": 0.3209302326,
    "totalOtherIncomeExpensesNet": -15400000,
    "incomeBeforeTax": 88100000,
    "incomeBeforeTaxRatio": 0.2731782946,
    "incomeTaxExpense": 35200000,
    "netIncome": 52900000,
    "netIncomeRatio": 0.1640310078,
    "eps": 0.23,
    "epsdiluted": 0.22,
    "weightedAverageShsOut": 227965163,
    "weightedAverageShsOutDil": 240177250,
    "link": "https://www.sec.gov/Archives/edgar/data/6769/000000676997000003/0000006769-97-000003-index.html",
    "finalLink": "https://www.sec.gov/Archives/edgar/data/6769/0000006769-97-000003.txt"
  },
  {
    "date": "1996-12-31",
    "symbol": "APA",
    "reportedCurrency": "USD",
    "cik": "0001841666",
    "fillingDate": "1997-03-28",
    "acceptedDate": "1997-03-27 17:59:40",
    "calendarYear": "1996",
    "period": "Q4",
    "revenue": 305200000,
    "costOfRevenue": 108400000,
    "grossProfit": 196800000,
    "grossProfitRatio": 0.6448230668,
    "researchAndDevelopmentExpenses": 0,
    "generalAndAdministrativeExpenses": 9900000,
    "sellingAndMarketingExpenses": 0,
    "sellingGeneralAndAdministrativeExpenses": 9900000,
    "otherExpenses": 87100000,
    "operatingExpenses": 97000000,
    "costAndExpenses": 205400000,
    "interestIncome": 0,
    "interestExpense": 0,
    "depreciationAndAmortization": 87100000,
    "ebitda": 186900000,
    "ebitdaratio": 0.6123853211,
    "operatingIncome": 99800000,
    "operatingIncomeRatio": 0.3269986894,
    "totalOtherIncomeExpensesNet": -15600000,
    "incomeBeforeTax": 84200000,
    "incomeBeforeTaxRatio": 0.2758846658,
    "incomeTaxExpense": 33000000,
    "netIncome": 51200000,
    "netIncomeRatio": 0.1677588467,
    "eps": 0.22,
    "epsdiluted": 0.21,
    "weightedAverageShsOut": 227965163,
    "weightedAverageShsOutDil": 240177250,
    "link": "https://www.sec.gov/Archives/edgar/data/6769/000095012997001291/0000950129-97-001291-index.html",
    "finalLink": "https://www.sec.gov/Archives/edgar/data/6769/000095012997001291/0000950129-97-001291.txt"
  },
  {
    "date": "1996-09-30",
    "symbol": "APA",
    "reportedCurrency": "USD",
    "cik": "0001841666",
    "fillingDate": "1996-11-14",
    "acceptedDate": "1996-11-14 00:00:00",
    "calendarYear": "1996",
    "period": "Q3",
    "revenue": 242200000,
    "costOfRevenue": 86700000,
    "grossProfit": 155500000,
    "grossProfitRatio": 0.642031379,
    "researchAndDevelopmentExpenses": 0,
    "generalAndAdministrativeExpenses": 8900000,
    "sellingAndMarketingExpenses": 0,
    "sellingGeneralAndAdministrativeExpenses": 8900000,
    "otherExpenses": 82600000,
    "operatingExpenses": 91500000,
    "costAndExpenses": 178200000,
    "interestIncome": 0,
    "interestExpense": 13600000,
    "depreciationAndAmortization": 82600000,
    "ebitda": 146600000,
    "ebitdaratio": 0.6052848885,
    "operatingIncome": 64000000,
    "operatingIncomeRatio": 0.2642444261,
    "totalOtherIncomeExpensesNet": -13300000,
    "incomeBeforeTax": 50700000,
    "incomeBeforeTaxRatio": 0.2093311313,
    "incomeTaxExpense": 20600000,
    "netIncome": 30100000,
    "netIncomeRatio": 0.1242774566,
    "eps": 0.13,
    "epsdiluted": 0.13,
    "weightedAverageShsOut": 225087118,
    "weightedAverageShsOutDil": 231909517,
    "link": "https://www.sec.gov/Archives/edgar/data/6769/000000676996000010/0000006769-96-000010-index.html",
    "finalLink": "https://www.sec.gov/Archives/edgar/data/6769/0000006769-96-000010.txt"
  },
  {
    "date": "1996-06-30",
    "symbol": "APA",
    "reportedCurrency": "USD",
    "cik": "0001841666",
    "fillingDate": "1996-08-14",
    "acceptedDate": "1996-08-14 00:00:00",
    "calendarYear": "1996",
    "period": "Q2",
    "revenue": 222800000,
    "costOfRevenue": 84300000,
    "grossProfit": 138500000,
    "grossProfitRatio": 0.6216337522,
    "researchAndDevelopmentExpenses": 0,
    "generalAndAdministrativeExpenses": 8200000,
    "sellingAndMarketingExpenses": 0,
    "sellingGeneralAndAdministrativeExpenses": 8200000,
    "otherExpenses": 77500000,
    "operatingExpenses": 85700000,
    "costAndExpenses": 170000000,
    "interestIncome": 0,
    "interestExpense": 0,
    "depreciationAndAmortization": 77500000,
    "ebitda": 130300000,
    "ebitdaratio": 0.5848294434,
    "operatingIncome": 52800000,
    "operatingIncomeRatio": 0.236983842,
    "totalOtherIncomeExpensesNet": -13000000,
    "incomeBeforeTax": 39800000,
    "incomeBeforeTaxRatio": 0.1786355476,
    "incomeTaxExpense": 15400000,
    "netIncome": 24400000,
    "netIncomeRatio": 0.1095152603,
    "eps": 0.11,
    "epsdiluted": 0.11,
    "weightedAverageShsOut": 213922497,
    "weightedAverageShsOutDil": 221564390,
    "link": "https://www.sec.gov/Archives/edgar/data/6769/000000676996000008/0000006769-96-000008-index.html",
    "finalLink": "https://www.sec.gov/Archives/edgar/data/6769/0000006769-96-000008.txt"
  },
  {
    "date": "1996-03-31",
    "symbol": "APA",
    "reportedCurrency": "USD",
    "cik": "0001841666",
    "fillingDate": "1996-05-15",
    "acceptedDate": "1996-05-15 00:00:00",
    "calendarYear": "1996",
    "period": "Q1",
    "revenue": 205900000,
    "costOfRevenue": 84900000,
    "grossProfit": 121000000,
    "grossProfitRatio": 0.5876639145,
    "researchAndDevelopmentExpenses": 0,
    "generalAndAdministrativeExpenses": 8900000,
    "sellingAndMarketingExpenses": 0,
    "sellingGeneralAndAdministrativeExpenses": 8900000,
    "otherExpenses": 73000000,
    "operatingExpenses": 81900000,
    "costAndExpenses": 166800000,
    "interestIncome": 0,
    "interestExpense": 0,
    "depreciationAndAmortization": 73000000,
    "ebitda": 112100000,
    "ebitdaratio": 0.5444390481,
    "operatingIncome": 39100000,
    "operatingIncomeRatio": 0.1898980087,
    "totalOtherIncomeExpensesNet": -13600000,
    "incomeBeforeTax": 25500000,
    "incomeBeforeTaxRatio": 0.1238465274,
    "incomeTaxExpense": 9800000,
    "netIncome": 15700000,
    "netIncomeRatio": 0.0762506071,
    "eps": 0.0787,
    "epsdiluted": 0.0787,
    "weightedAverageShsOut": 199588111,
    "weightedAverageShsOutDil": 199588111,
    "link": "https://www.sec.gov/Archives/edgar/data/6769/000000676996000002/0000006769-96-000002-index.html",
    "finalLink": "https://www.sec.gov/Archives/edgar/data/6769/0000006769-96-000002.txt"
  },
  {
    "date": "1995-12-31",
    "symbol": "APA",
    "reportedCurrency": "USD",
    "cik": "0001841666",
    "fillingDate": "1996-03-27",
    "acceptedDate": "1996-03-27 00:00:00",
    "calendarYear": "1995",
    "period": "Q4",
    "revenue": 203400000,
    "costOfRevenue": 83700000,
    "grossProfit": 119700000,
    "grossProfitRatio": 0.5884955752,
    "researchAndDevelopmentExpenses": 0,
    "generalAndAdministrativeExpenses": 8800000,
    "sellingAndMarketingExpenses": 0,
    "sellingGeneralAndAdministrativeExpenses": 8800000,
    "otherExpenses": 75500000,
    "operatingExpenses": 84300000,
    "costAndExpenses": 168000000,
    "interestIncome": 0,
    "interestExpense": 0,
    "depreciationAndAmortization": 75500000,
    "ebitda": 110900000,
    "ebitdaratio": 0.5452310718,
    "operatingIncome": 35400000,
    "operatingIncomeRatio": 0.1740412979,
    "totalOtherIncomeExpensesNet": -22100000,
    "incomeBeforeTax": 13300000,
    "incomeBeforeTaxRatio": 0.0653883972,
    "incomeTaxExpense": 4800000,
    "netIncome": 8500000,
    "netIncomeRatio": 0.0417895772,
    "eps": 0.043,
    "epsdiluted": 0.043,
    "weightedAverageShsOut": 199588111,
    "weightedAverageShsOutDil": 199588111,
    "link": "https://www.sec.gov/Archives/edgar/data/6769/000095012996000468/0000950129-96-000468-index.html",
    "finalLink": "https://www.sec.gov/Archives/edgar/data/6769/0000950129-96-000468.txt"
  },
  {
    "date": "1995-09-30",
    "symbol": "APA",
    "reportedCurrency": "USD",
    "cik": "0001841666",
    "fillingDate": "1995-11-14",
    "acceptedDate": "1995-11-14 00:00:00",
    "calendarYear": "1995",
    "period": "Q3",
    "revenue": 178100000,
    "costOfRevenue": 70700000,
    "grossProfit": 107400000,
    "grossProfitRatio": 0.6030320045,
    "researchAndDevelopmentExpenses": 0,
    "generalAndAdministrativeExpenses": 7700000,
    "sellingAndMarketingExpenses": 0,
    "sellingGeneralAndAdministrativeExpenses": 7700000,
    "otherExpenses": 75700000,
    "operatingExpenses": 83400000,
    "costAndExpenses": 154100000,
    "interestIncome": 0,
    "interestExpense": 0,
    "depreciationAndAmortization": 75700000,
    "ebitda": 99700000,
    "ebitdaratio": 0.5597978664,
    "operatingIncome": 24000000,
    "operatingIncomeRatio": 0.1347557552,
    "totalOtherIncomeExpensesNet": -15100000,
    "incomeBeforeTax": 8900000,
    "incomeBeforeTaxRatio": 0.0499719259,
    "incomeTaxExpense": 1900000,
    "netIncome": 7000000,
    "netIncomeRatio": 0.0393037619,
    "eps": 0.0393,
    "epsdiluted": 0.0393,
    "weightedAverageShsOut": 177976660,
    "weightedAverageShsOutDil": 177976660,
    "link": "https://www.sec.gov/Archives/edgar/data/6769/000000676995000002/0000006769-95-000002-index.html",
    "finalLink": "https://www.sec.gov/Archives/edgar/data/6769/0000006769-95-000002.txt"
  }
]