[
  {
    "date": "2024-12-31",
    "symbol": "APA",
    "reportedCurrency": "USD",
    "cik": "0001841666",
    "fillingDate": "2025-02-28",
    "acceptedDate": "2025-02-28 16:11:07",
    "calendarYear": "2024",
    "period": "FY",
    "revenue": 9737000000,
    "costOfRevenue": 5435000000,
    "grossProfit": 4302000000,
    "grossProfitRatio": 0.4418198624,
    "researchAndDevelopmentExpenses": 0,
    "generalAndAdministrativeExpenses": 372000000,
    "sellingAndMarketingExpenses": 0,
    "sellingGeneralAndAdministrativeExpenses": 372000000,
    "otherExpenses": 731000000,
    "operatingExpenses": 1103000000,
    "costAndExpenses": 6538000000,
    "interestIncome": 12000000,
    "interestExpense": 379000000,
    "depreciationAndAmortization": 2266000000,
    "ebitda": 4174000000,
    "ebitdaratio": 0.4286741296,
    "operatingIncome": 3199000000,
    "operatingIncomeRatio": 0.3285406183,
    "totalOtherIncomeExpensesNet": -1664000000,
    "incomeBeforeTax": 1535000000,
    "incomeBeforeTaxRatio": 0.1576460922,
    "incomeTaxExpense": 417000000,
    "netIncome": 804000000,
    "netIncomeRatio": 0.082571634,
    "eps": 2.28,
    "epsdiluted": 2.28,
    "weightedAverageShsOut": 353000000,
    "weightedAverageShsOutDil": 353000000,
    "link": "https://www.sec.gov/Archives/edgar/data/1841666/000204026625000007/0002040266-25-000007-index.htm",
    "finalLink": "https://www.sec.gov/Archives/edgar/data/1841666/000204026625000007/apa-20241231.htm"
  },
  {
    "date": "2023-12-31",
    "symbol": "APA",
    "reportedCurrency": "USD",
    "cik": "0001841666",
    "fillingDate": "2024-02-22",
    "acceptedDate": "2024-02-22 17:17:31",
    "calendarYear": "2023",
    "period": "FY",
    "revenue": 8279000000,
    "costOfRevenue": 4052000000,
    "grossProfit": 4227000000,
    "grossProfitRatio": 0.5105689093,
    "researchAndDevelopmentExpenses": 0,
    "generalAndAdministrativeExpenses": 351000000,
    "sellingAndMarketingExpenses": 0,
    "sellingGeneralAndAdministrativeExpenses": 351000000,
    "otherExpenses": 518000000,
    "operatingExpenses": 869000000,
    "costAndExpenses": 4921000000,
    "interestIncome": 10000000,
    "interestExpense": 331000000,
    "depreciationAndAmortization": 1540000000,
    "ebitda": 4750000000,
    "ebitdaratio": 0.57374079,
    "operatingIncome": 3358000000,
    "operatingIncomeRatio": 0.4056045416,
    "totalOtherIncomeExpensesNet": -475000000,
    "incomeBeforeTax": 2883000000,
    "incomeBeforeTaxRatio": 0.3482304626,
    "incomeTaxExpense": -324000000,
    "netIncome": 2855000000,
    "netIncomeRatio": 0.3448484116,
    "eps": 9.27,
    "epsdiluted": 9.25,
    "weightedAverageShsOut": 308000000,
    "weightedAverageShsOutDil": 309000000,
    "link": "https://www.sec.gov/Archives/edgar/data/1841666/000178403124000003/0001784031-24-000003-index.htm",
    "finalLink": "https://www.sec.gov/Archives/edgar/data/1841666/000178403124000003/apa-20231231.htm"
  },
  {
    "date": "2022-12-31",
    "symbol": "APA",
    "reportedCurrency": "USD",
    "cik": "0001841666",
    "fillingDate": "2023-02-23",
    "acceptedDate": "2023-02-23 15:05:11",
    "calendarYear": "2022",
    "period": "FY",
    "revenue": 11075000000,
    "costOfRevenue": 4820000000,
    "grossProfit": 6255000000,
    "grossProfitRatio": 0.564785553,
    "researchAndDevelopmentExpenses": 0,
    "generalAndAdministrativeExpenses": 483000000,
    "sellingAndMarketingExpenses": 0,
    "sellingGeneralAndAdministrativeExpenses": 483000000,
    "otherExpenses": 690000000,
    "operatingExpenses": 1173000000,
    "costAndExpenses": 5993000000,
    "interestIncome": 10000000,
    "interestExpense": 322000000,
    "depreciationAndAmortization": 1557000000,
    "ebitda": 7613000000,
    "ebitdaratio": 0.6874040632,
    "operatingIncome": 5082000000,
    "operatingIncomeRatio": 0.4588713318,
    "totalOtherIncomeExpensesNet": 652000000,
    "incomeBeforeTax": 5734000000,
    "incomeBeforeTaxRatio": 0.5177426637,
    "incomeTaxExpense": 1652000000,
    "netIncome": 3674000000,
    "netIncomeRatio": 0.331738149,
    "eps": 11.07,
    "epsdiluted": 11.02,
    "weightedAverageShsOut": 332000000,
    "weightedAverageShsOutDil": 333000000,
    "link": "https://www.sec.gov/Archives/edgar/data/1841666/000178403123000007/0001784031-23-000007-index.htm",
    "finalLink": "https://www.sec.gov/Archives/edgar/data/1841666/000178403123000007/apa-20221231.htm"
  },
  {
    "date": "2021-12-31",
    "symbol": "APA",
    "reportedCurrency": "USD",
    "cik": "0001841666",
    "fillingDate": "2022-02-22",
    "acceptedDate": "2022-02-22 14:30:58",
    "calendarYear": "2021",
    "period": "FY",
    "revenue": 7985000000,
    "costOfRevenue": 4445000000,
    "grossProfit": 3540000000,
    "grossProfitRatio": 0.4433312461,
    "researchAndDevelopmentExpenses": 0,
    "generalAndAdministrativeExpenses": 376000000,
    "sellingAndMarketingExpenses": 0,
    "sellingGeneralAndAdministrativeExpenses": 376000000,
    "otherExpenses": 472000000,
    "operatingExpenses": 848000000,
    "costAndExpenses": 5293000000,
    "interestIncome": 8000000,
    "interestExpense": 418000000,
    "depreciationAndAmortization": 1570000000,
    "ebitda": 3879000000,
    "ebitdaratio": 0.4857858485,
    "operatingIncome": 2692000000,
    "operatingIncomeRatio": 0.3371321227,
    "totalOtherIncomeExpensesNet": -801000000,
    "incomeBeforeTax": 1891000000,
    "incomeBeforeTaxRatio": 0.2368190357,
    "incomeTaxExpense": 578000000,
    "netIncome": 973000000,
    "netIncomeRatio": 0.1218534753,
    "eps": 2.6,
    "epsdiluted": 2.59,
    "weightedAverageShsOut": 374000000,
    "weightedAverageShsOutDil": 375000000,
    "link": "https://www.sec.gov/Archives/edgar/data/1841666/000178403122000009/0001784031-22-000009-index.htm",
    "finalLink": "https://www.sec.gov/Archives/edgar/data/1841666/000178403122000009/apa-20211231.htm"
  },
  {
    "date": "2020-12-31",
    "symbol": "APA",
    "reportedCurrency": "USD",
    "cik": "0001841666",
    "fillingDate": "2021-02-26",
    "acceptedDate": "2021-02-25 20:20:42",
    "calendarYear": "2020",
    "period": "FY",
    "revenue": 4435000000,
    "costOfRevenue": 3530000000,
    "grossProfit": 905000000,
    "grossProfitRatio": 0.2040586246,
    "researchAndDevelopmentExpenses": 0,
    "generalAndAdministrativeExpenses": 290000000,
    "sellingAndMarketingExpenses": 0,
    "sellingGeneralAndAdministrativeExpenses": 290000000,
    "otherExpenses": 123000000,
    "operatingExpenses": 413000000,
    "costAndExpenses": 4326000000,
    "interestIncome": 7000000,
    "interestExpense": 434000000,
    "depreciationAndAmortization": 2092000000,
    "ebitda": -2314000000,
    "ebitdaratio": -0.5217587373,
    "operatingIncome": 173000000,
    "operatingIncomeRatio": 0.0390078918,
    "totalOtherIncomeExpensesNet": -5013000000,
    "incomeBeforeTax": -4840000000,
    "incomeBeforeTaxRatio": -1.091319053,
    "incomeTaxExpense": 64000000,
    "netIncome": -4860000000,
    "netIncomeRatio": -1.0958286359,
    "eps": -12.86,
    "epsdiluted": -12.86,
    "weightedAverageShsOut": 378000000,
    "weightedAverageShsOutDil": 378000000,
    "link": "https://www.sec.gov/Archives/edgar/data/6769/000167337921000007/0001673379-21-000007-index.htm",
    "finalLink": "https://www.sec.gov/Archives/edgar/data/6769/000167337921000007/apa-20201231.htm"
  },
  {
    "date": "2019-12-31",
    "symbol": "APA",
    "reportedCurrency": "USD",
    "cik": "0001841666",
    "fillingDate": "2020-02-28",
    "acceptedDate": "2020-02-27 17:43:42",
    "calendarYear": "2019",
    "period": "FY",
    "revenue": 6315000000,
    "costOfRevenue": 4575000000,
    "grossProfit": 1740000000,
    "grossProfitRatio": 0.2755344418,
    "researchAndDevelopmentExpenses": 0,
    "generalAndAdministrativeExpenses": 406000000,
    "sellingAndMarketingExpenses": 0,
    "sellingGeneralAndAdministrativeExpenses": 406000000,
    "otherExpenses": 1065000000,
    "operatingExpenses": 1471000000,
    "costAndExpenses": 6100000000,
    "interestIncome": 13000000,
    "interestExpense": 400000000,
    "depreciationAndAmortization": 2680000000,
    "ebitda": -213000000,
    "ebitdaratio": -0.0337292162,
    "operatingIncome": 445000000,
    "operatingIncomeRatio": 0.0704671417,
    "totalOtherIncomeExpensesNet": -3453000000,
    "incomeBeforeTax": -3008000000,
    "incomeBeforeTaxRatio": -0.4763262074,
    "incomeTaxExpense": 674000000,
    "netIncome": -3553000000,
    "netIncomeRatio": -0.5626286619,
    "eps": -9.43,
    "epsdiluted": -9.43,
    "weightedAverageShsOut": 377000000,
    "weightedAverageShsOutDil": 377000000,
    "link": "https://www.sec.gov/Archives/edgar/data/6769/000173303720000004/0001733037-20-000004-index.html",
    "finalLink": "https://www.sec.gov/Archives/edgar/data/6769/000173303720000004/apa10-k2019.htm"
  },
  {
    "date": "2018-12-31",
    "symbol": "APA",
    "reportedCurrency": "USD",
    "cik": "0001841666",
    "fillingDate": "2019-03-01",
    "acceptedDate": "2019-02-28 18:03:05",
    "calendarYear": "2018",
    "period": "FY",
    "revenue": 7348000000,
    "costOfRevenue": 4192000000,
    "grossProfit": 3156000000,
    "grossProfitRatio": 0.4295046271,
    "researchAndDevelopmentExpenses": 0,
    "generalAndAdministrativeExpenses": 431000000,
    "sellingAndMarketingExpenses": 0,
    "sellingGeneralAndAdministrativeExpenses": 431000000,
    "otherExpenses": 756000000,
    "operatingExpenses": 1187000000,
    "costAndExpenses": 5453000000,
    "interestIncome": 22000000,
    "interestExpense": 406000000,
    "depreciationAndAmortization": 2405000000,
    "ebitda": 3760000000,
    "ebitdaratio": 0.511703865,
    "operatingIncome": 1969000000,
    "operatingIncomeRatio": 0.2679640719,
    "totalOtherIncomeExpensesNet": -1011000000,
    "incomeBeforeTax": 958000000,
    "incomeBeforeTaxRatio": 0.1303756124,
    "incomeTaxExpense": 672000000,
    "netIncome": 40000000,
    "netIncomeRatio": 0.0054436581,
    "eps": 0.1,
    "epsdiluted": 0.1,
    "weightedAverageShsOut": 382000000,
    "weightedAverageShsOutDil": 384000000,
    "link": "https://www.sec.gov/Archives/edgar/data/6769/000173303719000004/0001733037-19-000004-index.html",
    "finalLink": "https://www.sec.gov/Archives/edgar/data/6769/000173303719000004/apa10-k2018.htm"
  },
  {
    "date": "2017-12-31",
    "symbol": "APA",
    "reportedCurrency": "USD",
    "cik": "0001841666",
    "fillingDate": "2018-02-23",
    "acceptedDate": "2018-02-22 17:41:29",
    "calendarYear": "2017",
    "period": "FY",
    "revenue": 5887000000,
    "costOfRevenue": 3859000000,
    "grossProfit": 2028000000,
    "grossProfitRatio": 0.3444878546,
    "researchAndDevelopmentExpenses": 0,
    "generalAndAdministrativeExpenses": 395000000,
    "sellingAndMarketingExpenses": 0,
    "sellingGeneralAndAdministrativeExpenses": 395000000,
    "otherExpenses": 921000000,
    "operatingExpenses": 1316000000,
    "costAndExpenses": 5084000000,
    "interestIncome": 19000000,
    "interestExpense": 415000000,
    "depreciationAndAmortization": 2839000000,
    "ebitda": 3604000000,
    "ebitdaratio": 0.6121963649,
    "operatingIncome": 712000000,
    "operatingIncomeRatio": 0.1209444539,
    "totalOtherIncomeExpensesNet": 206000000,
    "incomeBeforeTax": 918000000,
    "incomeBeforeTaxRatio": 0.1559368099,
    "incomeTaxExpense": -585000000,
    "netIncome": 1304000000,
    "netIncomeRatio": 0.221505011,
    "eps": 3.42,
    "epsdiluted": 3.41,
    "weightedAverageShsOut": 381000000,
    "weightedAverageShsOutDil": 383000000,
    "link": "https://www.sec.gov/Archives/edgar/data/6769/000167337918000008/0001673379-18-000008-index.html",
    "finalLink": "https://www.sec.gov/Archives/edgar/data/6769/000167337918000008/apa10-k2017.htm"
  },
  {
    "date": "2016-12-31",
    "symbol": "APA",
    "reportedCurrency": "USD",
    "cik": "0001841666",
    "fillingDate": "2017-02-24",
    "acceptedDate": "2017-02-24 12:08:16",
    "calendarYear": "2016",
    "period": "FY",
    "revenue": 5367000000,
    "costOfRevenue": 4312000000,
    "grossProfit": 1055000000,
    "grossProfitRatio": 0.1965716415,
    "researchAndDevelopmentExpenses": 0,
    "generalAndAdministrativeExpenses": 410000000,
    "sellingAndMarketingExpenses": 0,
    "sellingGeneralAndAdministrativeExpenses": 410000000,
    "otherExpenses": 789000000,
    "operatingExpenses": 1199000000,
    "costAndExpenses": 5532000000,
    "interestIncome": 8000000,
    "interestExpense": 424000000,
    "depreciationAndAmortization": 3127000000,
    "ebitda": 1869000000,
    "ebitdaratio": 0.3482392398,
    "operatingIncome": -144000000,
    "operatingIncomeRatio": -0.0268306316,
    "totalOtherIncomeExpensesNet": -1538000000,
    "incomeBeforeTax": -1682000000,
    "incomeBeforeTaxRatio": -0.3133966834,
    "incomeTaxExpense": -442000000,
    "netIncome": -1405000000,
    "netIncomeRatio": -0.2617849823,
    "eps": -3.71,
    "epsdiluted": -3.71,
    "weightedAverageShsOut": 379000000,
    "weightedAverageShsOutDil": 379000000,
    "link": "https://www.sec.gov/Archives/edgar/data/6769/000167337917000004/0001673379-17-000004-index.html",
    "finalLink": "https://www.sec.gov/Archives/edgar/data/6769/000167337917000004/apa10-k2016.htm"
  },
  {
    "date": "2015-12-31",
    "symbol": "APA",
    "reportedCurrency": "USD",
    "cik": "0001841666",
    "fillingDate": "2016-02-26",
    "acceptedDate": "2016-02-26 16:09:17",
    "calendarYear": "2015",
    "period": "FY",
    "revenue": 6383000000,
    "costOfRevenue": 8281000000,
    "grossProfit": -1898000000,
    "grossProfitRatio": -0.2973523422,
    "researchAndDevelopmentExpenses": 0,
    "generalAndAdministrativeExpenses": 380000000,
    "sellingAndMarketingExpenses": 0,
    "sellingGeneralAndAdministrativeExpenses": 380000000,
    "otherExpenses": 444000000,
    "operatingExpenses": 821000000,
    "costAndExpenses": 8998000000,
    "interestIncome": 10000000,
    "interestExpense": 482000000,
    "depreciationAndAmortization": 6040000000,
    "ebitda": -5647000000,
    "ebitdaratio": -0.8846937177,
    "operatingIncome": -2335000000,
    "operatingIncomeRatio": -0.3658154473,
    "totalOtherIncomeExpensesNet": -9834000000,
    "incomeBeforeTax": -12169000000,
    "incomeBeforeTaxRatio": -1.9064703118,
    "incomeTaxExpense": -1010000000,
    "netIncome": -10352000000,
    "netIncomeRatio": -1.6218079273,
    "eps": -61.19,
    "epsdiluted": -61.2,
    "weightedAverageShsOut": 378000000,
    "weightedAverageShsOutDil": 378000000,
    "link": "https://www.sec.gov/Archives/edgar/data/6769/000119312516481920/0001193125-16-481920-index.html",
    "finalLink": "https://www.sec.gov/Archives/edgar/data/6769/000119312516481920/d62202d10k.htm"
  },
  {
    "date": "2014-12-31",
    "symbol": "APA",
    "reportedCurrency": "USD",
    "cik": "0001841666",
    "fillingDate": "2015-02-27",
    "acceptedDate": "2015-02-27 17:31:33",
    "calendarYear": "2014",
    "period": "FY",
    "revenue": 12795000000,
    "costOfRevenue": 7037000000,
    "grossProfit": 5758000000,
    "grossProfitRatio": 0.4500195389,
    "researchAndDevelopmentExpenses": 0,
    "generalAndAdministrativeExpenses": 434000000,
    "sellingAndMarketingExpenses": 19000000,
    "sellingGeneralAndAdministrativeExpenses": 453000000,
    "otherExpenses": 2945000000,
    "operatingExpenses": 3398000000,
    "costAndExpenses": 10435000000,
    "interestIncome": 1000000,
    "interestExpense": 414000000,
    "depreciationAndAmortization": 4526000000,
    "ebitda": -1890000000,
    "ebitdaratio": -0.1477139508,
    "operatingIncome": 2360000000,
    "operatingIncomeRatio": 0.1844470496,
    "totalOtherIncomeExpensesNet": -9190000000,
    "incomeBeforeTax": -6830000000,
    "incomeBeforeTaxRatio": -0.5338022665,
    "incomeTaxExpense": -518000000,
    "netIncome": -8360000000,
    "netIncomeRatio": -0.6533802267,
    "eps": -14.07,
    "epsdiluted": -14.07,
    "weightedAverageShsOut": 384000000,
    "weightedAverageShsOutDil": 384000000,
    "link": "https://www.sec.gov/Archives/edgar/data/6769/000119312515070388/0001193125-15-070388-index.htm",
    "finalLink": "https://www.sec.gov/Archives/edgar/data/6769/000119312515070388/d836834d10k.htm"
  },
  {
    "date": "2013-12-31",
    "symbol": "APA",
    "reportedCurrency": "USD",
    "cik": "0001841666",
    "fillingDate": "2014-02-28",
    "acceptedDate": "2014-02-28 16:59:38",
    "calendarYear": "2013",
    "period": "FY",
    "revenue": 14771000000,
    "costOfRevenue": 8804000000,
    "grossProfit": 5967000000,
    "grossProfitRatio": 0.4039672331,
    "researchAndDevelopmentExpenses": 0,
    "generalAndAdministrativeExpenses": 481000000,
    "sellingAndMarketingExpenses": 0,
    "sellingGeneralAndAdministrativeExpenses": 481000000,
    "otherExpenses": 1316000000,
    "operatingExpenses": 1797000000,
    "costAndExpenses": 10601000000,
    "interestIncome": 0,
    "interestExpense": 245000000,
    "depreciationAndAmortization": 5866000000,
    "ebitda": 10019000000,
    "ebitdaratio": 0.6782885384,
    "operatingIncome": 4170000000,
    "operatingIncomeRatio": 0.2823099316,
    "totalOtherIncomeExpensesNet": -262000000,
    "incomeBeforeTax": 3908000000,
    "incomeBeforeTaxRatio": 0.2645724731,
    "incomeTaxExpense": 1928000000,
    "netIncome": 2232000000,
    "netIncomeRatio": 0.1511068987,
    "eps": 5.53,
    "epsdiluted": 5.5,
    "weightedAverageShsOut": 395000000,
    "weightedAverageShsOutDil": 406000000,
    "link": "https://www.sec.gov/Archives/edgar/data/6769/000119312514077668/0001193125-14-077668-index.htm",
    "finalLink": "https://www.sec.gov/Archives/edgar/data/6769/000119312514077668/d647405d10k.htm"
  },
  {
    "date": "2012-12-31",
    "symbol": "APA",
    "reportedCurrency": "USD",
    "cik": "0001841666",
    "fillingDate": "2013-03-01",
    "acceptedDate": "2013-02-28 18:34:31",
    "calendarYear": "2012",
    "period": "FY",
    "revenue": 16428000000,
    "costOfRevenue": 9960000000,
    "grossProfit": 6468000000,
    "grossProfitRatio": 0.3937180424,
    "researchAndDevelopmentExpenses": 0,
    "generalAndAdministrativeExpenses": 531000000,
    "sellingAndMarketingExpenses": 0,
    "sellingGeneralAndAdministrativeExpenses": 531000000,
    "otherExpenses": 963000000,
    "operatingExpenses": 1494000000,
    "costAndExpenses": 11201000000,
    "interestIncome": 10000000,
    "interestExpense": 182000000,
    "depreciationAndAmortization": 6881000000,
    "ebitda": 11899000000,
    "ebitdaratio": 0.72431215,
    "operatingIncome": 5122000000,
    "operatingIncomeRatio": 0.3117847577,
    "totalOtherIncomeExpensesNet": -245000000,
    "incomeBeforeTax": 4877000000,
    "incomeBeforeTaxRatio": 0.2968711955,
    "incomeTaxExpense": 2876000000,
    "netIncome": 2001000000,
    "netIncomeRatio": 0.1218042367,
    "eps": 4.95,
    "epsdiluted": 4.92,
    "weightedAverageShsOut": 389000000,
    "weightedAverageShsOutDil": 391000000,
    "link": "https://www.sec.gov/Archives/edgar/data/6769/000119312513085083/0001193125-13-085083-index.html",
    "finalLink": "https://www.sec.gov/Archives/edgar/data/6769/000119312513085083/d457834d10k.htm"
  },
  {
    "date": "2011-12-31",
    "symbol": "APA",
    "reportedCurrency": "USD",
    "cik": "0001841666",
    "fillingDate": "2012-02-29",
    "acceptedDate": "2012-02-28 19:30:55",
    "calendarYear": "2011",
    "period": "FY",
    "revenue": 16810000000,
    "costOfRevenue": 7105000000,
    "grossProfit": 9705000000,
    "grossProfitRatio": 0.5773349197,
    "researchAndDevelopmentExpenses": 0,
    "generalAndAdministrativeExpenses": 459000000,
    "sellingAndMarketingExpenses": 0,
    "sellingGeneralAndAdministrativeExpenses": 459000000,
    "otherExpenses": 975000000,
    "operatingExpenses": 1434000000,
    "costAndExpenses": 8508000000,
    "interestIncome": 17000000,
    "interestExpense": 175000000,
    "depreciationAndAmortization": 4249000000,
    "ebitda": 12467000000,
    "ebitdaratio": 0.7416418798,
    "operatingIncome": 8315000000,
    "operatingIncomeRatio": 0.494646044,
    "totalOtherIncomeExpensesNet": -222000000,
    "incomeBeforeTax": 8093000000,
    "incomeBeforeTaxRatio": 0.4814396193,
    "incomeTaxExpense": 3509000000,
    "netIncome": 4584000000,
    "netIncomeRatio": 0.2726948245,
    "eps": 11.75,
    "epsdiluted": 11.47,
    "weightedAverageShsOut": 384000000,
    "weightedAverageShsOutDil": 400000000,
    "link": "https://www.sec.gov/Archives/edgar/data/6769/000119312512086217/0001193125-12-086217-index.html",
    "finalLink": "https://www.sec.gov/Archives/edgar/data/6769/000119312512086217/d267154d10k.htm"
  },
  {
    "date": "2010-12-31",
    "symbol": "APA",
    "reportedCurrency": "USD",
    "cik": "0001841666",
    "fillingDate": "2011-02-28",
    "acceptedDate": "2011-02-28 17:20:11",
    "calendarYear": "2010",
    "period": "FY",
    "revenue": 12183000000,
    "costOfRevenue": 5293000000,
    "grossProfit": 6890000000,
    "grossProfitRatio": 0.5655421489,
    "researchAndDevelopmentExpenses": 0,
    "generalAndAdministrativeExpenses": 380000000,
    "sellingAndMarketingExpenses": 0,
    "sellingGeneralAndAdministrativeExpenses": 380000000,
    "otherExpenses": 892000000,
    "operatingExpenses": 1272000000,
    "costAndExpenses": 6565000000,
    "interestIncome": 13000000,
    "interestExpense": 242000000,
    "depreciationAndAmortization": 3083000000,
    "ebitda": 8812000000,
    "ebitdaratio": 0.7233029631,
    "operatingIncome": 5618000000,
    "operatingIncomeRatio": 0.4611343676,
    "totalOtherIncomeExpensesNet": -412000000,
    "incomeBeforeTax": 5206000000,
    "incomeBeforeTaxRatio": 0.4273167529,
    "incomeTaxExpense": 2174000000,
    "netIncome": 3032000000,
    "netIncomeRatio": 0.2488713781,
    "eps": 8.53,
    "epsdiluted": 8.46,
    "weightedAverageShsOut": 352000000,
    "weightedAverageShsOutDil": 359000000,
    "link": "https://www.sec.gov/Archives/edgar/data/6769/000095012311019900/0000950123-11-019900-index.htm",
    "finalLink": "https://www.sec.gov/Archives/edgar/data/6769/000095012311019900/h78042e10vk.htm"
  },
  {
    "date": "2009-12-31",
    "symbol": "APA",
    "reportedCurrency": "USD",
    "cik": "0001841666",
    "fillingDate": "2010-02-26",
    "acceptedDate": "2010-02-26 17:10:45",
    "calendarYear": "2009",
    "period": "FY",
    "revenue": 8614826000,
    "costOfRevenue": 143000000,
    "grossProfit": 8471826000,
    "grossProfitRatio": 0.9834007094,
    "researchAndDevelopmentExpenses": 0,
    "generalAndAdministrativeExpenses": 343883000,
    "sellingAndMarketingExpenses": 117000,
    "sellingGeneralAndAdministrativeExpenses": 344000000,
    "otherExpenses": 7560000000,
    "operatingExpenses": 7904000000,
    "costAndExpenses": 7991197000,
    "interestIncome": 12000000,
    "interestExpense": 248000000,
    "depreciationAndAmortization": 5213000000,
    "ebitda": 5787000000,
    "ebitdaratio": 0.6717489129,
    "operatingIncome": 568000000,
    "operatingIncomeRatio": 0.0659328465,
    "totalOtherIncomeExpensesNet": -241609000,
    "incomeBeforeTax": 326391000,
    "incomeBeforeTaxRatio": 0.0378871262,
    "incomeTaxExpense": 610789000,
    "netIncome": -284398000,
    "netIncomeRatio": -0.0330126227,
    "eps": -0.87,
    "epsdiluted": -0.87,
    "weightedAverageShsOut": 336000000,
    "weightedAverageShsOutDil": 336000000,
    "link": "https://www.sec.gov/Archives/edgar/data/6769/000095012310018311/0000950123-10-018311-index.html",
    "finalLink": "https://www.sec.gov/Archives/edgar/data/6769/000095012310018311/h69016e10vk.htm"
  },
  {
    "date": "2008-12-31",
    "symbol": "APA",
    "reportedCurrency": "USD",
    "cik": "0001841666",
    "fillingDate": "2009-03-02",
    "acceptedDate": "2009-03-02 17:15:29",
    "calendarYear": "2008",
    "period": "FY",
    "revenue": 12389750000,
    "costOfRevenue": 2066116000,
    "grossProfit": 10323634000,
    "grossProfitRatio": 0.8332398959,
    "researchAndDevelopmentExpenses": 0,
    "generalAndAdministrativeExpenses": 288794000,
    "sellingAndMarketingExpenses": 0,
    "sellingGeneralAndAdministrativeExpenses": 288794000,
    "otherExpenses": 8835065000,
    "operatingExpenses": 9123859000,
    "costAndExpenses": 11189975000,
    "interestIncome": 23947000,
    "interestExpense": 280457000,
    "depreciationAndAmortization": 7850258000,
    "ebitda": 9063107000,
    "ebitdaratio": 0.7315003935,
    "operatingIncome": 1188902000,
    "operatingIncomeRatio": 0.0959585141,
    "totalOtherIncomeExpensesNet": -256510000,
    "incomeBeforeTax": 932392000,
    "incomeBeforeTaxRatio": 0.0752551101,
    "incomeTaxExpense": 220438000,
    "netIncome": 711954000,
    "netIncomeRatio": 0.0574631449,
    "eps": 2.11,
    "epsdiluted": 2.09,
    "weightedAverageShsOut": 334351000,
    "weightedAverageShsOutDil": 337191000,
    "link": "https://www.sec.gov/Archives/edgar/data/6769/000095012909000708/0000950129-09-000708-index.html",
    "finalLink": "https://www.sec.gov/Archives/edgar/data/6769/000095012909000708/h65809e10vk.htm"
  },
  {
    "date": "2007-12-31",
    "symbol": "APA",
    "reportedCurrency": "USD",
    "cik": "0001841666",
    "fillingDate": "2008-02-29",
    "acceptedDate": "2008-02-29 14:08:15",
    "calendarYear": "2007",
    "period": "FY",
    "revenue": 9961982000,
    "costOfRevenue": 1824033000,
    "grossProfit": 8137949000,
    "grossProfitRatio": 0.8169005927,
    "researchAndDevelopmentExpenses": 0,
    "generalAndAdministrativeExpenses": 275065000,
    "sellingAndMarketingExpenses": 0,
    "sellingGeneralAndAdministrativeExpenses": 275065000,
    "otherExpenses": 2889773000,
    "operatingExpenses": 3164838000,
    "costAndExpenses": 5010765000,
    "interestIncome": 0,
    "interestExpense": 0,
    "depreciationAndAmortization": 2347791000,
    "ebitda": 7299008000,
    "ebitdaratio": 0.7326863269,
    "operatingIncome": 4951217000,
    "operatingIncomeRatio": 0.4970112373,
    "totalOtherIncomeExpensesNet": -278605000,
    "incomeBeforeTax": 4672612000,
    "incomeBeforeTaxRatio": 0.469044413,
    "incomeTaxExpense": 1860254000,
    "netIncome": 2812358000,
    "netIncomeRatio": 0.2823090827,
    "eps": 8.45,
    "epsdiluted": 8.39,
    "weightedAverageShsOut": 332151243,
    "weightedAverageShsOutDil": 334526579,
    "link": "https://www.sec.gov/Archives/edgar/data/6769/000095012908001358/0000950129-08-001358-index.htm",
    "finalLink": "https://www.sec.gov/Archives/edgar/data/6769/000095012908001358/h54173e10vk.htm"
  },
  {
    "date": "2006-12-31",
    "symbol": "APA",
    "reportedCurrency": "USD",
    "cik": "0001841666",
    "fillingDate": "2007-03-01",
    "acceptedDate": "2007-03-01 15:27:42",
    "calendarYear": "2006",
    "period": "FY",
    "revenue": 8074253000,
    "costOfRevenue": 1466696000,
    "grossProfit": 6607557000,
    "grossProfitRatio": 0.8183490163,
    "researchAndDevelopmentExpenses": 0,
    "generalAndAdministrativeExpenses": 211334000,
    "sellingAndMarketingExpenses": 0,
    "sellingGeneralAndAdministrativeExpenses": 211334000,
    "otherExpenses": 2094794000,
    "operatingExpenses": 2306128000,
    "costAndExpenses": 3749227000,
    "interestIncome": 16315000,
    "interestExpense": 158201000,
    "depreciationAndAmortization": 1816359000,
    "ebitda": 5821893000,
    "ebitdaratio": 0.7210441635,
    "operatingIncome": 4325026000,
    "operatingIncomeRatio": 0.5356564874,
    "totalOtherIncomeExpensesNet": -315431000,
    "incomeBeforeTax": 4009595000,
    "incomeBeforeTaxRatio": 0.4965902109,
    "incomeTaxExpense": 1457144000,
    "netIncome": 2552451000,
    "netIncomeRatio": 0.3161222469,
    "eps": 7.72,
    "epsdiluted": 7.64,
    "weightedAverageShsOut": 329892617,
    "weightedAverageShsOutDil": 333346990,
    "link": "https://www.sec.gov/Archives/edgar/data/6769/000095012907001091/0000950129-07-001091-index.htm",
    "finalLink": "https://www.sec.gov/Archives/edgar/data/6769/000095012907001091/h43727e10vk.htm"
  },
  {
    "date": "2005-12-31",
    "symbol": "APA",
    "reportedCurrency": "USD",
    "cik": "0001841666",
    "fillingDate": "2005-12-31",
    "acceptedDate": "2005-12-30 19:00:00",
    "calendarYear": "2005",
    "period": "FY",
    "revenue": 7584244000,
    "costOfRevenue": 1140735000,
    "grossProfit": 6443509000,
    "grossProfitRatio": 0.8495914688,
    "researchAndDevelopmentExpenses": 0,
    "generalAndAdministrativeExpenses": 198272000,
    "sellingAndMarketingExpenses": 0,
    "sellingGeneralAndAdministrativeExpenses": 198272000,
    "otherExpenses": 1868940000,
    "operatingExpenses": 2067212000,
    "costAndExpenses": 3207947000,
    "interestIncome": 5856000,
    "interestExpense": 122179000,
    "depreciationAndAmortization": 1415682000,
    "ebitda": 5791979000,
    "ebitdaratio": 0.7636857411,
    "operatingIncome": 4376297000,
    "operatingIncomeRatio": 0.5770248162,
    "totalOtherIncomeExpensesNet": -170043000,
    "incomeBeforeTax": 4206254000,
    "incomeBeforeTaxRatio": 0.5546042559,
    "incomeTaxExpense": 1582524000,
    "netIncome": 2623730000,
    "netIncomeRatio": 0.3459448298,
    "eps": 7.96,
    "epsdiluted": 7.84,
    "weightedAverageShsOut": 328900754,
    "weightedAverageShsOutDil": 333934949,
    "link": "",
    "finalLink": ""
  },
  {
    "date": "2004-12-31",
    "symbol": "APA",
    "reportedCurrency": "USD",
    "cik": "0001841666",
    "fillingDate": "2004-12-31",
    "acceptedDate": "2004-12-30 19:00:00",
    "calendarYear": "2004",
    "period": "FY",
    "revenue": 5332577000,
    "costOfRevenue": 946639000,
    "grossProfit": 4385938000,
    "grossProfitRatio": 0.8224800129,
    "researchAndDevelopmentExpenses": 0,
    "generalAndAdministrativeExpenses": 173194000,
    "sellingAndMarketingExpenses": 0,
    "sellingGeneralAndAdministrativeExpenses": 173194000,
    "otherExpenses": 1315900000,
    "operatingExpenses": 1489094000,
    "costAndExpenses": 2435733000,
    "interestIncome": 0,
    "interestExpense": 0,
    "depreciationAndAmortization": 1224623000,
    "ebitda": 4121467000,
    "ebitdaratio": 0.7728846672,
    "operatingIncome": 2896844000,
    "operatingIncomeRatio": 0.5432352876,
    "totalOtherIncomeExpensesNet": -233761000,
    "incomeBeforeTax": 2663083000,
    "incomeBeforeTaxRatio": 0.4993988835,
    "incomeTaxExpense": 993012000,
    "netIncome": 1668754000,
    "netIncomeRatio": 0.3129357532,
    "eps": 5.1,
    "epsdiluted": 5.03,
    "weightedAverageShsOut": 326092941,
    "weightedAverageShsOutDil": 330631014,
    "link": "",
    "finalLink": ""
  },
  {
    "date": "2003-12-31",
    "symbol": "APA",
    "reportedCurrency": "USD",
    "cik": "0001841666",
    "fillingDate": "2003-12-31",
    "acceptedDate": "2003-12-30 19:00:00",
    "calendarYear": "2003",
    "period": "FY",
    "revenue": 4190299000,
    "costOfRevenue": 760123000,
    "grossProfit": 3430176000,
    "grossProfitRatio": 0.818599341,
    "researchAndDevelopmentExpenses": 0,
    "generalAndAdministrativeExpenses": 138524000,
    "sellingAndMarketingExpenses": 0,
    "sellingGeneralAndAdministrativeExpenses": 138524000,
    "otherExpenses": 1247818000,
    "operatingExpenses": 1386342000,
    "costAndExpenses": 2146465000,
    "interestIncome": 3290000,
    "interestExpense": 116199000,
    "depreciationAndAmortization": 1075449000,
    "ebitda": 3169859000,
    "ebitdaratio": 0.7564756119,
    "operatingIncome": 2043834000,
    "operatingIncomeRatio": 0.4877537379,
    "totalOtherIncomeExpensesNet": -121577000,
    "incomeBeforeTax": 1922257000,
    "incomeBeforeTaxRatio": 0.4587398179,
    "incomeTaxExpense": 827004000,
    "netIncome": 1121885000,
    "netIncomeRatio": 0.2677338777,
    "eps": 3.46,
    "epsdiluted": 3.43,
    "weightedAverageShsOut": 322602601,
    "weightedAverageShsOutDil": 325424198,
    "link": "",
    "finalLink": ""
  },
  {
    "date": "2002-12-31",
    "symbol": "APA",
    "reportedCurrency": "USD",
    "cik": "0001841666",
    "fillingDate": "2002-12-31",
    "acceptedDate": "2002-12-30 19:00:00",
    "calendarYear": "2002",
    "period": "FY",
    "revenue": 2559748000,
    "costOfRevenue": 500691000,
    "grossProfit": 2059057000,
    "grossProfitRatio": 0.8043983236,
    "researchAndDevelopmentExpenses": 0,
    "generalAndAdministrativeExpenses": 104588000,
    "sellingAndMarketingExpenses": 0,
    "sellingGeneralAndAdministrativeExpenses": 104588000,
    "otherExpenses": 908826000,
    "operatingExpenses": 1013414000,
    "costAndExpenses": 1514105000,
    "interestIncome": 0,
    "interestExpense": 0,
    "depreciationAndAmortization": 822045000,
    "ebitda": 1891381000,
    "ebitdaratio": 0.7388934379,
    "operatingIncome": 1045643000,
    "operatingIncomeRatio": 0.4084945081,
    "totalOtherIncomeExpensesNet": -146673000,
    "incomeBeforeTax": 898970000,
    "incomeBeforeTaxRatio": 0.351194727,
    "incomeTaxExpense": 344641000,
    "netIncome": 554329000,
    "netIncomeRatio": 0.2165560829,
    "eps": 1.83,
    "epsdiluted": 1.8,
    "weightedAverageShsOut": 297002186,
    "weightedAverageShsOutDil": 301952222,
    "link": "",
    "finalLink": ""
  },
  {
    "date": "2001-12-31",
    "symbol": "APA",
    "reportedCurrency": "USD",
    "cik": "0001841666",
    "fillingDate": "2002-03-22",
    "acceptedDate": "2002-03-22 00:00:00",
    "calendarYear": "2001",
    "period": "FY",
    "revenue": 2777126000,
    "costOfRevenue": 407133000,
    "grossProfit": 2369993000,
    "grossProfitRatio": 0.8533977212,
    "researchAndDevelopmentExpenses": 0,
    "generalAndAdministrativeExpenses": 88710000,
    "sellingAndMarketingExpenses": 0,
    "sellingGeneralAndAdministrativeExpenses": 88710000,
    "otherExpenses": 893118000,
    "operatingExpenses": 981828000,
    "costAndExpenses": 1388961000,
    "interestIncome": 0,
    "interestExpense": 0,
    "depreciationAndAmortization": 753263000,
    "ebitda": 2211456000,
    "ebitdaratio": 0.7963110064,
    "operatingIncome": 1388165000,
    "operatingIncomeRatio": 0.4998566864,
    "totalOtherIncomeExpensesNet": -188911000,
    "incomeBeforeTax": 1199254000,
    "incomeBeforeTaxRatio": 0.4318327652,
    "incomeTaxExpense": 475855000,
    "netIncome": 723399000,
    "netIncomeRatio": 0.2604847601,
    "eps": 2.33,
    "epsdiluted": 2.25,
    "weightedAverageShsOut": 302244540,
    "weightedAverageShsOutDil": 312468457,
    "link": "https://www.sec.gov/Archives/edgar/data/6769/000095013402002442/0000950134-02-002442-index.html",
    "finalLink": "https://www.sec.gov/Archives/edgar/data/6769/000095013402002442/h95124e10-k.txt"
  },
  {
    "date": "2000-12-31",
    "symbol": "APA",
    "reportedCurrency": "USD",
    "cik": "0001841666",
    "fillingDate": "2001-03-23",
    "acceptedDate": "2001-03-23 00:00:00",
    "calendarYear": "2000",
    "period": "FY",
    "revenue": 2283904000,
    "costOfRevenue": 255251000,
    "grossProfit": 2028653000,
    "grossProfitRatio": 0.8882391729,
    "researchAndDevelopmentExpenses": 0,
    "generalAndAdministrativeExpenses": 75615000,
    "sellingAndMarketingExpenses": 0,
    "sellingGeneralAndAdministrativeExpenses": 75615000,
    "otherExpenses": 650258000,
    "operatingExpenses": 725873000,
    "costAndExpenses": 981124000,
    "interestIncome": 2209000,
    "interestExpense": 168121000,
    "depreciationAndAmortization": 583546000,
    "ebitda": 1893865000,
    "ebitdaratio": 0.8292226819,
    "operatingIncome": 1302780000,
    "operatingIncomeRatio": 0.5704180211,
    "totalOtherIncomeExpensesNet": -106638000,
    "incomeBeforeTax": 1196142000,
    "incomeBeforeTaxRatio": 0.5237269167,
    "incomeTaxExpense": 483086000,
    "netIncome": 713056000,
    "netIncomeRatio": 0.3122092697,
    "eps": 2.54,
    "epsdiluted": 2.46,
    "weightedAverageShsOut": 272861417,
    "weightedAverageShsOutDil": 281734959,
    "link": "https://www.sec.gov/Archives/edgar/data/6769/000095012901001592/0000950129-01-001592-index.html",
    "finalLink": "https://www.sec.gov/Archives/edgar/data/6769/000095012901001592/h84997e10-k.txt"
  },
  {
    "date": "1999-12-31",
    "symbol": "APA",
    "reportedCurrency": "USD",
    "cik": "0001841666",
    "fillingDate": "1999-12-31",
    "acceptedDate": "1999-12-30 19:00:00",
    "calendarYear": "1999",
    "period": "FY",
    "revenue": 1300400000,
    "costOfRevenue": 190576000,
    "grossProfit": 1109824000,
    "grossProfitRatio": 0.8534481698,
    "researchAndDevelopmentExpenses": 0,
    "generalAndAdministrativeExpenses": 53900000,
    "sellingAndMarketingExpenses": 0,
    "sellingGeneralAndAdministrativeExpenses": 53900000,
    "otherExpenses": 447700000,
    "operatingExpenses": 501600000,
    "costAndExpenses": 719714000,
    "interestIncome": 0,
    "interestExpense": 0,
    "depreciationAndAmortization": 442844000,
    "ebitda": 869683000,
    "ebitdaratio": 0.6687811443,
    "operatingIncome": 426839000,
    "operatingIncomeRatio": 0.3282366964,
    "totalOtherIncomeExpensesNet": -82266000,
    "incomeBeforeTax": 344573000,
    "incomeBeforeTaxRatio": 0.2649746232,
    "incomeTaxExpense": 143718000,
    "netIncome": 200855000,
    "netIncomeRatio": 0.1544563211,
    "eps": 0.75,
    "epsdiluted": 0.74,
    "weightedAverageShsOut": 248965925,
    "weightedAverageShsOutDil": 250413401,
    "link": "",
    "finalLink": ""
  },
  {
    "date": "1998-12-31",
    "symbol": "APA",
    "reportedCurrency": "USD",
    "cik": "0001841666",
    "fillingDate": "1998-12-31",
    "acceptedDate": "1998-12-30 19:00:00",
    "calendarYear": "1998",
    "period": "FY",
    "revenue": 876400000,
    "costOfRevenue": 182138000,
    "grossProfit": 694262000,
    "grossProfitRatio": 0.792174806,
    "researchAndDevelopmentExpenses": 0,
    "generalAndAdministrativeExpenses": 40700000,
    "sellingAndMarketingExpenses": 0,
    "sellingGeneralAndAdministrativeExpenses": 40700000,
    "otherExpenses": 630500000,
    "operatingExpenses": 671200000,
    "costAndExpenses": 877496000,
    "interestIncome": 0,
    "interestExpense": 0,
    "depreciationAndAmortization": 625985000,
    "ebitda": 508959000,
    "ebitdaratio": 0.5807382474,
    "operatingIncome": -117026000,
    "operatingIncomeRatio": -0.1335303514,
    "totalOtherIncomeExpensesNet": -70537000,
    "incomeBeforeTax": -187563000,
    "incomeBeforeTaxRatio": -0.2140152898,
    "incomeTaxExpense": -58176000,
    "netIncome": -129387000,
    "netIncomeRatio": -0.1476346417,
    "eps": -0.58,
    "epsdiluted": -0.58,
    "weightedAverageShsOut": 226608623,
    "weightedAverageShsOutDil": 226608623,
    "link": "",
    "finalLink": ""
  },
  {
    "date": "1997-12-31",
    "symbol": "APA",
    "reportedCurrency": "USD",
    "cik": "0001841666",
    "fillingDate": "1997-12-31",
    "acceptedDate": "1997-12-30 19:00:00",
    "calendarYear": "1997",
    "period": "FY",
    "revenue": 1180700000,
    "costOfRevenue": 425600000,
    "grossProfit": 755100000,
    "grossProfitRatio": 0.6395358686,
    "researchAndDevelopmentExpenses": 0,
    "generalAndAdministrativeExpenses": 38200000,
    "sellingAndMarketingExpenses": 0,
    "sellingGeneralAndAdministrativeExpenses": 38200000,
    "otherExpenses": 387900000,
    "operatingExpenses": 426100000,
    "costAndExpenses": 851700000,
    "interestIncome": 0,
    "interestExpense": 0,
    "depreciationAndAmortization": 387900000,
    "ebitda": 716900000,
    "ebitdaratio": 0.6071821801,
    "operatingIncome": 329000000,
    "operatingIncomeRatio": 0.2786482595,
    "totalOtherIncomeExpensesNet": -70400000,
    "incomeBeforeTax": 258600000,
    "incomeBeforeTaxRatio": 0.2190226137,
    "incomeTaxExpense": 103700000,
    "netIncome": 154900000,
    "netIncomeRatio": 0.1311933599,
    "eps": 0.74,
    "epsdiluted": 0.71,
    "weightedAverageShsOut": 209250877,
    "weightedAverageShsOutDil": 216860000,
    "link": "",
    "finalLink": ""
  },
  {
    "date": "1996-12-31",
    "symbol": "APA",
    "reportedCurrency": "USD",
    "cik": "0001841666",
    "fillingDate": "1997-03-28",
    "acceptedDate": "1997-03-27 17:59:40",
    "calendarYear": "1996",
    "period": "FY",
    "revenue": 976000000,
    "costOfRevenue": 364300000,
    "grossProfit": 611700000,
    "grossProfitRatio": 0.6267418033,
    "researchAndDevelopmentExpenses": 0,
    "generalAndAdministrativeExpenses": 35900000,
    "sellingAndMarketingExpenses": 0,
    "sellingGeneralAndAdministrativeExpenses": 35900000,
    "otherExpenses": 320200000,
    "operatingExpenses": 356100000,
    "costAndExpenses": 720400000,
    "interestIncome": 0,
    "interestExpense": 0,
    "depreciationAndAmortization": 320200000,
    "ebitda": 575800000,
    "ebitdaratio": 0.5899590164,
    "operatingIncome": 255600000,
    "operatingIncomeRatio": 0.2618852459,
    "totalOtherIncomeExpensesNet": -55400000,
    "incomeBeforeTax": 200200000,
    "incomeBeforeTaxRatio": 0.2051229508,
    "incomeTaxExpense": 78800000,
    "netIncome": 121400000,
    "netIncomeRatio": 0.1243852459,
    "eps": 0.61,
    "epsdiluted": 0.6,
    "weightedAverageShsOut": 197587608,
    "weightedAverageShsOutDil": 203314665,
    "link": "https://www.sec.gov/Archives/edgar/data/6769/000095012997001291/0000950129-97-001291-index.html",
    "finalLink": "https://www.sec.gov/Archives/edgar/data/6769/000095012997001291/0000950129-97-001291.txt"
  },
  {
    "date": "1995-12-31",
    "symbol": "APA",
    "reportedCurrency": "USD",
    "cik": "0001841666",
    "fillingDate": "1996-03-27",
    "acceptedDate": "1996-03-27 00:00:00",
    "calendarYear": "1995",
    "period": "FY",
    "revenue": 750400000,
    "costOfRevenue": 303000000,
    "grossProfit": 447400000,
    "grossProfitRatio": 0.5962153518,
    "researchAndDevelopmentExpenses": 0,
    "generalAndAdministrativeExpenses": 36600000,
    "sellingAndMarketingExpenses": 0,
    "sellingGeneralAndAdministrativeExpenses": 36600000,
    "otherExpenses": 302200000,
    "operatingExpenses": 338800000,
    "costAndExpenses": 641800000,
    "interestIncome": 0,
    "interestExpense": 0,
    "depreciationAndAmortization": 302200000,
    "ebitda": 410800000,
    "ebitdaratio": 0.5474413646,
    "operatingIncome": 108600000,
    "operatingIncomeRatio": 0.1447228145,
    "totalOtherIncomeExpensesNet": -75500000,
    "incomeBeforeTax": 33100000,
    "incomeBeforeTaxRatio": 0.0441098081,
    "incomeTaxExpense": 12900000,
    "netIncome": 20200000,
    "netIncomeRatio": 0.0269189765,
    "eps": 0.12,
    "epsdiluted": 0.12,
    "weightedAverageShsOut": 165839520,
    "weightedAverageShsOutDil": 174984670,
    "link": "https://www.sec.gov/Archives/edgar/data/6769/000095012996000468/0000950129-96-000468-index.html",
    "finalLink": "https://www.sec.gov/Archives/edgar/data/6769/0000950129-96-000468.txt"
  },
  {
    "date": "1994-12-31",
    "symbol": "APA",
    "reportedCurrency": "USD",
    "cik": "0001841666",
    "fillingDate": "1995-03-07",
    "acceptedDate": "1995-03-07 00:00:00",
    "calendarYear": "1994",
    "period": "FY",
    "revenue": 537800000,
    "costOfRevenue": 183000000,
    "grossProfit": 354800000,
    "grossProfitRatio": 0.6597248048,
    "researchAndDevelopmentExpenses": 0,
    "generalAndAdministrativeExpenses": 34900000,
    "sellingAndMarketingExpenses": 0,
    "sellingGeneralAndAdministrativeExpenses": 34900000,
    "otherExpenses": 236500000,
    "operatingExpenses": 271400000,
    "costAndExpenses": 454400000,
    "interestIncome": 0,
    "interestExpense": 0,
    "depreciationAndAmortization": 236500000,
    "ebitda": 319900000,
    "ebitdaratio": 0.5948307921,
    "operatingIncome": 83400000,
    "operatingIncomeRatio": 0.1550762365,
    "totalOtherIncomeExpensesNet": -19000000,
    "incomeBeforeTax": 64400000,
    "incomeBeforeTaxRatio": 0.1197471179,
    "incomeTaxExpense": 21600000,
    "netIncome": 42800000,
    "netIncomeRatio": 0.0795834883,
    "eps": 0.3,
    "epsdiluted": 0.3,
    "weightedAverageShsOut": 141642270,
    "weightedAverageShsOutDil": 156702400,
    "link": "https://www.sec.gov/Archives/edgar/data/6769/000095012995000141/0000950129-95-000141-index.html",
    "finalLink": "https://www.sec.gov/Archives/edgar/data/6769/0000950129-95-000141.txt"
  },
  {
    "date": "1993-12-31",
    "symbol": "APA",
    "reportedCurrency": "USD",
    "cik": "0001841666",
    "fillingDate": "1993-12-31",
    "acceptedDate": "1993-12-30 19:00:00",
    "calendarYear": "1993",
    "period": "FY",
    "revenue": 463200000,
    "costOfRevenue": 172300000,
    "grossProfit": 290900000,
    "grossProfitRatio": 0.6280224525,
    "researchAndDevelopmentExpenses": 0,
    "generalAndAdministrativeExpenses": 33200000,
    "sellingAndMarketingExpenses": 0,
    "sellingGeneralAndAdministrativeExpenses": 33200000,
    "otherExpenses": 180200000,
    "operatingExpenses": 213400000,
    "costAndExpenses": 385700000,
    "interestIncome": 0,
    "interestExpense": 0,
    "depreciationAndAmortization": 180200000,
    "ebitda": 257700000,
    "ebitdaratio": 0.5563471503,
    "operatingIncome": 77500000,
    "operatingIncomeRatio": 0.1673143351,
    "totalOtherIncomeExpensesNet": -19600000,
    "incomeBeforeTax": 57900000,
    "incomeBeforeTaxRatio": 0.125,
    "incomeTaxExpense": 20600000,
    "netIncome": 37300000,
    "netIncomeRatio": 0.0805267703,
    "eps": 0.26,
    "epsdiluted": 0.26,
    "weightedAverageShsOut": 141546845,
    "weightedAverageShsOutDil": 141546845,
    "link": "",
    "finalLink": ""
  },
  {
    "date": "1992-12-31",
    "symbol": "APA",
    "reportedCurrency": "USD",
    "cik": "0001841666",
    "fillingDate": "1992-12-31",
    "acceptedDate": "1992-12-30 19:00:00",
    "calendarYear": "1992",
    "period": "FY",
    "revenue": 423100000,
    "costOfRevenue": 146800000,
    "grossProfit": 276300000,
    "grossProfitRatio": 0.6530371071,
    "researchAndDevelopmentExpenses": 0,
    "generalAndAdministrativeExpenses": 35000000,
    "sellingAndMarketingExpenses": 0,
    "sellingGeneralAndAdministrativeExpenses": 35000000,
    "otherExpenses": 173400000,
    "operatingExpenses": 208400000,
    "costAndExpenses": 355200000,
    "interestIncome": 0,
    "interestExpense": 0,
    "depreciationAndAmortization": 173400000,
    "ebitda": 241300000,
    "ebitdaratio": 0.5703143465,
    "operatingIncome": 67900000,
    "operatingIncomeRatio": 0.1604821555,
    "totalOtherIncomeExpensesNet": 2600000,
    "incomeBeforeTax": 70500000,
    "incomeBeforeTaxRatio": 0.1666272749,
    "incomeTaxExpense": 22700000,
    "netIncome": 47800000,
    "netIncomeRatio": 0.1129756559,
    "eps": 0.4,
    "epsdiluted": 0.4,
    "weightedAverageShsOut": 119149700,
    "weightedAverageShsOutDil": 119149700,
    "link": "",
    "finalLink": ""
  },
  {
    "date": "1991-12-31",
    "symbol": "APA",
    "reportedCurrency": "USD",
    "cik": "0001841666",
    "fillingDate": "1991-12-31",
    "acceptedDate": "1991-12-30 19:00:00",
    "calendarYear": "1991",
    "period": "FY",
    "revenue": 356900000,
    "costOfRevenue": 110400000,
    "grossProfit": 246500000,
    "grossProfitRatio": 0.6906696554,
    "researchAndDevelopmentExpenses": 0,
    "generalAndAdministrativeExpenses": 43200000,
    "sellingAndMarketingExpenses": 0,
    "sellingGeneralAndAdministrativeExpenses": 43200000,
    "otherExpenses": 135800000,
    "operatingExpenses": 179000000,
    "costAndExpenses": 289400000,
    "interestIncome": 0,
    "interestExpense": 0,
    "depreciationAndAmortization": 135800000,
    "ebitda": 203300000,
    "ebitdaratio": 0.5696273466,
    "operatingIncome": 67500000,
    "operatingIncomeRatio": 0.1891286075,
    "totalOtherIncomeExpensesNet": -23400000,
    "incomeBeforeTax": 44100000,
    "incomeBeforeTaxRatio": 0.1235640235,
    "incomeTaxExpense": 9500000,
    "netIncome": 34600000,
    "netIncomeRatio": 0.0969459232,
    "eps": 0.3,
    "epsdiluted": 0.3,
    "weightedAverageShsOut": 115751582,
    "weightedAverageShsOutDil": 115751582,
    "link": "",
    "finalLink": ""
  },
  {
    "date": "1990-12-31",
    "symbol": "APA",
    "reportedCurrency": "USD",
    "cik": "0001841666",
    "fillingDate": "1990-12-31",
    "acceptedDate": "1990-12-30 19:00:00",
    "calendarYear": "1990",
    "period": "FY",
    "revenue": 273400000,
    "costOfRevenue": 77600000,
    "grossProfit": 195800000,
    "grossProfitRatio": 0.7161667886,
    "researchAndDevelopmentExpenses": 0,
    "generalAndAdministrativeExpenses": 21500000,
    "sellingAndMarketingExpenses": 0,
    "sellingGeneralAndAdministrativeExpenses": 21500000,
    "otherExpenses": 116800000,
    "operatingExpenses": 138300000,
    "costAndExpenses": 215900000,
    "interestIncome": 0,
    "interestExpense": 0,
    "depreciationAndAmortization": 116800000,
    "ebitda": 174300000,
    "ebitdaratio": 0.6375274323,
    "operatingIncome": 57500000,
    "operatingIncomeRatio": 0.2103145574,
    "totalOtherIncomeExpensesNet": 0,
    "incomeBeforeTax": 57500000,
    "incomeBeforeTaxRatio": 0.2103145574,
    "incomeTaxExpense": 17200000,
    "netIncome": 40300000,
    "netIncomeRatio": 0.1474030724,
    "eps": 0.35,
    "epsdiluted": 0.35,
    "weightedAverageShsOut": 113848883,
    "weightedAverageShsOutDil": 113848883,
    "link": "",
    "finalLink": ""
  },
  {
    "date": "1989-12-31",
    "symbol": "APA",
    "reportedCurrency": "USD",
    "cik": "0001841666",
    "fillingDate": "1989-12-31",
    "acceptedDate": "1989-12-30 19:00:00",
    "calendarYear": "1989",
    "period": "FY",
    "revenue": 246900000,
    "costOfRevenue": 95200000,
    "grossProfit": 151700000,
    "grossProfitRatio": 0.614418793,
    "researchAndDevelopmentExpenses": 0,
    "generalAndAdministrativeExpenses": 23400000,
    "sellingAndMarketingExpenses": 0,
    "sellingGeneralAndAdministrativeExpenses": 23400000,
    "otherExpenses": 96300000,
    "operatingExpenses": 119700000,
    "costAndExpenses": 214900000,
    "interestIncome": 0,
    "interestExpense": 0,
    "depreciationAndAmortization": 96300000,
    "ebitda": 128300000,
    "ebitdaratio": 0.5196435804,
    "operatingIncome": 32000000,
    "operatingIncomeRatio": 0.1296071284,
    "totalOtherIncomeExpensesNet": -100000,
    "incomeBeforeTax": 31900000,
    "incomeBeforeTaxRatio": 0.1292021061,
    "incomeTaxExpense": 9800000,
    "netIncome": 22100000,
    "netIncomeRatio": 0.089509923,
    "eps": 0.25,
    "epsdiluted": 0.25,
    "weightedAverageShsOut": 87796661,
    "weightedAverageShsOutDil": 87796661,
    "link": "",
    "finalLink": ""
  },
  {
    "date": "1988-12-31",
    "symbol": "APA",
    "reportedCurrency": "USD",
    "cik": "0001841666",
    "fillingDate": "1988-12-31",
    "acceptedDate": "1988-12-30 19:00:00",
    "calendarYear": "1988",
    "period": "FY",
    "revenue": 141500000,
    "costOfRevenue": 42000000,
    "grossProfit": 99500000,
    "grossProfitRatio": 0.703180212,
    "researchAndDevelopmentExpenses": 0,
    "generalAndAdministrativeExpenses": 16700000,
    "sellingAndMarketingExpenses": 0,
    "sellingGeneralAndAdministrativeExpenses": 16700000,
    "otherExpenses": 61400000,
    "operatingExpenses": 78100000,
    "costAndExpenses": 120100000,
    "interestIncome": 0,
    "interestExpense": 0,
    "depreciationAndAmortization": 61400000,
    "ebitda": 82800000,
    "ebitdaratio": 0.5851590106,
    "operatingIncome": 21400000,
    "operatingIncomeRatio": 0.1512367491,
    "totalOtherIncomeExpensesNet": -14400000,
    "incomeBeforeTax": 7000000,
    "incomeBeforeTaxRatio": 0.0494699647,
    "incomeTaxExpense": 1600000,
    "netIncome": 8000000,
    "netIncomeRatio": 0.0565371025,
    "eps": 0.13,
    "epsdiluted": 0.13,
    "weightedAverageShsOut": 59824266,
    "weightedAverageShsOutDil": 59824266,
    "link": "",
    "finalLink": ""
  },
  {
    "date": "1987-12-31",
    "symbol": "APA",
    "reportedCurrency": "USD",
    "cik": "0001841666",
    "fillingDate": "1987-12-31",
    "acceptedDate": "1987-12-30 19:00:00",
    "calendarYear": "1987",
    "period": "FY",
    "revenue": 100500000,
    "costOfRevenue": 25500000,
    "grossProfit": 75000000,
    "grossProfitRatio": 0.7462686567,
    "researchAndDevelopmentExpenses": 0,
    "generalAndAdministrativeExpenses": 18900000,
    "sellingAndMarketingExpenses": 0,
    "sellingGeneralAndAdministrativeExpenses": 18900000,
    "otherExpenses": 184600000,
    "operatingExpenses": 203500000,
    "costAndExpenses": 229000000,
    "interestIncome": 0,
    "interestExpense": 0,
    "depreciationAndAmortization": 184600000,
    "ebitda": 56100000,
    "ebitdaratio": 0.5582089552,
    "operatingIncome": -128500000,
    "operatingIncomeRatio": -1.2786069652,
    "totalOtherIncomeExpensesNet": -15100000,
    "incomeBeforeTax": -143600000,
    "incomeBeforeTaxRatio": -1.4288557214,
    "incomeTaxExpense": -62100000,
    "netIncome": -80900000,
    "netIncomeRatio": -0.8049751244,
    "eps": -1.57,
    "epsdiluted": -1.57,
    "weightedAverageShsOut": 51680973,
    "weightedAverageShsOutDil": 51680973,
    "link": "",
    "finalLink": ""
  },
  {
    "date": "1986-12-31",
    "symbol": "APA",
    "reportedCurrency": "USD",
    "cik": "0001841666",
    "fillingDate": "1986-12-31",
    "acceptedDate": "1986-12-30 19:00:00",
    "calendarYear": "1986",
    "period": "FY",
    "revenue": 171700000,
    "costOfRevenue": 73100000,
    "grossProfit": 98600000,
    "grossProfitRatio": 0.5742574257,
    "researchAndDevelopmentExpenses": 0,
    "generalAndAdministrativeExpenses": 19600000,
    "sellingAndMarketingExpenses": 0,
    "sellingGeneralAndAdministrativeExpenses": 19600000,
    "otherExpenses": 84100000,
    "operatingExpenses": 103700000,
    "costAndExpenses": 176800000,
    "interestIncome": 0,
    "interestExpense": 0,
    "depreciationAndAmortization": 84100000,
    "ebitda": 79000000,
    "ebitdaratio": 0.460104834,
    "operatingIncome": -5100000,
    "operatingIncomeRatio": -0.0297029703,
    "totalOtherIncomeExpensesNet": -16100000,
    "incomeBeforeTax": -21200000,
    "incomeBeforeTaxRatio": -0.1234711706,
    "incomeTaxExpense": -11100000,
    "netIncome": -10900000,
    "netIncomeRatio": -0.0634828189,
    "eps": -0.21,
    "epsdiluted": -0.21,
    "weightedAverageShsOut": 52289463,
    "weightedAverageShsOutDil": 52289463,
    "link": "",
    "finalLink": ""
  },
  {
    "date": "1985-12-31",
    "symbol": "APA",
    "reportedCurrency": "USD",
    "cik": "0001841666",
    "fillingDate": "1985-12-31",
    "acceptedDate": "1985-12-30 19:00:00",
    "calendarYear": "1985",
    "period": "FY",
    "revenue": 128500000,
    "costOfRevenue": 15000000,
    "grossProfit": 113500000,
    "grossProfitRatio": 0.8832684825,
    "researchAndDevelopmentExpenses": 0,
    "generalAndAdministrativeExpenses": 33100000,
    "sellingAndMarketingExpenses": 0,
    "sellingGeneralAndAdministrativeExpenses": 33100000,
    "otherExpenses": 65300000,
    "operatingExpenses": 98400000,
    "costAndExpenses": 113400000,
    "interestIncome": 0,
    "interestExpense": 0,
    "depreciationAndAmortization": 65300000,
    "ebitda": 80400000,
    "ebitdaratio": 0.6256809339,
    "operatingIncome": 15100000,
    "operatingIncomeRatio": 0.1175097276,
    "totalOtherIncomeExpensesNet": -1600000,
    "incomeBeforeTax": 13500000,
    "incomeBeforeTaxRatio": 0.1050583658,
    "incomeTaxExpense": 4100000,
    "netIncome": 7900000,
    "netIncomeRatio": 0.0614785992,
    "eps": 0.15,
    "epsdiluted": 0.15,
    "weightedAverageShsOut": 52858013,
    "weightedAverageShsOutDil": 52858013,
    "link": "",
    "finalLink": ""
  }
]