[
  {
    "date": "2025-06-30",
    "symbol": "APD",
    "reportedCurrency": "USD",
    "cik": "0000002969",
    "fillingDate": "2025-07-31",
    "acceptedDate": "2025-07-31 13:42:40",
    "calendarYear": "2025",
    "period": "Q3",
    "revenue": 3022700000,
    "costOfRevenue": 2040100000,
    "grossProfit": 982600000,
    "grossProfitRatio": 0.3250736097,
    "researchAndDevelopmentExpenses": 24100000,
    "generalAndAdministrativeExpenses": 222600000,
    "sellingAndMarketingExpenses": 0,
    "sellingGeneralAndAdministrativeExpenses": 222600000,
    "otherExpenses": -54700000,
    "operatingExpenses": 192000000,
    "costAndExpenses": 2232100000,
    "interestIncome": 0,
    "interestExpense": 61400000,
    "depreciationAndAmortization": 401000000,
    "ebitda": 1353200000,
    "ebitdaratio": 0.4476792272,
    "operatingIncome": 790600000,
    "operatingIncomeRatio": 0.2615542396,
    "totalOtherIncomeExpensesNet": 100200000,
    "incomeBeforeTax": 890800000,
    "incomeBeforeTaxRatio": 0.2947034109,
    "incomeTaxExpense": 159600000,
    "netIncome": 713800000,
    "netIncomeRatio": 0.2361464915,
    "eps": 3.2,
    "epsdiluted": 3.2,
    "weightedAverageShsOut": 222800000,
    "weightedAverageShsOutDil": 222900000,
    "link": "https://www.sec.gov/Archives/edgar/data/2969/000000296925000044/0000002969-25-000044-index.htm",
    "finalLink": "https://www.sec.gov/Archives/edgar/data/2969/000000296925000044/apd-20250630.htm"
  },
  {
    "date": "2025-03-31",
    "symbol": "APD",
    "reportedCurrency": "USD",
    "cik": "0000002969",
    "fillingDate": "2025-05-01",
    "acceptedDate": "2025-05-01 13:41:13",
    "calendarYear": "2025",
    "period": "Q2",
    "revenue": 2916200000,
    "costOfRevenue": 2053900000,
    "grossProfit": 862300000,
    "grossProfitRatio": 0.2956930252,
    "researchAndDevelopmentExpenses": 22900000,
    "generalAndAdministrativeExpenses": 0,
    "sellingAndMarketingExpenses": 0,
    "sellingGeneralAndAdministrativeExpenses": 222000000,
    "otherExpenses": 2945400000,
    "operatingExpenses": 3190300000,
    "costAndExpenses": 5244200000,
    "interestIncome": 0,
    "interestExpense": 42200000,
    "depreciationAndAmortization": 383600000,
    "ebitda": -1817500000,
    "ebitdaratio": -0.623242576,
    "operatingIncome": -2328000000,
    "operatingIncomeRatio": -0.7982991564,
    "totalOtherIncomeExpensesNet": 84700000,
    "incomeBeforeTax": -2243300000,
    "incomeBeforeTaxRatio": -0.7692545093,
    "incomeTaxExpense": -505800000,
    "netIncome": -1730600000,
    "netIncomeRatio": -0.5934435224,
    "eps": -7.77,
    "epsdiluted": -7.77,
    "weightedAverageShsOut": 222700000,
    "weightedAverageShsOutDil": 222700000,
    "link": "https://www.sec.gov/Archives/edgar/data/2969/000000296925000027/0000002969-25-000027-index.htm",
    "finalLink": "https://www.sec.gov/Archives/edgar/data/2969/000000296925000027/apd-20250331.htm"
  },
  {
    "date": "2024-12-31",
    "symbol": "APD",
    "reportedCurrency": "USD",
    "cik": "0000002969",
    "fillingDate": "2025-02-06",
    "acceptedDate": "2025-02-06 12:03:33",
    "calendarYear": "2025",
    "period": "Q1",
    "revenue": 2931500000,
    "costOfRevenue": 2016500000,
    "grossProfit": 915000000,
    "grossProfitRatio": 0.3121268975,
    "researchAndDevelopmentExpenses": 22000000,
    "generalAndAdministrativeExpenses": 242400000,
    "sellingAndMarketingExpenses": 0,
    "sellingGeneralAndAdministrativeExpenses": 242400000,
    "otherExpenses": 7000000,
    "operatingExpenses": 271400000,
    "costAndExpenses": 2287900000,
    "interestIncome": 0,
    "interestExpense": 42600000,
    "depreciationAndAmortization": 366800000,
    "ebitda": 1199400000,
    "ebitdaratio": 0.4091420774,
    "operatingIncome": 643600000,
    "operatingIncomeRatio": 0.2195463074,
    "totalOtherIncomeExpensesNet": 146900000,
    "incomeBeforeTax": 790500000,
    "incomeBeforeTaxRatio": 0.2696571721,
    "incomeTaxExpense": 140700000,
    "netIncome": 617400000,
    "netIncomeRatio": 0.2106089033,
    "eps": 2.77,
    "epsdiluted": 2.77,
    "weightedAverageShsOut": 222700000,
    "weightedAverageShsOutDil": 222900000,
    "link": "https://www.sec.gov/Archives/edgar/data/2969/000000296925000013/0000002969-25-000013-index.htm",
    "finalLink": "https://www.sec.gov/Archives/edgar/data/2969/000000296925000013/apd-20241231.htm"
  },
  {
    "date": "2024-09-30",
    "symbol": "APD",
    "reportedCurrency": "USD",
    "cik": "0000002969",
    "fillingDate": "2024-11-21",
    "acceptedDate": "2024-11-21 13:57:11",
    "calendarYear": "2024",
    "period": "Q4",
    "revenue": 3187500000,
    "costOfRevenue": 2104400000,
    "grossProfit": 1083100000,
    "grossProfitRatio": 0.3397960784,
    "researchAndDevelopmentExpenses": 22100000,
    "generalAndAdministrativeExpenses": 0,
    "sellingAndMarketingExpenses": 0,
    "sellingGeneralAndAdministrativeExpenses": 228000000,
    "otherExpenses": -1591400000,
    "operatingExpenses": -1341300000,
    "costAndExpenses": 763100000,
    "interestIncome": 0,
    "interestExpense": 49700000,
    "depreciationAndAmortization": 380800000,
    "ebitda": 2933800000,
    "ebitdaratio": 0.9204078431,
    "operatingIncome": 2424400000,
    "operatingIncomeRatio": 0.7605960784,
    "totalOtherIncomeExpensesNet": 78900000,
    "incomeBeforeTax": 2503300000,
    "incomeBeforeTaxRatio": 0.7853490196,
    "incomeTaxExpense": 538400000,
    "netIncome": 1949900000,
    "netIncomeRatio": 0.6117333333,
    "eps": -8.44,
    "epsdiluted": -8.43,
    "weightedAverageShsOut": 222500000,
    "weightedAverageShsOutDil": 222800000,
    "link": "https://www.sec.gov/Archives/edgar/data/2969/000000296924000056/0000002969-24-000056-index.htm",
    "finalLink": "https://www.sec.gov/Archives/edgar/data/2969/000000296924000056/apd-20240930.htm"
  },
  {
    "date": "2024-06-30",
    "symbol": "APD",
    "reportedCurrency": "USD",
    "cik": "0000002969",
    "fillingDate": "2024-08-01",
    "acceptedDate": "2024-08-01 14:12:57",
    "calendarYear": "2024",
    "period": "Q3",
    "revenue": 2985300000,
    "costOfRevenue": 2005900000,
    "grossProfit": 979400000,
    "grossProfitRatio": 0.3280742304,
    "researchAndDevelopmentExpenses": 27000000,
    "generalAndAdministrativeExpenses": 0,
    "sellingAndMarketingExpenses": 0,
    "sellingGeneralAndAdministrativeExpenses": 235400000,
    "otherExpenses": -20100000,
    "operatingExpenses": 242300000,
    "costAndExpenses": 2247900000,
    "interestIncome": 0,
    "interestExpense": 55700000,
    "depreciationAndAmortization": 360300000,
    "ebitda": 1265500000,
    "ebitdaratio": 0.4239104948,
    "operatingIncome": 737600000,
    "operatingIncomeRatio": 0.2470773457,
    "totalOtherIncomeExpensesNet": 111900000,
    "incomeBeforeTax": 849500000,
    "incomeBeforeTaxRatio": 0.2845610156,
    "incomeTaxExpense": 140600000,
    "netIncome": 696600000,
    "netIncomeRatio": 0.2333433826,
    "eps": 3.13,
    "epsdiluted": 3.13,
    "weightedAverageShsOut": 222500000,
    "weightedAverageShsOutDil": 222800000,
    "link": "https://www.sec.gov/Archives/edgar/data/2969/000000296924000043/0000002969-24-000043-index.htm",
    "finalLink": "https://www.sec.gov/Archives/edgar/data/2969/000000296924000043/apd-20240630.htm"
  },
  {
    "date": "2024-03-31",
    "symbol": "APD",
    "reportedCurrency": "USD",
    "cik": "0000002969",
    "fillingDate": "2024-04-30",
    "acceptedDate": "2024-04-30 10:57:18",
    "calendarYear": "2024",
    "period": "Q2",
    "revenue": 2930200000,
    "costOfRevenue": 1991500000,
    "grossProfit": 938700000,
    "grossProfitRatio": 0.3203535595,
    "researchAndDevelopmentExpenses": 25400000,
    "generalAndAdministrativeExpenses": 0,
    "sellingAndMarketingExpenses": 0,
    "sellingGeneralAndAdministrativeExpenses": 240600000,
    "otherExpenses": 35500000,
    "operatingExpenses": 301500000,
    "costAndExpenses": 2293000000,
    "interestIncome": 0,
    "interestExpense": 59900000,
    "depreciationAndAmortization": 360800000,
    "ebitda": 1132100000,
    "ebitdaratio": 0.3863558801,
    "operatingIncome": 637200000,
    "operatingIncomeRatio": 0.2174595591,
    "totalOtherIncomeExpensesNet": 74200000,
    "incomeBeforeTax": 711400000,
    "incomeBeforeTaxRatio": 0.2427820627,
    "incomeTaxExpense": 130500000,
    "netIncome": 572400000,
    "netIncomeRatio": 0.1953450276,
    "eps": 2.57,
    "epsdiluted": 2.57,
    "weightedAverageShsOut": 222500000,
    "weightedAverageShsOutDil": 222700000,
    "link": "https://www.sec.gov/Archives/edgar/data/2969/000000296924000026/0000002969-24-000026-index.htm",
    "finalLink": "https://www.sec.gov/Archives/edgar/data/2969/000000296924000026/apd-20240331.htm"
  },
  {
    "date": "2023-12-31",
    "symbol": "APD",
    "reportedCurrency": "USD",
    "cik": "0000002969",
    "fillingDate": "2024-02-05",
    "acceptedDate": "2024-02-05 15:01:25",
    "calendarYear": "2024",
    "period": "Q1",
    "revenue": 2997100000,
    "costOfRevenue": 2065900000,
    "grossProfit": 931200000,
    "grossProfitRatio": 0.3107003437,
    "researchAndDevelopmentExpenses": 25700000,
    "generalAndAdministrativeExpenses": 238400000,
    "sellingAndMarketingExpenses": 0,
    "sellingGeneralAndAdministrativeExpenses": 238400000,
    "otherExpenses": -800000,
    "operatingExpenses": 263300000,
    "costAndExpenses": 2330500000,
    "interestIncome": 0,
    "interestExpense": 53500000,
    "depreciationAndAmortization": 349200000,
    "ebitda": 1159700000,
    "ebitdaratio": 0.3869407094,
    "operatingIncome": 667100000,
    "operatingIncomeRatio": 0.2225818291,
    "totalOtherIncomeExpensesNet": 90100000,
    "incomeBeforeTax": 757000000,
    "incomeBeforeTaxRatio": 0.2525774916,
    "incomeTaxExpense": 135400000,
    "netIncome": 609300000,
    "netIncomeRatio": 0.20329652,
    "eps": 2.74,
    "epsdiluted": 2.73,
    "weightedAverageShsOut": 222500000,
    "weightedAverageShsOutDil": 222800000,
    "link": "https://www.sec.gov/Archives/edgar/data/2969/000000296924000010/0000002969-24-000010-index.htm",
    "finalLink": "https://www.sec.gov/Archives/edgar/data/2969/000000296924000010/apd-20231231.htm"
  },
  {
    "date": "2023-09-30",
    "symbol": "APD",
    "reportedCurrency": "USD",
    "cik": "0000002969",
    "fillingDate": "2023-11-16",
    "acceptedDate": "2023-11-16 12:58:45",
    "calendarYear": "2023",
    "period": "Q4",
    "revenue": 3191300000,
    "costOfRevenue": 2207200000,
    "grossProfit": 984100000,
    "grossProfitRatio": 0.3083696299,
    "researchAndDevelopmentExpenses": 24700000,
    "generalAndAdministrativeExpenses": 0,
    "sellingAndMarketingExpenses": 0,
    "sellingGeneralAndAdministrativeExpenses": 232700000,
    "otherExpenses": -11900000,
    "operatingExpenses": 245500000,
    "costAndExpenses": 2452700000,
    "interestIncome": 0,
    "interestExpense": 48000000,
    "depreciationAndAmortization": 357300000,
    "ebitda": 1246500000,
    "ebitdaratio": 0.3905931752,
    "operatingIncome": 738600000,
    "operatingIncomeRatio": 0.2314417322,
    "totalOtherIncomeExpensesNet": 102600000,
    "incomeBeforeTax": 841200000,
    "incomeBeforeTaxRatio": 0.2635916398,
    "incomeTaxExpense": 154200000,
    "netIncome": 692600000,
    "netIncomeRatio": 0.2170275436,
    "eps": 3.11,
    "epsdiluted": 3.11,
    "weightedAverageShsOut": 222400000,
    "weightedAverageShsOutDil": 222800000,
    "link": "https://www.sec.gov/Archives/edgar/data/2969/000000296923000047/0000002969-23-000047-index.htm",
    "finalLink": "https://www.sec.gov/Archives/edgar/data/2969/000000296923000047/apd-20230930.htm"
  },
  {
    "date": "2023-06-30",
    "symbol": "APD",
    "reportedCurrency": "USD",
    "cik": "0000002969",
    "fillingDate": "2023-08-03",
    "acceptedDate": "2023-08-03 10:21:26",
    "calendarYear": "2023",
    "period": "Q3",
    "revenue": 3033900000,
    "costOfRevenue": 2070700000,
    "grossProfit": 963200000,
    "grossProfitRatio": 0.3174791522,
    "researchAndDevelopmentExpenses": 29300000,
    "generalAndAdministrativeExpenses": 238700000,
    "sellingAndMarketingExpenses": 0,
    "sellingGeneralAndAdministrativeExpenses": 238700000,
    "otherExpenses": 51000000,
    "operatingExpenses": 319000000,
    "costAndExpenses": 2389700000,
    "interestIncome": 0,
    "interestExpense": 47400000,
    "depreciationAndAmortization": 339900000,
    "ebitda": 1137400000,
    "ebitdaratio": 0.3748969973,
    "operatingIncome": 644200000,
    "operatingIncomeRatio": 0.2123339596,
    "totalOtherIncomeExpensesNet": 105900000,
    "incomeBeforeTax": 750100000,
    "incomeBeforeTaxRatio": 0.2472395267,
    "incomeTaxExpense": 139600000,
    "netIncome": 595600000,
    "netIncomeRatio": 0.1963149741,
    "eps": 2.68,
    "epsdiluted": 2.67,
    "weightedAverageShsOut": 222400000,
    "weightedAverageShsOutDil": 222800000,
    "link": "https://www.sec.gov/Archives/edgar/data/2969/000000296923000037/0000002969-23-000037-index.htm",
    "finalLink": "https://www.sec.gov/Archives/edgar/data/2969/000000296923000037/apd-20230630.htm"
  },
  {
    "date": "2023-03-31",
    "symbol": "APD",
    "reportedCurrency": "USD",
    "cik": "0000002969",
    "fillingDate": "2023-05-09",
    "acceptedDate": "2023-05-09 10:01:21",
    "calendarYear": "2023",
    "period": "Q2",
    "revenue": 3200100000,
    "costOfRevenue": 2282800000,
    "grossProfit": 917300000,
    "grossProfitRatio": 0.2866472923,
    "researchAndDevelopmentExpenses": 27200000,
    "generalAndAdministrativeExpenses": 0,
    "sellingAndMarketingExpenses": 0,
    "sellingGeneralAndAdministrativeExpenses": 251200000,
    "otherExpenses": 179100000,
    "operatingExpenses": 457500000,
    "costAndExpenses": 2740300000,
    "interestIncome": 0,
    "interestExpense": 40900000,
    "depreciationAndAmortization": 339600000,
    "ebitda": 951400000,
    "ebitdaratio": 0.2973032093,
    "operatingIncome": 459800000,
    "operatingIncomeRatio": 0.1436830099,
    "totalOtherIncomeExpensesNet": 111100000,
    "incomeBeforeTax": 570900000,
    "incomeBeforeTaxRatio": 0.178400675,
    "incomeTaxExpense": 121000000,
    "netIncome": 439800000,
    "netIncomeRatio": 0.1374332052,
    "eps": 1.98,
    "epsdiluted": 1.97,
    "weightedAverageShsOut": 222300000,
    "weightedAverageShsOutDil": 222700000,
    "link": "https://www.sec.gov/Archives/edgar/data/2969/000000296923000023/0000002969-23-000023-index.htm",
    "finalLink": "https://www.sec.gov/Archives/edgar/data/2969/000000296923000023/apd-20230331.htm"
  },
  {
    "date": "2022-12-31",
    "symbol": "APD",
    "reportedCurrency": "USD",
    "cik": "0000002969",
    "fillingDate": "2023-02-02",
    "acceptedDate": "2023-02-02 10:34:15",
    "calendarYear": "2023",
    "period": "Q1",
    "revenue": 3174700000,
    "costOfRevenue": 2272300000,
    "grossProfit": 902400000,
    "grossProfitRatio": 0.2842473305,
    "researchAndDevelopmentExpenses": 24400000,
    "generalAndAdministrativeExpenses": 0,
    "sellingAndMarketingExpenses": 0,
    "sellingGeneralAndAdministrativeExpenses": 234400000,
    "otherExpenses": -8400000,
    "operatingExpenses": 250400000,
    "costAndExpenses": 2522700000,
    "interestIncome": 0,
    "interestExpense": 41200000,
    "depreciationAndAmortization": 321500000,
    "ebitda": 1082900000,
    "ebitdaratio": 0.3411030964,
    "operatingIncome": 652000000,
    "operatingIncomeRatio": 0.2053737361,
    "totalOtherIncomeExpensesNet": 68200000,
    "incomeBeforeTax": 720200000,
    "incomeBeforeTaxRatio": 0.2268560809,
    "incomeTaxExpense": 136400000,
    "netIncome": 572200000,
    "netIncomeRatio": 0.1802375028,
    "eps": 2.58,
    "epsdiluted": 2.57,
    "weightedAverageShsOut": 222200000,
    "weightedAverageShsOutDil": 222600000,
    "link": "https://www.sec.gov/Archives/edgar/data/2969/000000296923000014/0000002969-23-000014-index.htm",
    "finalLink": "https://www.sec.gov/Archives/edgar/data/2969/000000296923000014/apd-20221231.htm"
  },
  {
    "date": "2022-09-30",
    "symbol": "APD",
    "reportedCurrency": "USD",
    "cik": "0000002969",
    "fillingDate": "2022-11-22",
    "acceptedDate": "2022-11-22 16:37:46",
    "calendarYear": "2022",
    "period": "Q4",
    "revenue": 3570000000,
    "costOfRevenue": 2621200000,
    "grossProfit": 948800000,
    "grossProfitRatio": 0.2657703081,
    "researchAndDevelopmentExpenses": 31100000,
    "generalAndAdministrativeExpenses": 223900000,
    "sellingAndMarketingExpenses": 0,
    "sellingGeneralAndAdministrativeExpenses": 223900000,
    "otherExpenses": 67300000,
    "operatingExpenses": 322300000,
    "costAndExpenses": 2943500000,
    "interestIncome": 0,
    "interestExpense": 32500000,
    "depreciationAndAmortization": 332800000,
    "ebitda": 1076300000,
    "ebitdaratio": 0.3014845938,
    "operatingIncome": 626500000,
    "operatingIncomeRatio": 0.1754901961,
    "totalOtherIncomeExpensesNet": 84500000,
    "incomeBeforeTax": 711000000,
    "incomeBeforeTaxRatio": 0.1991596639,
    "incomeTaxExpense": 130600000,
    "netIncome": 583100000,
    "netIncomeRatio": 0.1633333333,
    "eps": 2.63,
    "epsdiluted": 2.62,
    "weightedAverageShsOut": 222100000,
    "weightedAverageShsOutDil": 222500000,
    "link": "https://www.sec.gov/Archives/edgar/data/2969/000000296922000054/0000002969-22-000054-index.htm",
    "finalLink": "https://www.sec.gov/Archives/edgar/data/2969/000000296922000054/apd-20220930.htm"
  },
  {
    "date": "2022-06-30",
    "symbol": "APD",
    "reportedCurrency": "USD",
    "cik": "0000002969",
    "fillingDate": "2022-08-04",
    "acceptedDate": "2022-08-04 10:06:29",
    "calendarYear": "2022",
    "period": "Q3",
    "revenue": 3189300000,
    "costOfRevenue": 2342100000,
    "grossProfit": 847200000,
    "grossProfitRatio": 0.2656382278,
    "researchAndDevelopmentExpenses": 24800000,
    "generalAndAdministrativeExpenses": 216900000,
    "sellingAndMarketingExpenses": 0,
    "sellingGeneralAndAdministrativeExpenses": 216900000,
    "otherExpenses": -21900000,
    "operatingExpenses": 219800000,
    "costAndExpenses": 2561900000,
    "interestIncome": 0,
    "interestExpense": 32700000,
    "depreciationAndAmortization": 337200000,
    "ebitda": 1091200000,
    "ebitdaratio": 0.3421440441,
    "operatingIncome": 627400000,
    "operatingIncomeRatio": 0.1967202834,
    "totalOtherIncomeExpensesNet": 93900000,
    "incomeBeforeTax": 721300000,
    "incomeBeforeTaxRatio": 0.2261624808,
    "incomeTaxExpense": 134200000,
    "netIncome": 582100000,
    "netIncomeRatio": 0.1825165397,
    "eps": 2.62,
    "epsdiluted": 2.62,
    "weightedAverageShsOut": 222000000,
    "weightedAverageShsOutDil": 222500000,
    "link": "https://www.sec.gov/Archives/edgar/data/2969/000000296922000038/0000002969-22-000038-index.htm",
    "finalLink": "https://www.sec.gov/Archives/edgar/data/2969/000000296922000038/apd-20220630.htm"
  },
  {
    "date": "2022-03-31",
    "symbol": "APD",
    "reportedCurrency": "USD",
    "cik": "0000002969",
    "fillingDate": "2022-05-05",
    "acceptedDate": "2022-05-05 13:35:24",
    "calendarYear": "2022",
    "period": "Q2",
    "revenue": 2945100000,
    "costOfRevenue": 2151600000,
    "grossProfit": 793500000,
    "grossProfitRatio": 0.2694305796,
    "researchAndDevelopmentExpenses": 23700000,
    "generalAndAdministrativeExpenses": 227000000,
    "sellingAndMarketingExpenses": 0,
    "sellingGeneralAndAdministrativeExpenses": 227000000,
    "otherExpenses": -19100000,
    "operatingExpenses": 231600000,
    "costAndExpenses": 2383200000,
    "interestIncome": 0,
    "interestExpense": 32300000,
    "depreciationAndAmortization": 335900000,
    "ebitda": 1027700000,
    "ebitdaratio": 0.3489524974,
    "operatingIncome": 561900000,
    "operatingIncomeRatio": 0.1907914842,
    "totalOtherIncomeExpensesNet": 97600000,
    "incomeBeforeTax": 659500000,
    "incomeBeforeTaxRatio": 0.2239312757,
    "incomeTaxExpense": 122700000,
    "netIncome": 530500000,
    "netIncomeRatio": 0.180129707,
    "eps": 2.39,
    "epsdiluted": 2.38,
    "weightedAverageShsOut": 222000000,
    "weightedAverageShsOutDil": 222500000,
    "link": "https://www.sec.gov/Archives/edgar/data/2969/000000296922000026/0000002969-22-000026-index.htm",
    "finalLink": "https://www.sec.gov/Archives/edgar/data/2969/000000296922000026/apd-20220331.htm"
  },
  {
    "date": "2021-12-31",
    "symbol": "APD",
    "reportedCurrency": "USD",
    "cik": "0000002969",
    "fillingDate": "2022-02-04",
    "acceptedDate": "2022-02-04 10:32:04",
    "calendarYear": "2022",
    "period": "Q1",
    "revenue": 2994200000,
    "costOfRevenue": 2223600000,
    "grossProfit": 770600000,
    "grossProfitRatio": 0.2573642375,
    "researchAndDevelopmentExpenses": 23300000,
    "generalAndAdministrativeExpenses": 232800000,
    "sellingAndMarketingExpenses": 0,
    "sellingGeneralAndAdministrativeExpenses": 232800000,
    "otherExpenses": -8500000,
    "operatingExpenses": 247600000,
    "costAndExpenses": 2471200000,
    "interestIncome": 0,
    "interestExpense": 30500000,
    "depreciationAndAmortization": 332300000,
    "ebitda": 1024300000,
    "ebitdaratio": 0.3420947165,
    "operatingIncome": 523000000,
    "operatingIncomeRatio": 0.1746710307,
    "totalOtherIncomeExpensesNet": 139900000,
    "incomeBeforeTax": 662900000,
    "incomeBeforeTaxRatio": 0.2213946964,
    "incomeTaxExpense": 113300000,
    "netIncome": 560400000,
    "netIncomeRatio": 0.1871618462,
    "eps": 2.53,
    "epsdiluted": 2.52,
    "weightedAverageShsOut": 221900000,
    "weightedAverageShsOutDil": 222600000,
    "link": "https://www.sec.gov/Archives/edgar/data/2969/000000296922000010/0000002969-22-000010-index.htm",
    "finalLink": "https://www.sec.gov/Archives/edgar/data/2969/000000296922000010/apd-20211231.htm"
  },
  {
    "date": "2021-09-30",
    "symbol": "APD",
    "reportedCurrency": "USD",
    "cik": "0000002969",
    "fillingDate": "2021-11-18",
    "acceptedDate": "2021-11-18 14:04:47",
    "calendarYear": "2021",
    "period": "Q4",
    "revenue": 2841100000,
    "costOfRevenue": 2006300000,
    "grossProfit": 834800000,
    "grossProfitRatio": 0.2938298546,
    "researchAndDevelopmentExpenses": 25700000,
    "generalAndAdministrativeExpenses": 202100000,
    "sellingAndMarketingExpenses": 0,
    "sellingGeneralAndAdministrativeExpenses": 202100000,
    "otherExpenses": -9700000,
    "operatingExpenses": 218100000,
    "costAndExpenses": 2224400000,
    "interestIncome": 0,
    "interestExpense": 33400000,
    "depreciationAndAmortization": 332600000,
    "ebitda": 1058300000,
    "ebitdaratio": 0.3724965682,
    "operatingIncome": 616700000,
    "operatingIncomeRatio": 0.2170638133,
    "totalOtherIncomeExpensesNet": 75600000,
    "incomeBeforeTax": 692300000,
    "incomeBeforeTaxRatio": 0.2436732252,
    "incomeTaxExpense": 125300000,
    "netIncome": 610400000,
    "netIncomeRatio": 0.2148463623,
    "eps": 2.75,
    "epsdiluted": 2.74,
    "weightedAverageShsOut": 221700000,
    "weightedAverageShsOutDil": 222500000,
    "link": "https://www.sec.gov/Archives/edgar/data/2969/000000296921000055/0000002969-21-000055-index.htm",
    "finalLink": "https://www.sec.gov/Archives/edgar/data/2969/000000296921000055/apd-20210930.htm"
  },
  {
    "date": "2021-06-30",
    "symbol": "APD",
    "reportedCurrency": "USD",
    "cik": "0000002969",
    "fillingDate": "2021-08-09",
    "acceptedDate": "2021-08-09 10:08:38",
    "calendarYear": "2021",
    "period": "Q3",
    "revenue": 2604700000,
    "costOfRevenue": 1801900000,
    "grossProfit": 802800000,
    "grossProfitRatio": 0.3082120782,
    "researchAndDevelopmentExpenses": 23200000,
    "generalAndAdministrativeExpenses": 213300000,
    "sellingAndMarketingExpenses": 0,
    "sellingGeneralAndAdministrativeExpenses": 213300000,
    "otherExpenses": -10800000,
    "operatingExpenses": 225700000,
    "costAndExpenses": 2027600000,
    "interestIncome": 0,
    "interestExpense": 35600000,
    "depreciationAndAmortization": 335700000,
    "ebitda": 997100000,
    "ebitdaratio": 0.3828080009,
    "operatingIncome": 577100000,
    "operatingIncomeRatio": 0.2215610243,
    "totalOtherIncomeExpensesNet": 48700000,
    "incomeBeforeTax": 625800000,
    "incomeBeforeTaxRatio": 0.2402579952,
    "incomeTaxExpense": 101700000,
    "netIncome": 533600000,
    "netIncomeRatio": 0.2048604446,
    "eps": 2.41,
    "epsdiluted": 2.4,
    "weightedAverageShsOut": 221600000,
    "weightedAverageShsOutDil": 222500000,
    "link": "https://www.sec.gov/Archives/edgar/data/2969/000000296921000043/0000002969-21-000043-index.htm",
    "finalLink": "https://www.sec.gov/Archives/edgar/data/2969/000000296921000043/apd-20210630.htm"
  },
  {
    "date": "2021-03-31",
    "symbol": "APD",
    "reportedCurrency": "USD",
    "cik": "0000002969",
    "fillingDate": "2021-05-10",
    "acceptedDate": "2021-05-10 10:17:05",
    "calendarYear": "2021",
    "period": "Q2",
    "revenue": 2502000000,
    "costOfRevenue": 1745500000,
    "grossProfit": 756500000,
    "grossProfitRatio": 0.3023581135,
    "researchAndDevelopmentExpenses": 21100000,
    "generalAndAdministrativeExpenses": 210300000,
    "sellingAndMarketingExpenses": 0,
    "sellingGeneralAndAdministrativeExpenses": 210300000,
    "otherExpenses": -23400000,
    "operatingExpenses": 208000000,
    "costAndExpenses": 1953500000,
    "interestIncome": 0,
    "interestExpense": 36100000,
    "depreciationAndAmortization": 329300000,
    "ebitda": 964400000,
    "ebitdaratio": 0.3854516387,
    "operatingIncome": 548500000,
    "operatingIncomeRatio": 0.2192246203,
    "totalOtherIncomeExpensesNet": 50500000,
    "incomeBeforeTax": 599000000,
    "incomeBeforeTaxRatio": 0.2394084732,
    "incomeTaxExpense": 121900000,
    "netIncome": 473100000,
    "netIncomeRatio": 0.189088729,
    "eps": 2.13,
    "epsdiluted": 2.13,
    "weightedAverageShsOut": 221600000,
    "weightedAverageShsOutDil": 222500000,
    "link": "https://www.sec.gov/Archives/edgar/data/2969/000000296921000025/0000002969-21-000025-index.htm",
    "finalLink": "https://www.sec.gov/Archives/edgar/data/2969/000000296921000025/apd-20210331.htm"
  },
  {
    "date": "2020-12-31",
    "symbol": "APD",
    "reportedCurrency": "USD",
    "cik": "0000002969",
    "fillingDate": "2021-02-04",
    "acceptedDate": "2021-02-04 11:42:33",
    "calendarYear": "2021",
    "period": "Q1",
    "revenue": 2375200000,
    "costOfRevenue": 1632400000,
    "grossProfit": 742800000,
    "grossProfitRatio": 0.3127315594,
    "researchAndDevelopmentExpenses": 23500000,
    "generalAndAdministrativeExpenses": 202700000,
    "sellingAndMarketingExpenses": 0,
    "sellingGeneralAndAdministrativeExpenses": 202700000,
    "otherExpenses": -22500000,
    "operatingExpenses": 203700000,
    "costAndExpenses": 1836100000,
    "interestIncome": 0,
    "interestExpense": 36700000,
    "depreciationAndAmortization": 323700000,
    "ebitda": 950700000,
    "ebitdaratio": 0.4002610307,
    "operatingIncome": 539100000,
    "operatingIncomeRatio": 0.2269703604,
    "totalOtherIncomeExpensesNet": 51200000,
    "incomeBeforeTax": 590300000,
    "incomeBeforeTaxRatio": 0.2485264399,
    "incomeTaxExpense": 113900000,
    "netIncome": 482000000,
    "netIncomeRatio": 0.2029302796,
    "eps": 2.18,
    "epsdiluted": 2.17,
    "weightedAverageShsOut": 221500000,
    "weightedAverageShsOutDil": 222600000,
    "link": "https://www.sec.gov/Archives/edgar/data/2969/000000296921000012/0000002969-21-000012-index.htm",
    "finalLink": "https://www.sec.gov/Archives/edgar/data/2969/000000296921000012/apd-20201231.htm"
  },
  {
    "date": "2020-09-30",
    "symbol": "APD",
    "reportedCurrency": "USD",
    "cik": "0000002969",
    "fillingDate": "2020-11-19",
    "acceptedDate": "2020-11-19 15:29:11",
    "calendarYear": "2020",
    "period": "Q4",
    "revenue": 2320100000,
    "costOfRevenue": 1566500000,
    "grossProfit": 753600000,
    "grossProfitRatio": 0.3248135856,
    "researchAndDevelopmentExpenses": 27100000,
    "generalAndAdministrativeExpenses": 195600000,
    "sellingAndMarketingExpenses": 0,
    "sellingGeneralAndAdministrativeExpenses": 195600000,
    "otherExpenses": -29300000,
    "operatingExpenses": 193400000,
    "costAndExpenses": 1759900000,
    "interestIncome": 0,
    "interestExpense": 39200000,
    "depreciationAndAmortization": 310500000,
    "ebitda": 944300000,
    "ebitdaratio": 0.4070083186,
    "operatingIncome": 560200000,
    "operatingIncomeRatio": 0.2414551097,
    "totalOtherIncomeExpensesNet": 34400000,
    "incomeBeforeTax": 594600000,
    "incomeBeforeTaxRatio": 0.2562820568,
    "incomeTaxExpense": 99900000,
    "netIncome": 486800000,
    "netIncomeRatio": 0.2098185423,
    "eps": 2.2,
    "epsdiluted": 2.19,
    "weightedAverageShsOut": 221300000,
    "weightedAverageShsOutDil": 222600000,
    "link": "https://www.sec.gov/Archives/edgar/data/2969/000000296920000049/0000002969-20-000049-index.htm",
    "finalLink": "https://www.sec.gov/Archives/edgar/data/2969/000000296920000049/apd-20200930.htm"
  },
  {
    "date": "2020-06-30",
    "symbol": "APD",
    "reportedCurrency": "USD",
    "cik": "0000002969",
    "fillingDate": "2020-07-23",
    "acceptedDate": "2020-07-23 12:39:29",
    "calendarYear": "2020",
    "period": "Q3",
    "revenue": 2065200000,
    "costOfRevenue": 1344900000,
    "grossProfit": 720300000,
    "grossProfitRatio": 0.3487797792,
    "researchAndDevelopmentExpenses": 19900000,
    "generalAndAdministrativeExpenses": 176900000,
    "sellingAndMarketingExpenses": 0,
    "sellingGeneralAndAdministrativeExpenses": 176900000,
    "otherExpenses": -15700000,
    "operatingExpenses": 181100000,
    "costAndExpenses": 1526000000,
    "interestIncome": 0,
    "interestExpense": 32100000,
    "depreciationAndAmortization": 290600000,
    "ebitda": 889100000,
    "ebitdaratio": 0.4305152043,
    "operatingIncome": 539200000,
    "operatingIncomeRatio": 0.2610885144,
    "totalOtherIncomeExpensesNet": 27200000,
    "incomeBeforeTax": 566400000,
    "incomeBeforeTaxRatio": 0.2742591517,
    "incomeTaxExpense": 109300000,
    "netIncome": 446500000,
    "netIncomeRatio": 0.2162018206,
    "eps": 2.02,
    "epsdiluted": 2.01,
    "weightedAverageShsOut": 221200000,
    "weightedAverageShsOutDil": 222400000,
    "link": "https://www.sec.gov/Archives/edgar/data/2969/000000296920000035/0000002969-20-000035-index.htm",
    "finalLink": "https://www.sec.gov/Archives/edgar/data/2969/000000296920000035/apd-20200630.htm"
  },
  {
    "date": "2020-03-31",
    "symbol": "APD",
    "reportedCurrency": "USD",
    "cik": "0000002969",
    "fillingDate": "2020-04-23",
    "acceptedDate": "2020-04-23 12:19:50",
    "calendarYear": "2020",
    "period": "Q2",
    "revenue": 2216300000,
    "costOfRevenue": 1460100000,
    "grossProfit": 756200000,
    "grossProfitRatio": 0.3411992961,
    "researchAndDevelopmentExpenses": 19200000,
    "generalAndAdministrativeExpenses": 167900000,
    "sellingAndMarketingExpenses": 0,
    "sellingGeneralAndAdministrativeExpenses": 167900000,
    "otherExpenses": -8100000,
    "operatingExpenses": 179000000,
    "costAndExpenses": 1639100000,
    "interestIncome": 0,
    "interestExpense": 19300000,
    "depreciationAndAmortization": 294700000,
    "ebitda": 967200000,
    "ebitdaratio": 0.436403014,
    "operatingIncome": 577200000,
    "operatingIncomeRatio": 0.2604340568,
    "totalOtherIncomeExpensesNet": 76000000,
    "incomeBeforeTax": 653200000,
    "incomeBeforeTaxRatio": 0.2947254433,
    "incomeTaxExpense": 148500000,
    "netIncome": 477800000,
    "netIncomeRatio": 0.2155845328,
    "eps": 2.16,
    "epsdiluted": 2.15,
    "weightedAverageShsOut": 221200000,
    "weightedAverageShsOutDil": 222300000,
    "link": "https://www.sec.gov/Archives/edgar/data/2969/000000296920000019/0000002969-20-000019-index.htm",
    "finalLink": "https://www.sec.gov/Archives/edgar/data/2969/000000296920000019/apd-10qx31mar20.htm"
  },
  {
    "date": "2019-12-31",
    "symbol": "APD",
    "reportedCurrency": "USD",
    "cik": "0000002969",
    "fillingDate": "2020-01-24",
    "acceptedDate": "2020-01-24 12:25:43",
    "calendarYear": "2020",
    "period": "Q1",
    "revenue": 2254700000,
    "costOfRevenue": 1486600000,
    "grossProfit": 768100000,
    "grossProfitRatio": 0.340666164,
    "researchAndDevelopmentExpenses": 17700000,
    "generalAndAdministrativeExpenses": 201700000,
    "sellingAndMarketingExpenses": 0,
    "sellingGeneralAndAdministrativeExpenses": 201700000,
    "otherExpenses": -12300000,
    "operatingExpenses": 207100000,
    "costAndExpenses": 1693700000,
    "interestIncome": 0,
    "interestExpense": 18700000,
    "depreciationAndAmortization": 289200000,
    "ebitda": 917500000,
    "ebitdaratio": 0.4069277509,
    "operatingIncome": 561000000,
    "operatingIncomeRatio": 0.2488135894,
    "totalOtherIncomeExpensesNet": 48600000,
    "incomeBeforeTax": 609600000,
    "incomeBeforeTaxRatio": 0.2703685634,
    "incomeTaxExpense": 120700000,
    "netIncome": 475600000,
    "netIncomeRatio": 0.2109371535,
    "eps": 2.15,
    "epsdiluted": 2.14,
    "weightedAverageShsOut": 220900000,
    "weightedAverageShsOutDil": 222200000,
    "link": "https://www.sec.gov/Archives/edgar/data/2969/000000296920000010/0000002969-20-000010-index.htm",
    "finalLink": "https://www.sec.gov/Archives/edgar/data/2969/000000296920000010/apd-10qx31dec19.htm"
  },
  {
    "date": "2019-09-30",
    "symbol": "APD",
    "reportedCurrency": "USD",
    "cik": "0000002969",
    "fillingDate": "2019-11-26",
    "acceptedDate": "2019-11-26 13:55:27",
    "calendarYear": "2019",
    "period": "Q4",
    "revenue": 2283200000,
    "costOfRevenue": 1490800000,
    "grossProfit": 792400000,
    "grossProfitRatio": 0.3470567624,
    "researchAndDevelopmentExpenses": 22900000,
    "generalAndAdministrativeExpenses": 181900000,
    "sellingAndMarketingExpenses": 0,
    "sellingGeneralAndAdministrativeExpenses": 181900000,
    "otherExpenses": -15600000,
    "operatingExpenses": 189200000,
    "costAndExpenses": 1680000000,
    "interestIncome": 0,
    "interestExpense": 30100000,
    "depreciationAndAmortization": 293600000,
    "ebitda": 973600000,
    "ebitdaratio": 0.426419061,
    "operatingIncome": 603200000,
    "operatingIncomeRatio": 0.2641906097,
    "totalOtherIncomeExpensesNet": 46700000,
    "incomeBeforeTax": 649900000,
    "incomeBeforeTaxRatio": 0.2846443588,
    "incomeTaxExpense": 131200000,
    "netIncome": 503200000,
    "netIncomeRatio": 0.2203924317,
    "eps": 2.28,
    "epsdiluted": 2.27,
    "weightedAverageShsOut": 220700000,
    "weightedAverageShsOutDil": 222100000,
    "link": "https://www.sec.gov/Archives/edgar/data/2969/000000296919000051/0000002969-19-000051-index.htm",
    "finalLink": "https://www.sec.gov/Archives/edgar/data/2969/000000296919000051/apd-10xkx30sep19.htm"
  },
  {
    "date": "2019-06-30",
    "symbol": "APD",
    "reportedCurrency": "USD",
    "cik": "0000002969",
    "fillingDate": "2019-07-25",
    "acceptedDate": "2019-07-25 13:01:31",
    "calendarYear": "2019",
    "period": "Q3",
    "revenue": 2224000000,
    "costOfRevenue": 1466000000,
    "grossProfit": 758000000,
    "grossProfitRatio": 0.3408273381,
    "researchAndDevelopmentExpenses": 18100000,
    "generalAndAdministrativeExpenses": 188500000,
    "sellingAndMarketingExpenses": 0,
    "sellingGeneralAndAdministrativeExpenses": 188500000,
    "otherExpenses": -18300000,
    "operatingExpenses": 188300000,
    "costAndExpenses": 1654300000,
    "interestIncome": 0,
    "interestExpense": 34200000,
    "depreciationAndAmortization": 269100000,
    "ebitda": 912800000,
    "ebitdaratio": 0.4104316547,
    "operatingIncome": 569700000,
    "operatingIncomeRatio": 0.2561600719,
    "totalOtherIncomeExpensesNet": 39800000,
    "incomeBeforeTax": 609500000,
    "incomeBeforeTaxRatio": 0.2740557554,
    "incomeTaxExpense": 109300000,
    "netIncome": 488000000,
    "netIncomeRatio": 0.2194244604,
    "eps": 2.21,
    "epsdiluted": 2.2,
    "weightedAverageShsOut": 220600000,
    "weightedAverageShsOutDil": 221900000,
    "link": "https://www.sec.gov/Archives/edgar/data/2969/000000296919000042/0000002969-19-000042-index.htm",
    "finalLink": "https://www.sec.gov/Archives/edgar/data/2969/000000296919000042/apd-10qx30jun2019.htm"
  },
  {
    "date": "2019-03-31",
    "symbol": "APD",
    "reportedCurrency": "USD",
    "cik": "0000002969",
    "fillingDate": "2019-04-24",
    "acceptedDate": "2019-04-24 13:03:37",
    "calendarYear": "2019",
    "period": "Q2",
    "revenue": 2187700000,
    "costOfRevenue": 1474700000,
    "grossProfit": 713000000,
    "grossProfitRatio": 0.3259130594,
    "researchAndDevelopmentExpenses": 16900000,
    "generalAndAdministrativeExpenses": 190000000,
    "sellingAndMarketingExpenses": 0,
    "sellingGeneralAndAdministrativeExpenses": 190000000,
    "otherExpenses": -10400000,
    "operatingExpenses": 196500000,
    "costAndExpenses": 1671200000,
    "interestIncome": 0,
    "interestExpense": 35400000,
    "depreciationAndAmortization": 262100000,
    "ebitda": 838500000,
    "ebitdaratio": 0.383279243,
    "operatingIncome": 516500000,
    "operatingIncomeRatio": 0.2360927001,
    "totalOtherIncomeExpensesNet": 24500000,
    "incomeBeforeTax": 541000000,
    "incomeBeforeTaxRatio": 0.2472916762,
    "incomeTaxExpense": 107500000,
    "netIncome": 421300000,
    "netIncomeRatio": 0.1925766787,
    "eps": 1.91,
    "epsdiluted": 1.9,
    "weightedAverageShsOut": 220200000,
    "weightedAverageShsOutDil": 221400000,
    "link": "https://www.sec.gov/Archives/edgar/data/2969/000000296919000029/0000002969-19-000029-index.htm",
    "finalLink": "https://www.sec.gov/Archives/edgar/data/2969/000000296919000029/apd-10qx31mar2019.htm"
  },
  {
    "date": "2018-12-31",
    "symbol": "APD",
    "reportedCurrency": "USD",
    "cik": "0000002969",
    "fillingDate": "2019-01-25",
    "acceptedDate": "2019-01-25 13:51:25",
    "calendarYear": "2019",
    "period": "Q1",
    "revenue": 2224000000,
    "costOfRevenue": 1544000000,
    "grossProfit": 680000000,
    "grossProfitRatio": 0.3057553957,
    "researchAndDevelopmentExpenses": 15000000,
    "generalAndAdministrativeExpenses": 189600000,
    "sellingAndMarketingExpenses": 0,
    "sellingGeneralAndAdministrativeExpenses": 189600000,
    "otherExpenses": 20400000,
    "operatingExpenses": 225000000,
    "costAndExpenses": 1769000000,
    "interestIncome": 0,
    "interestExpense": 37300000,
    "depreciationAndAmortization": 258000000,
    "ebitda": 784400000,
    "ebitdaratio": 0.3526978417,
    "operatingIncome": 455000000,
    "operatingIncomeRatio": 0.2045863309,
    "totalOtherIncomeExpensesNet": 34100000,
    "incomeBeforeTax": 489100000,
    "incomeBeforeTaxRatio": 0.2199190647,
    "incomeTaxExpense": 132100000,
    "netIncome": 347500000,
    "netIncomeRatio": 0.15625,
    "eps": 1.58,
    "epsdiluted": 1.57,
    "weightedAverageShsOut": 219900000,
    "weightedAverageShsOutDil": 221000000,
    "link": "https://www.sec.gov/Archives/edgar/data/2969/000000296919000014/0000002969-19-000014-index.htm",
    "finalLink": "https://www.sec.gov/Archives/edgar/data/2969/000000296919000014/apd-10qx31dec2018.htm"
  },
  {
    "date": "2018-09-30",
    "symbol": "APD",
    "reportedCurrency": "USD",
    "cik": "0000002969",
    "fillingDate": "2018-11-20",
    "acceptedDate": "2018-11-20 14:47:42",
    "calendarYear": "2018",
    "period": "Q4",
    "revenue": 2298900000,
    "costOfRevenue": 1565800000,
    "grossProfit": 733100000,
    "grossProfitRatio": 0.3188916438,
    "researchAndDevelopmentExpenses": 20400000,
    "generalAndAdministrativeExpenses": 186000000,
    "sellingAndMarketingExpenses": 0,
    "sellingGeneralAndAdministrativeExpenses": 186000000,
    "otherExpenses": -7000000,
    "operatingExpenses": 199400000,
    "costAndExpenses": 1765200000,
    "interestIncome": 0,
    "interestExpense": 35400000,
    "depreciationAndAmortization": 257200000,
    "ebitda": 821500000,
    "ebitdaratio": 0.3573448171,
    "operatingIncome": 533700000,
    "operatingIncomeRatio": 0.2321545087,
    "totalOtherIncomeExpensesNet": -4800000,
    "incomeBeforeTax": 528900000,
    "incomeBeforeTaxRatio": 0.2300665536,
    "incomeTaxExpense": 69200000,
    "netIncome": 452900000,
    "netIncomeRatio": 0.1970072643,
    "eps": 2.06,
    "epsdiluted": 2.05,
    "weightedAverageShsOut": 219600000,
    "weightedAverageShsOutDil": 220900000,
    "link": "https://www.sec.gov/Archives/edgar/data/2969/000000296918000044/0000002969-18-000044-index.htm",
    "finalLink": "https://www.sec.gov/Archives/edgar/data/2969/000000296918000044/apd-10xkx30sep2018.htm"
  },
  {
    "date": "2018-06-30",
    "symbol": "APD",
    "reportedCurrency": "USD",
    "cik": "0000002969",
    "fillingDate": "2018-07-26",
    "acceptedDate": "2018-07-26 15:24:52",
    "calendarYear": "2018",
    "period": "Q3",
    "revenue": 2259000000,
    "costOfRevenue": 1545400000,
    "grossProfit": 713600000,
    "grossProfitRatio": 0.3158919876,
    "researchAndDevelopmentExpenses": 15000000,
    "generalAndAdministrativeExpenses": 188600000,
    "sellingAndMarketingExpenses": 0,
    "sellingGeneralAndAdministrativeExpenses": 188600000,
    "otherExpenses": -5800000,
    "operatingExpenses": 197800000,
    "costAndExpenses": 1743200000,
    "interestIncome": 0,
    "interestExpense": 34900000,
    "depreciationAndAmortization": 245600000,
    "ebitda": 832300000,
    "ebitdaratio": 0.3684373617,
    "operatingIncome": 515800000,
    "operatingIncomeRatio": 0.22833112,
    "totalOtherIncomeExpensesNet": 36000000,
    "incomeBeforeTax": 551800000,
    "incomeBeforeTaxRatio": 0.2442673749,
    "incomeTaxExpense": 107100000,
    "netIncome": 473900000,
    "netIncomeRatio": 0.2097830899,
    "eps": 2.16,
    "epsdiluted": 2.15,
    "weightedAverageShsOut": 219500000,
    "weightedAverageShsOutDil": 220900000,
    "link": "https://www.sec.gov/Archives/edgar/data/2969/000000296918000034/0000002969-18-000034-index.htm",
    "finalLink": "https://www.sec.gov/Archives/edgar/data/2969/000000296918000034/apd-10qx30jun2018.htm"
  },
  {
    "date": "2018-03-31",
    "symbol": "APD",
    "reportedCurrency": "USD",
    "cik": "0000002969",
    "fillingDate": "2018-04-26",
    "acceptedDate": "2018-04-26 13:44:13",
    "calendarYear": "2018",
    "period": "Q2",
    "revenue": 2155700000,
    "costOfRevenue": 1506500000,
    "grossProfit": 649200000,
    "grossProfitRatio": 0.3011550772,
    "researchAndDevelopmentExpenses": 14500000,
    "generalAndAdministrativeExpenses": 194600000,
    "sellingAndMarketingExpenses": 0,
    "sellingGeneralAndAdministrativeExpenses": 194600000,
    "otherExpenses": -15300000,
    "operatingExpenses": 193800000,
    "costAndExpenses": 1700300000,
    "interestIncome": 0,
    "interestExpense": 30400000,
    "depreciationAndAmortization": 240000000,
    "ebitda": 750200000,
    "ebitdaratio": 0.3480076077,
    "operatingIncome": 455400000,
    "operatingIncomeRatio": 0.211253885,
    "totalOtherIncomeExpensesNet": 24400000,
    "incomeBeforeTax": 479800000,
    "incomeBeforeTaxRatio": 0.2225727142,
    "incomeTaxExpense": 56200000,
    "netIncome": 416400000,
    "netIncomeRatio": 0.1931623139,
    "eps": 1.9,
    "epsdiluted": 1.89,
    "weightedAverageShsOut": 219400000,
    "weightedAverageShsOutDil": 220800000,
    "link": "https://www.sec.gov/Archives/edgar/data/2969/000000296918000026/0000002969-18-000026-index.htm",
    "finalLink": "https://www.sec.gov/Archives/edgar/data/2969/000000296918000026/apd-10qx31mar2018.htm"
  },
  {
    "date": "2017-12-31",
    "symbol": "APD",
    "reportedCurrency": "USD",
    "cik": "0000002969",
    "fillingDate": "2018-01-26",
    "acceptedDate": "2018-01-26 12:35:42",
    "calendarYear": "2018",
    "period": "Q1",
    "revenue": 2216600000,
    "costOfRevenue": 1571800000,
    "grossProfit": 644800000,
    "grossProfitRatio": 0.2908959668,
    "researchAndDevelopmentExpenses": 14600000,
    "generalAndAdministrativeExpenses": 191600000,
    "sellingAndMarketingExpenses": 0,
    "sellingGeneralAndAdministrativeExpenses": 191600000,
    "otherExpenses": -22100000,
    "operatingExpenses": 184100000,
    "costAndExpenses": 1755900000,
    "interestIncome": 0,
    "interestExpense": 29800000,
    "depreciationAndAmortization": 227900000,
    "ebitda": 712200000,
    "ebitdaratio": 0.3213028963,
    "operatingIncome": 460700000,
    "operatingIncomeRatio": 0.2078408373,
    "totalOtherIncomeExpensesNet": -6200000,
    "incomeBeforeTax": 454500000,
    "incomeBeforeTaxRatio": 0.2050437607,
    "incomeTaxExpense": 291800000,
    "netIncome": 154600000,
    "netIncomeRatio": 0.0697464585,
    "eps": 0.71,
    "epsdiluted": 0.7,
    "weightedAverageShsOut": 218900000,
    "weightedAverageShsOutDil": 220400000,
    "link": "https://www.sec.gov/Archives/edgar/data/2969/000000296918000014/0000002969-18-000014-index.htm",
    "finalLink": "https://www.sec.gov/Archives/edgar/data/2969/000000296918000014/apd-10qx31dec2017.htm"
  },
  {
    "date": "2017-09-30",
    "symbol": "APD",
    "reportedCurrency": "USD",
    "cik": "0000002969",
    "fillingDate": "2017-11-16",
    "acceptedDate": "2017-11-16 08:20:11",
    "calendarYear": "2017",
    "period": "Q4",
    "revenue": 2203100000,
    "costOfRevenue": 1545300000,
    "grossProfit": 657800000,
    "grossProfitRatio": 0.2985792747,
    "researchAndDevelopmentExpenses": 13300000,
    "generalAndAdministrativeExpenses": 188400000,
    "sellingAndMarketingExpenses": 0,
    "sellingGeneralAndAdministrativeExpenses": 188400000,
    "otherExpenses": -1000000,
    "operatingExpenses": 200700000,
    "costAndExpenses": 1747400000,
    "interestIncome": 0,
    "interestExpense": 30800000,
    "depreciationAndAmortization": 231000000,
    "ebitda": 741000000,
    "ebitdaratio": 0.3363442422,
    "operatingIncome": 455700000,
    "operatingIncomeRatio": 0.2068449004,
    "totalOtherIncomeExpensesNet": 23500000,
    "incomeBeforeTax": 479200000,
    "incomeBeforeTaxRatio": 0.2175116881,
    "incomeTaxExpense": -1300000,
    "netIncome": 468700000,
    "netIncomeRatio": 0.2127456765,
    "eps": 2.15,
    "epsdiluted": 2.13,
    "weightedAverageShsOut": 218400000,
    "weightedAverageShsOutDil": 220100000,
    "link": "https://www.sec.gov/Archives/edgar/data/2969/000000296917000039/0000002969-17-000039-index.htm",
    "finalLink": "https://www.sec.gov/Archives/edgar/data/2969/000000296917000039/apd-10xkx30sep2017.htm"
  },
  {
    "date": "2017-06-30",
    "symbol": "APD",
    "reportedCurrency": "USD",
    "cik": "0000002969",
    "fillingDate": "2017-08-01",
    "acceptedDate": "2017-08-01 13:34:14",
    "calendarYear": "2017",
    "period": "Q3",
    "revenue": 2121900000,
    "costOfRevenue": 1486200000,
    "grossProfit": 635700000,
    "grossProfitRatio": 0.2995899901,
    "researchAndDevelopmentExpenses": 14600000,
    "generalAndAdministrativeExpenses": 184100000,
    "sellingAndMarketingExpenses": 0,
    "sellingGeneralAndAdministrativeExpenses": 184100000,
    "otherExpenses": 178500000,
    "operatingExpenses": 377200000,
    "costAndExpenses": 1863200000,
    "interestIncome": 0,
    "interestExpense": 29800000,
    "depreciationAndAmortization": 216900000,
    "ebitda": 442400000,
    "ebitdaratio": 0.2084923889,
    "operatingIncome": 258700000,
    "operatingIncomeRatio": 0.1219190348,
    "totalOtherIncomeExpensesNet": -63000000,
    "incomeBeforeTax": 195700000,
    "incomeBeforeTaxRatio": 0.092228663,
    "incomeTaxExpense": 89300000,
    "netIncome": 101900000,
    "netIncomeRatio": 0.0480229983,
    "eps": 0.48,
    "epsdiluted": 0.47,
    "weightedAverageShsOut": 218100000,
    "weightedAverageShsOutDil": 219800000,
    "link": "https://www.sec.gov/Archives/edgar/data/2969/000000296917000031/0000002969-17-000031-index.htm",
    "finalLink": "https://www.sec.gov/Archives/edgar/data/2969/000000296917000031/apd-10qx30jun2017.htm"
  },
  {
    "date": "2017-03-31",
    "symbol": "APD",
    "reportedCurrency": "USD",
    "cik": "0000002969",
    "fillingDate": "2017-04-27",
    "acceptedDate": "2017-04-27 14:07:47",
    "calendarYear": "2017",
    "period": "Q2",
    "revenue": 1980100000,
    "costOfRevenue": 1403800000,
    "grossProfit": 576300000,
    "grossProfitRatio": 0.2910459068,
    "researchAndDevelopmentExpenses": 14800000,
    "generalAndAdministrativeExpenses": 177600000,
    "sellingAndMarketingExpenses": 0,
    "sellingGeneralAndAdministrativeExpenses": 177600000,
    "otherExpenses": -11700000,
    "operatingExpenses": 180700000,
    "costAndExpenses": 1584500000,
    "interestIncome": 0,
    "interestExpense": 30500000,
    "depreciationAndAmortization": 211800000,
    "ebitda": 646900000,
    "ebitdaratio": 0.3267006717,
    "operatingIncome": 395600000,
    "operatingIncomeRatio": 0.1997878895,
    "totalOtherIncomeExpensesNet": 9000000,
    "incomeBeforeTax": 404600000,
    "incomeBeforeTaxRatio": 0.2043331145,
    "incomeTaxExpense": 94500000,
    "netIncome": 2130000000,
    "netIncomeRatio": 1.0757032473,
    "eps": 9.78,
    "epsdiluted": 9.7,
    "weightedAverageShsOut": 217900000,
    "weightedAverageShsOutDil": 219700000,
    "link": "https://www.sec.gov/Archives/edgar/data/2969/000000296917000019/0000002969-17-000019-index.htm",
    "finalLink": "https://www.sec.gov/Archives/edgar/data/2969/000000296917000019/apd-10qx31mar2017.htm"
  },
  {
    "date": "2016-12-31",
    "symbol": "APD",
    "reportedCurrency": "USD",
    "cik": "0000002969",
    "fillingDate": "2017-01-27",
    "acceptedDate": "2017-01-27 14:01:39",
    "calendarYear": "2017",
    "period": "Q1",
    "revenue": 1882500000,
    "costOfRevenue": 1318100000,
    "grossProfit": 564400000,
    "grossProfitRatio": 0.299814077,
    "researchAndDevelopmentExpenses": 15100000,
    "generalAndAdministrativeExpenses": 165700000,
    "sellingAndMarketingExpenses": 0,
    "sellingGeneralAndAdministrativeExpenses": 165700000,
    "otherExpenses": 56700000,
    "operatingExpenses": 237500000,
    "costAndExpenses": 1554200000,
    "interestIncome": 0,
    "interestExpense": 29500000,
    "depreciationAndAmortization": 206100000,
    "ebitda": 572200000,
    "ebitdaratio": 0.3039575033,
    "operatingIncome": 328300000,
    "operatingIncomeRatio": 0.1743957503,
    "totalOtherIncomeExpensesNet": 8300000,
    "incomeBeforeTax": 336600000,
    "incomeBeforeTaxRatio": 0.1788047809,
    "incomeTaxExpense": 78400000,
    "netIncome": 299800000,
    "netIncomeRatio": 0.1592563081,
    "eps": 1.38,
    "epsdiluted": 1.37,
    "weightedAverageShsOut": 217700000,
    "weightedAverageShsOutDil": 219700000,
    "link": "https://www.sec.gov/Archives/edgar/data/2969/000000296917000010/0000002969-17-000010-index.htm",
    "finalLink": "https://www.sec.gov/Archives/edgar/data/2969/000000296917000010/apd-10qx31dec2016.htm"
  },
  {
    "date": "2016-09-30",
    "symbol": "APD",
    "reportedCurrency": "USD",
    "cik": "0000002969",
    "fillingDate": "2016-11-21",
    "acceptedDate": "2016-11-21 13:23:28",
    "calendarYear": "2016",
    "period": "Q4",
    "revenue": 2463000000,
    "costOfRevenue": 1648700000,
    "grossProfit": 814300000,
    "grossProfitRatio": 0.3306130735,
    "researchAndDevelopmentExpenses": 33200000,
    "generalAndAdministrativeExpenses": 221600000,
    "sellingAndMarketingExpenses": 0,
    "sellingGeneralAndAdministrativeExpenses": 221600000,
    "otherExpenses": 12500000,
    "operatingExpenses": 267300000,
    "costAndExpenses": 1916000000,
    "interestIncome": 0,
    "interestExpense": 32600000,
    "depreciationAndAmortization": 230500000,
    "ebitda": 810600000,
    "ebitdaratio": 0.3291108404,
    "operatingIncome": 547000000,
    "operatingIncomeRatio": 0.2220868859,
    "totalOtherIncomeExpensesNet": 500000,
    "incomeBeforeTax": 547500000,
    "incomeBeforeTaxRatio": 0.2222898904,
    "incomeTaxExpense": 138600000,
    "netIncome": 394000000,
    "netIncomeRatio": 0.1599675193,
    "eps": 1.81,
    "epsdiluted": 1.8,
    "weightedAverageShsOut": 217200000,
    "weightedAverageShsOutDil": 219000000,
    "link": "https://www.sec.gov/Archives/edgar/data/2969/000119312516773346/0001193125-16-773346-index.htm",
    "finalLink": "https://www.sec.gov/Archives/edgar/data/2969/000119312516773346/d271291d10k.htm"
  },
  {
    "date": "2016-06-30",
    "symbol": "APD",
    "reportedCurrency": "USD",
    "cik": "0000002969",
    "fillingDate": "2016-07-29",
    "acceptedDate": "2016-07-28 18:53:24",
    "calendarYear": "2016",
    "period": "Q3",
    "revenue": 1914500000,
    "costOfRevenue": 1320200000,
    "grossProfit": 594300000,
    "grossProfitRatio": 0.3104204753,
    "researchAndDevelopmentExpenses": 34100000,
    "generalAndAdministrativeExpenses": 213000000,
    "sellingAndMarketingExpenses": 0,
    "sellingGeneralAndAdministrativeExpenses": 213000000,
    "otherExpenses": -47400000,
    "operatingExpenses": 199700000,
    "costAndExpenses": 1519900000,
    "interestIncome": 0,
    "interestExpense": 35100000,
    "depreciationAndAmortization": 213500000,
    "ebitda": 650200000,
    "ebitdaratio": 0.3396186994,
    "operatingIncome": 394600000,
    "operatingIncomeRatio": 0.2061112562,
    "totalOtherIncomeExpensesNet": 7000000,
    "incomeBeforeTax": 401600000,
    "incomeBeforeTaxRatio": 0.2097675633,
    "incomeTaxExpense": 145900000,
    "netIncome": 346800000,
    "netIncomeRatio": 0.1811439018,
    "eps": 1.6,
    "epsdiluted": 1.59,
    "weightedAverageShsOut": 216600000,
    "weightedAverageShsOutDil": 218500000,
    "link": "https://www.sec.gov/Archives/edgar/data/2969/000119312516662727/0001193125-16-662727-index.htm",
    "finalLink": "https://www.sec.gov/Archives/edgar/data/2969/000119312516662727/d220379d10q.htm"
  },
  {
    "date": "2016-03-31",
    "symbol": "APD",
    "reportedCurrency": "USD",
    "cik": "0000002969",
    "fillingDate": "2016-04-28",
    "acceptedDate": "2016-04-28 14:24:04",
    "calendarYear": "2016",
    "period": "Q2",
    "revenue": 1777400000,
    "costOfRevenue": 1213000000,
    "grossProfit": 564400000,
    "grossProfitRatio": 0.3175424778,
    "researchAndDevelopmentExpenses": 32700000,
    "generalAndAdministrativeExpenses": 209700000,
    "sellingAndMarketingExpenses": 0,
    "sellingGeneralAndAdministrativeExpenses": 209700000,
    "otherExpenses": -49600000,
    "operatingExpenses": 192800000,
    "costAndExpenses": 1405800000,
    "interestIncome": 0,
    "interestExpense": 25700000,
    "depreciationAndAmortization": 213900000,
    "ebitda": 617800000,
    "ebitdaratio": 0.3475863621,
    "operatingIncome": 371600000,
    "operatingIncomeRatio": 0.2090694273,
    "totalOtherIncomeExpensesNet": 6600000,
    "incomeBeforeTax": 378200000,
    "incomeBeforeTaxRatio": 0.2127827163,
    "incomeTaxExpense": 93500000,
    "netIncome": -473300000,
    "netIncomeRatio": -0.2662878362,
    "eps": -2.19,
    "epsdiluted": -2.17,
    "weightedAverageShsOut": 216100000,
    "weightedAverageShsOutDil": 217900000,
    "link": "https://www.sec.gov/Archives/edgar/data/2969/000119312516562956/0001193125-16-562956-index.htm",
    "finalLink": "https://www.sec.gov/Archives/edgar/data/2969/000119312516562956/d127790d10q.htm"
  },
  {
    "date": "2015-12-31",
    "symbol": "APD",
    "reportedCurrency": "USD",
    "cik": "0000002969",
    "fillingDate": "2016-01-29",
    "acceptedDate": "2016-01-29 12:02:28",
    "calendarYear": "2016",
    "period": "Q1",
    "revenue": 1866300000,
    "costOfRevenue": 1295900000,
    "grossProfit": 570400000,
    "grossProfitRatio": 0.3056314633,
    "researchAndDevelopmentExpenses": 32400000,
    "generalAndAdministrativeExpenses": 212000000,
    "sellingAndMarketingExpenses": 0,
    "sellingGeneralAndAdministrativeExpenses": 212000000,
    "otherExpenses": -46500000,
    "operatingExpenses": 197900000,
    "costAndExpenses": 1493800000,
    "interestIncome": 0,
    "interestExpense": 22200000,
    "depreciationAndAmortization": 214700000,
    "ebitda": 620500000,
    "ebitdaratio": 0.3324760221,
    "operatingIncome": 372500000,
    "operatingIncomeRatio": 0.1995927772,
    "totalOtherIncomeExpensesNet": 11100000,
    "incomeBeforeTax": 383600000,
    "incomeBeforeTaxRatio": 0.205540374,
    "incomeTaxExpense": 96400000,
    "netIncome": 363600000,
    "netIncomeRatio": 0.1948239833,
    "eps": 1.68,
    "epsdiluted": 1.67,
    "weightedAverageShsOut": 215800000,
    "weightedAverageShsOutDil": 217600000,
    "link": "https://www.sec.gov/Archives/edgar/data/2969/000119312516443263/0001193125-16-443263-index.htm",
    "finalLink": "https://www.sec.gov/Archives/edgar/data/2969/000119312516443263/d122930d10q.htm"
  },
  {
    "date": "2015-09-30",
    "symbol": "APD",
    "reportedCurrency": "USD",
    "cik": "0000002969",
    "fillingDate": "2015-11-24",
    "acceptedDate": "2015-11-24 11:03:53",
    "calendarYear": "2015",
    "period": "Q4",
    "revenue": 2449400000,
    "costOfRevenue": 1697100000,
    "grossProfit": 752300000,
    "grossProfitRatio": 0.3071364416,
    "researchAndDevelopmentExpenses": 33300000,
    "generalAndAdministrativeExpenses": 207400000,
    "sellingAndMarketingExpenses": 0,
    "sellingGeneralAndAdministrativeExpenses": 207400000,
    "otherExpenses": 39400000,
    "operatingExpenses": 280100000,
    "costAndExpenses": 1977200000,
    "interestIncome": 0,
    "interestExpense": 22800000,
    "depreciationAndAmortization": 234600000,
    "ebitda": 726200000,
    "ebitdaratio": 0.2964807708,
    "operatingIncome": 472200000,
    "operatingIncomeRatio": 0.1927819058,
    "totalOtherIncomeExpensesNet": -3400000,
    "incomeBeforeTax": 468800000,
    "incomeBeforeTaxRatio": 0.1913938107,
    "incomeTaxExpense": 118800000,
    "netIncome": 344500000,
    "netIncomeRatio": 0.140646689,
    "eps": 1.6,
    "epsdiluted": 1.58,
    "weightedAverageShsOut": 215500000,
    "weightedAverageShsOutDil": 217700000,
    "link": "https://www.sec.gov/Archives/edgar/data/2969/000119312515386399/0001193125-15-386399-index.htm",
    "finalLink": "https://www.sec.gov/Archives/edgar/data/2969/000119312515386399/d69855d10k.htm"
  },
  {
    "date": "2015-06-30",
    "symbol": "APD",
    "reportedCurrency": "USD",
    "cik": "0000002969",
    "fillingDate": "2015-07-30",
    "acceptedDate": "2015-07-30 12:55:48",
    "calendarYear": "2015",
    "period": "Q3",
    "revenue": 2470200000,
    "costOfRevenue": 1715200000,
    "grossProfit": 753800000,
    "grossProfitRatio": 0.3051574771,
    "researchAndDevelopmentExpenses": 33800000,
    "generalAndAdministrativeExpenses": 243800000,
    "sellingAndMarketingExpenses": 0,
    "sellingGeneralAndAdministrativeExpenses": 243800000,
    "otherExpenses": 52600000,
    "operatingExpenses": 330200000,
    "costAndExpenses": 2045400000,
    "interestIncome": 0,
    "interestExpense": 28200000,
    "depreciationAndAmortization": 233000000,
    "ebitda": 700200000,
    "ebitdaratio": 0.2834588292,
    "operatingIncome": 424800000,
    "operatingIncomeRatio": 0.171969881,
    "totalOtherIncomeExpensesNet": 14200000,
    "incomeBeforeTax": 439000000,
    "incomeBeforeTaxRatio": 0.1777184034,
    "incomeTaxExpense": 104100000,
    "netIncome": 318800000,
    "netIncomeRatio": 0.1290583758,
    "eps": 1.48,
    "epsdiluted": 1.47,
    "weightedAverageShsOut": 215200000,
    "weightedAverageShsOutDil": 217400000,
    "link": "https://www.sec.gov/Archives/edgar/data/2969/000119312515270231/0001193125-15-270231-index.htm",
    "finalLink": "https://www.sec.gov/Archives/edgar/data/2969/000119312515270231/d57211d10q.htm"
  },
  {
    "date": "2015-03-31",
    "symbol": "APD",
    "reportedCurrency": "USD",
    "cik": "0000002969",
    "fillingDate": "2015-04-30",
    "acceptedDate": "2015-04-30 12:10:31",
    "calendarYear": "2015",
    "period": "Q2",
    "revenue": 2414500000,
    "costOfRevenue": 1698200000,
    "grossProfit": 716300000,
    "grossProfitRatio": 0.2966659764,
    "researchAndDevelopmentExpenses": 36300000,
    "generalAndAdministrativeExpenses": 253500000,
    "sellingAndMarketingExpenses": 0,
    "sellingGeneralAndAdministrativeExpenses": 253500000,
    "otherExpenses": 49600000,
    "operatingExpenses": 339400000,
    "costAndExpenses": 2037600000,
    "interestIncome": 0,
    "interestExpense": 23400000,
    "depreciationAndAmortization": 233300000,
    "ebitda": 643200000,
    "ebitdaratio": 0.2663905571,
    "operatingIncome": 376900000,
    "operatingIncomeRatio": 0.1560985711,
    "totalOtherIncomeExpensesNet": 9600000,
    "incomeBeforeTax": 386500000,
    "incomeBeforeTaxRatio": 0.1600745496,
    "incomeTaxExpense": 87700000,
    "netIncome": 290000000,
    "netIncomeRatio": 0.1201076828,
    "eps": 1.35,
    "epsdiluted": 1.33,
    "weightedAverageShsOut": 214900000,
    "weightedAverageShsOutDil": 217400000,
    "link": "https://www.sec.gov/Archives/edgar/data/2969/000119312515160160/0001193125-15-160160-index.htm",
    "finalLink": "https://www.sec.gov/Archives/edgar/data/2969/000119312515160160/d915684d10q.htm"
  },
  {
    "date": "2014-12-31",
    "symbol": "APD",
    "reportedCurrency": "USD",
    "cik": "0000002969",
    "fillingDate": "2015-01-30",
    "acceptedDate": "2015-01-30 09:13:37",
    "calendarYear": "2015",
    "period": "Q1",
    "revenue": 2560800000,
    "costOfRevenue": 1831000000,
    "grossProfit": 729800000,
    "grossProfitRatio": 0.2849890659,
    "researchAndDevelopmentExpenses": 35400000,
    "generalAndAdministrativeExpenses": 258200000,
    "sellingAndMarketingExpenses": 0,
    "sellingGeneralAndAdministrativeExpenses": 258200000,
    "otherExpenses": 6200000,
    "operatingExpenses": 299800000,
    "costAndExpenses": 2130800000,
    "interestIncome": 0,
    "interestExpense": 29100000,
    "depreciationAndAmortization": 235500000,
    "ebitda": 708600000,
    "ebitdaratio": 0.276710403,
    "operatingIncome": 430000000,
    "operatingIncomeRatio": 0.1679162762,
    "totalOtherIncomeExpensesNet": 14000000,
    "incomeBeforeTax": 444000000,
    "incomeBeforeTaxRatio": 0.1733833177,
    "incomeTaxExpense": 106500000,
    "netIncome": 324600000,
    "netIncomeRatio": 0.1267572634,
    "eps": 1.52,
    "epsdiluted": 1.5,
    "weightedAverageShsOut": 214200000,
    "weightedAverageShsOutDil": 216600000,
    "link": "https://www.sec.gov/Archives/edgar/data/2969/000119312515026713/0001193125-15-026713-index.htm",
    "finalLink": "https://www.sec.gov/Archives/edgar/data/2969/000119312515026713/d860388d10q.htm"
  },
  {
    "date": "2014-09-30",
    "symbol": "APD",
    "reportedCurrency": "USD",
    "cik": "0000002969",
    "fillingDate": "2014-11-24",
    "acceptedDate": "2014-11-24 13:55:10",
    "calendarYear": "2014",
    "period": "Q4",
    "revenue": 2677000000,
    "costOfRevenue": 1932400000,
    "grossProfit": 744600000,
    "grossProfitRatio": 0.2781471797,
    "researchAndDevelopmentExpenses": 40900000,
    "generalAndAdministrativeExpenses": 248500000,
    "sellingAndMarketingExpenses": 0,
    "sellingGeneralAndAdministrativeExpenses": 248500000,
    "otherExpenses": 311100000,
    "operatingExpenses": 600500000,
    "costAndExpenses": 2532900000,
    "interestIncome": 0,
    "interestExpense": 29000000,
    "depreciationAndAmortization": 254600000,
    "ebitda": 438400000,
    "ebitdaratio": 0.163765409,
    "operatingIncome": 144100000,
    "operatingIncomeRatio": 0.053828913,
    "totalOtherIncomeExpensesNet": 10700000,
    "incomeBeforeTax": 154800000,
    "incomeBeforeTaxRatio": 0.0578259245,
    "incomeTaxExpense": 77300000,
    "netIncome": 104000000,
    "netIncomeRatio": 0.0388494583,
    "eps": 0.48,
    "epsdiluted": 0.48,
    "weightedAverageShsOut": 213700000,
    "weightedAverageShsOutDil": 216200000,
    "link": "https://www.sec.gov/Archives/edgar/data/2969/000119312514423115/0001193125-14-423115-index.htm",
    "finalLink": "https://www.sec.gov/Archives/edgar/data/2969/000119312514423115/d805038d10k.htm"
  },
  {
    "date": "2014-06-30",
    "symbol": "APD",
    "reportedCurrency": "USD",
    "cik": "0000002969",
    "fillingDate": "2014-07-24",
    "acceptedDate": "2014-07-24 15:02:09",
    "calendarYear": "2014",
    "period": "Q3",
    "revenue": 2634600000,
    "costOfRevenue": 1918700000,
    "grossProfit": 715900000,
    "grossProfitRatio": 0.2717300539,
    "researchAndDevelopmentExpenses": 33800000,
    "generalAndAdministrativeExpenses": 272000000,
    "sellingAndMarketingExpenses": 0,
    "sellingGeneralAndAdministrativeExpenses": 272000000,
    "otherExpenses": -3700000,
    "operatingExpenses": 302100000,
    "costAndExpenses": 2220800000,
    "interestIncome": 0,
    "interestExpense": 31300000,
    "depreciationAndAmortization": 239000000,
    "ebitda": 695900000,
    "ebitdaratio": 0.2641387687,
    "operatingIncome": 413800000,
    "operatingIncomeRatio": 0.1570636909,
    "totalOtherIncomeExpensesNet": 11800000,
    "incomeBeforeTax": 425600000,
    "incomeBeforeTaxRatio": 0.1615425492,
    "incomeTaxExpense": 102100000,
    "netIncome": 314000000,
    "netIncomeRatio": 0.1191831777,
    "eps": 1.47,
    "epsdiluted": 1.46,
    "weightedAverageShsOut": 212900000,
    "weightedAverageShsOutDil": 215400000,
    "link": "https://www.sec.gov/Archives/edgar/data/2969/000119312514278750/0001193125-14-278750-index.htm",
    "finalLink": "https://www.sec.gov/Archives/edgar/data/2969/000119312514278750/d760767d10q.htm"
  },
  {
    "date": "2014-03-31",
    "symbol": "APD",
    "reportedCurrency": "USD",
    "cik": "0000002969",
    "fillingDate": "2014-04-24",
    "acceptedDate": "2014-04-24 11:21:47",
    "calendarYear": "2014",
    "period": "Q2",
    "revenue": 2581900000,
    "costOfRevenue": 1917600000,
    "grossProfit": 664300000,
    "grossProfitRatio": 0.2572911422,
    "researchAndDevelopmentExpenses": 33200000,
    "generalAndAdministrativeExpenses": 263400000,
    "sellingAndMarketingExpenses": 0,
    "sellingGeneralAndAdministrativeExpenses": 263400000,
    "otherExpenses": -17000000,
    "operatingExpenses": 279600000,
    "costAndExpenses": 2197200000,
    "interestIncome": 0,
    "interestExpense": 31500000,
    "depreciationAndAmortization": 229100000,
    "ebitda": 644200000,
    "ebitdaratio": 0.2495061776,
    "operatingIncome": 384700000,
    "operatingIncomeRatio": 0.1489987993,
    "totalOtherIncomeExpensesNet": -1100000,
    "incomeBeforeTax": 383600000,
    "incomeBeforeTaxRatio": 0.1485727565,
    "incomeTaxExpense": 92100000,
    "netIncome": 283500000,
    "netIncomeRatio": 0.1098028584,
    "eps": 1.33,
    "epsdiluted": 1.32,
    "weightedAverageShsOut": 212400000,
    "weightedAverageShsOutDil": 214900000,
    "link": "https://www.sec.gov/Archives/edgar/data/2969/000119312514156279/0001193125-14-156279-index.htm",
    "finalLink": "https://www.sec.gov/Archives/edgar/data/2969/000119312514156279/d714519d10q.htm"
  },
  {
    "date": "2013-12-31",
    "symbol": "APD",
    "reportedCurrency": "USD",
    "cik": "0000002969",
    "fillingDate": "2014-01-29",
    "acceptedDate": "2014-01-29 10:17:35",
    "calendarYear": "2014",
    "period": "Q1",
    "revenue": 2545500000,
    "costOfRevenue": 1865900000,
    "grossProfit": 679600000,
    "grossProfitRatio": 0.2669809468,
    "researchAndDevelopmentExpenses": 33500000,
    "generalAndAdministrativeExpenses": 280900000,
    "sellingAndMarketingExpenses": 0,
    "sellingGeneralAndAdministrativeExpenses": 280900000,
    "otherExpenses": -20400000,
    "operatingExpenses": 294000000,
    "costAndExpenses": 2159900000,
    "interestIncome": 0,
    "interestExpense": 33300000,
    "depreciationAndAmortization": 234200000,
    "ebitda": 658000000,
    "ebitdaratio": 0.258495384,
    "operatingIncome": 385600000,
    "operatingIncomeRatio": 0.1514830092,
    "totalOtherIncomeExpensesNet": 4900000,
    "incomeBeforeTax": 390500000,
    "incomeBeforeTaxRatio": 0.1534079749,
    "incomeTaxExpense": 94500000,
    "netIncome": 290200000,
    "netIncomeRatio": 0.1140051071,
    "eps": 1.37,
    "epsdiluted": 1.35,
    "weightedAverageShsOut": 211800000,
    "weightedAverageShsOutDil": 214300000,
    "link": "https://www.sec.gov/Archives/edgar/data/2969/000119312514025630/0001193125-14-025630-index.htm",
    "finalLink": "https://www.sec.gov/Archives/edgar/data/2969/000119312514025630/d664345d10q.htm"
  },
  {
    "date": "2013-09-30",
    "symbol": "APD",
    "reportedCurrency": "USD",
    "cik": "0000002969",
    "fillingDate": "2013-11-26",
    "acceptedDate": "2013-11-26 09:38:11",
    "calendarYear": "2013",
    "period": "Q4",
    "revenue": 2586500000,
    "costOfRevenue": 1882900000,
    "grossProfit": 703600000,
    "grossProfitRatio": 0.2720278368,
    "researchAndDevelopmentExpenses": 34600000,
    "generalAndAdministrativeExpenses": 282700000,
    "sellingAndMarketingExpenses": 0,
    "sellingGeneralAndAdministrativeExpenses": 282700000,
    "otherExpenses": 207100000,
    "operatingExpenses": 524400000,
    "costAndExpenses": 2407300000,
    "interestIncome": 0,
    "interestExpense": 35400000,
    "depreciationAndAmortization": 232600000,
    "ebitda": 454200000,
    "ebitdaratio": 0.1756040982,
    "operatingIncome": 179200000,
    "operatingIncomeRatio": 0.0692828146,
    "totalOtherIncomeExpensesNet": 7000000,
    "incomeBeforeTax": 186200000,
    "incomeBeforeTaxRatio": 0.0719891746,
    "incomeTaxExpense": 25800000,
    "netIncome": 137100000,
    "netIncomeRatio": 0.0530059927,
    "eps": 0.65,
    "epsdiluted": 0.64,
    "weightedAverageShsOut": 211000000,
    "weightedAverageShsOutDil": 213800000,
    "link": "https://www.sec.gov/Archives/edgar/data/2969/000119312513453925/0001193125-13-453925-index.htm",
    "finalLink": "https://www.sec.gov/Archives/edgar/data/2969/000119312513453925/d595257d10k.htm"
  },
  {
    "date": "2013-06-30",
    "symbol": "APD",
    "reportedCurrency": "USD",
    "cik": "0000002969",
    "fillingDate": "2013-07-24",
    "acceptedDate": "2013-07-24 16:48:52",
    "calendarYear": "2013",
    "period": "Q3",
    "revenue": 2547300000,
    "costOfRevenue": 1875500000,
    "grossProfit": 671800000,
    "grossProfitRatio": 0.2637302242,
    "researchAndDevelopmentExpenses": 33500000,
    "generalAndAdministrativeExpenses": 271300000,
    "sellingAndMarketingExpenses": 0,
    "sellingGeneralAndAdministrativeExpenses": 271300000,
    "otherExpenses": -16100000,
    "operatingExpenses": 288700000,
    "costAndExpenses": 2164200000,
    "interestIncome": 0,
    "interestExpense": 35400000,
    "depreciationAndAmortization": 229700000,
    "ebitda": 657000000,
    "ebitdaratio": 0.2579201507,
    "operatingIncome": 383100000,
    "operatingIncomeRatio": 0.1503945354,
    "totalOtherIncomeExpensesNet": 8800000,
    "incomeBeforeTax": 391900000,
    "incomeBeforeTaxRatio": 0.1538491736,
    "incomeTaxExpense": 94100000,
    "netIncome": 288400000,
    "netIncomeRatio": 0.113217917,
    "eps": 1.38,
    "epsdiluted": 1.36,
    "weightedAverageShsOut": 209400000,
    "weightedAverageShsOutDil": 211900000,
    "link": "https://www.sec.gov/Archives/edgar/data/2969/000119312513300634/0001193125-13-300634-index.htm",
    "finalLink": "https://www.sec.gov/Archives/edgar/data/2969/000119312513300634/d571735d10q.htm"
  },
  {
    "date": "2013-03-31",
    "symbol": "APD",
    "reportedCurrency": "USD",
    "cik": "0000002969",
    "fillingDate": "2013-04-25",
    "acceptedDate": "2013-04-25 10:01:23",
    "calendarYear": "2013",
    "period": "Q2",
    "revenue": 2484200000,
    "costOfRevenue": 1813600000,
    "grossProfit": 670600000,
    "grossProfitRatio": 0.2699460591,
    "researchAndDevelopmentExpenses": 32300000,
    "generalAndAdministrativeExpenses": 266600000,
    "sellingAndMarketingExpenses": 0,
    "sellingGeneralAndAdministrativeExpenses": 266600000,
    "otherExpenses": -18000000,
    "operatingExpenses": 280900000,
    "costAndExpenses": 2094500000,
    "interestIncome": 0,
    "interestExpense": 35200000,
    "depreciationAndAmortization": 226200000,
    "ebitda": 655700000,
    "ebitdaratio": 0.2639481523,
    "operatingIncome": 389700000,
    "operatingIncomeRatio": 0.1568714274,
    "totalOtherIncomeExpensesNet": 4600000,
    "incomeBeforeTax": 394300000,
    "incomeBeforeTaxRatio": 0.1587231302,
    "incomeTaxExpense": 95800000,
    "netIncome": 290400000,
    "netIncomeRatio": 0.1168988004,
    "eps": 1.39,
    "epsdiluted": 1.38,
    "weightedAverageShsOut": 208400000,
    "weightedAverageShsOutDil": 211000000,
    "link": "https://www.sec.gov/Archives/edgar/data/2969/000119312513172463/0001193125-13-172463-index.htm",
    "finalLink": "https://www.sec.gov/Archives/edgar/data/2969/000119312513172463/d523895d10q.htm"
  },
  {
    "date": "2012-12-31",
    "symbol": "APD",
    "reportedCurrency": "USD",
    "cik": "0000002969",
    "fillingDate": "2013-01-25",
    "acceptedDate": "2013-01-25 11:07:02",
    "calendarYear": "2013",
    "period": "Q1",
    "revenue": 2562400000,
    "costOfRevenue": 1900100000,
    "grossProfit": 662300000,
    "grossProfitRatio": 0.2584686232,
    "researchAndDevelopmentExpenses": 33300000,
    "generalAndAdministrativeExpenses": 268200000,
    "sellingAndMarketingExpenses": 0,
    "sellingGeneralAndAdministrativeExpenses": 268200000,
    "otherExpenses": -11600000,
    "operatingExpenses": 289900000,
    "costAndExpenses": 2190000000,
    "interestIncome": 0,
    "interestExpense": 35800000,
    "depreciationAndAmortization": 218500000,
    "ebitda": 632300000,
    "ebitdaratio": 0.2467608492,
    "operatingIncome": 372400000,
    "operatingIncomeRatio": 0.1453325008,
    "totalOtherIncomeExpensesNet": 5600000,
    "incomeBeforeTax": 378000000,
    "incomeBeforeTaxRatio": 0.1475179519,
    "incomeTaxExpense": 92200000,
    "netIncome": 278300000,
    "netIncomeRatio": 0.1086091165,
    "eps": 1.32,
    "epsdiluted": 1.31,
    "weightedAverageShsOut": 210000000,
    "weightedAverageShsOutDil": 212600000,
    "link": "https://www.sec.gov/Archives/edgar/data/2969/000119312513023428/0001193125-13-023428-index.htm",
    "finalLink": "https://www.sec.gov/Archives/edgar/data/2969/000119312513023428/d474242d10q.htm"
  },
  {
    "date": "2012-09-30",
    "symbol": "APD",
    "reportedCurrency": "USD",
    "cik": "0000002969",
    "fillingDate": "2012-11-20",
    "acceptedDate": "2012-11-20 11:53:42",
    "calendarYear": "2012",
    "period": "Q4",
    "revenue": 2605800000,
    "costOfRevenue": 1923000000,
    "grossProfit": 682800000,
    "grossProfitRatio": 0.2620308542,
    "researchAndDevelopmentExpenses": 36100000,
    "generalAndAdministrativeExpenses": 248000000,
    "sellingAndMarketingExpenses": 0,
    "sellingGeneralAndAdministrativeExpenses": 161200000,
    "otherExpenses": 240700000,
    "operatingExpenses": 524900000,
    "costAndExpenses": 2447900000,
    "interestIncome": 0,
    "interestExpense": 38900000,
    "depreciationAndAmortization": 220300000,
    "ebitda": 417700000,
    "ebitdaratio": 0.1602962622,
    "operatingIncome": 157900000,
    "operatingIncomeRatio": 0.0605955944,
    "totalOtherIncomeExpensesNet": 600000,
    "incomeBeforeTax": 158500000,
    "incomeBeforeTaxRatio": 0.06082585,
    "incomeTaxExpense": 17800000,
    "netIncome": 138700000,
    "netIncomeRatio": 0.0532274158,
    "eps": 0.66,
    "epsdiluted": 0.64,
    "weightedAverageShsOut": 211900000,
    "weightedAverageShsOutDil": 215000000,
    "link": "https://www.sec.gov/Archives/edgar/data/2969/000119312512476878/0001193125-12-476878-index.htm",
    "finalLink": "https://www.sec.gov/Archives/edgar/data/2969/000119312512476878/d409668d10k.htm"
  },
  {
    "date": "2012-06-30",
    "symbol": "APD",
    "reportedCurrency": "USD",
    "cik": "0000002969",
    "fillingDate": "2012-07-27",
    "acceptedDate": "2012-07-27 09:07:12",
    "calendarYear": "2012",
    "period": "Q3",
    "revenue": 2340100000,
    "costOfRevenue": 1690800000,
    "grossProfit": 649300000,
    "grossProfitRatio": 0.2774667749,
    "researchAndDevelopmentExpenses": 32500000,
    "generalAndAdministrativeExpenses": 230400000,
    "sellingAndMarketingExpenses": 0,
    "sellingGeneralAndAdministrativeExpenses": 230400000,
    "otherExpenses": -96400000,
    "operatingExpenses": 166500000,
    "costAndExpenses": 1857300000,
    "interestIncome": 0,
    "interestExpense": 26000000,
    "depreciationAndAmortization": 212200000,
    "ebitda": 736700000,
    "ebitdaratio": 0.3148156062,
    "operatingIncome": 482800000,
    "operatingIncomeRatio": 0.2063159694,
    "totalOtherIncomeExpensesNet": 15700000,
    "incomeBeforeTax": 498500000,
    "incomeBeforeTaxRatio": 0.2130250844,
    "incomeTaxExpense": 133300000,
    "netIncome": 484500000,
    "netIncomeRatio": 0.2070424341,
    "eps": 2.29,
    "epsdiluted": 2.26,
    "weightedAverageShsOut": 211500000,
    "weightedAverageShsOutDil": 214700000,
    "link": "https://www.sec.gov/Archives/edgar/data/2969/000119312512318283/0001193125-12-318283-index.htm",
    "finalLink": "https://www.sec.gov/Archives/edgar/data/2969/000119312512318283/d361112d10q.htm"
  },
  {
    "date": "2012-03-31",
    "symbol": "APD",
    "reportedCurrency": "USD",
    "cik": "0000002969",
    "fillingDate": "2012-04-27",
    "acceptedDate": "2012-04-27 08:51:01",
    "calendarYear": "2012",
    "period": "Q2",
    "revenue": 2344300000,
    "costOfRevenue": 1715800000,
    "grossProfit": 628500000,
    "grossProfitRatio": 0.2680970866,
    "researchAndDevelopmentExpenses": 29800000,
    "generalAndAdministrativeExpenses": 237300000,
    "sellingAndMarketingExpenses": 0,
    "sellingGeneralAndAdministrativeExpenses": 237300000,
    "otherExpenses": 73500000,
    "operatingExpenses": 340600000,
    "costAndExpenses": 2056400000,
    "interestIncome": 0,
    "interestExpense": 29400000,
    "depreciationAndAmortization": 205300000,
    "ebitda": 528700000,
    "ebitdaratio": 0.2255257433,
    "operatingIncome": 287900000,
    "operatingIncomeRatio": 0.1228085143,
    "totalOtherIncomeExpensesNet": 6100000,
    "incomeBeforeTax": 294000000,
    "incomeBeforeTaxRatio": 0.1254105703,
    "incomeTaxExpense": 8800000,
    "netIncome": 296000000,
    "netIncomeRatio": 0.1262637035,
    "eps": 1.4,
    "epsdiluted": 1.38,
    "weightedAverageShsOut": 211100000,
    "weightedAverageShsOutDil": 215000000,
    "link": "https://www.sec.gov/Archives/edgar/data/2969/000119312512188384/0001193125-12-188384-index.htm",
    "finalLink": "https://www.sec.gov/Archives/edgar/data/2969/000119312512188384/d323251d10q.htm"
  },
  {
    "date": "2011-12-31",
    "symbol": "APD",
    "reportedCurrency": "USD",
    "cik": "0000002969",
    "fillingDate": "2012-01-27",
    "acceptedDate": "2012-01-27 15:00:59",
    "calendarYear": "2012",
    "period": "Q1",
    "revenue": 2423100000,
    "costOfRevenue": 1722300000,
    "grossProfit": 648800000,
    "grossProfitRatio": 0.2677561801,
    "researchAndDevelopmentExpenses": 28100000,
    "generalAndAdministrativeExpenses": 231000000,
    "sellingAndMarketingExpenses": 0,
    "sellingGeneralAndAdministrativeExpenses": 231000000,
    "otherExpenses": -13700000,
    "operatingExpenses": 245400000,
    "costAndExpenses": 1967700000,
    "interestIncome": 0,
    "interestExpense": 29400000,
    "depreciationAndAmortization": 203000000,
    "ebitda": 593900000,
    "ebitdaratio": 0.245099253,
    "operatingIncome": 353800000,
    "operatingIncomeRatio": 0.1460113078,
    "totalOtherIncomeExpensesNet": 7700000,
    "incomeBeforeTax": 361500000,
    "incomeBeforeTaxRatio": 0.1491890553,
    "incomeTaxExpense": 127400000,
    "netIncome": 248100000,
    "netIncomeRatio": 0.1023895011,
    "eps": 1.18,
    "epsdiluted": 1.16,
    "weightedAverageShsOut": 210300000,
    "weightedAverageShsOutDil": 213900000,
    "link": "https://www.sec.gov/Archives/edgar/data/2969/000119312512026842/0001193125-12-026842-index.htm",
    "finalLink": "https://www.sec.gov/Archives/edgar/data/2969/000119312512026842/d264742d10q.htm"
  },
  {
    "date": "2011-09-30",
    "symbol": "APD",
    "reportedCurrency": "USD",
    "cik": "0000002969",
    "fillingDate": "2011-11-22",
    "acceptedDate": "2011-11-22 16:13:06",
    "calendarYear": "2011",
    "period": "Q4",
    "revenue": 2611200000,
    "costOfRevenue": 1910200000,
    "grossProfit": 701000000,
    "grossProfitRatio": 0.2684589461,
    "researchAndDevelopmentExpenses": 32400000,
    "generalAndAdministrativeExpenses": 257500000,
    "sellingAndMarketingExpenses": 0,
    "sellingGeneralAndAdministrativeExpenses": 257500000,
    "otherExpenses": -14200000,
    "operatingExpenses": 275700000,
    "costAndExpenses": 2185900000,
    "interestIncome": 0,
    "interestExpense": 28600000,
    "depreciationAndAmortization": 216600000,
    "ebitda": 697000000,
    "ebitdaratio": 0.2669270833,
    "operatingIncome": 425300000,
    "operatingIncomeRatio": 0.1628753064,
    "totalOtherIncomeExpensesNet": 26500000,
    "incomeBeforeTax": 451800000,
    "incomeBeforeTaxRatio": 0.1730238971,
    "incomeTaxExpense": 112700000,
    "netIncome": 324800000,
    "netIncomeRatio": 0.1243872549,
    "eps": 1.54,
    "epsdiluted": 1.52,
    "weightedAverageShsOut": 210300000,
    "weightedAverageShsOutDil": 213900000,
    "link": "https://www.sec.gov/Archives/edgar/data/2969/000119312511319887/0001193125-11-319887-index.htm",
    "finalLink": "https://www.sec.gov/Archives/edgar/data/2969/000119312511319887/d221596d10k.htm"
  },
  {
    "date": "2011-06-30",
    "symbol": "APD",
    "reportedCurrency": "USD",
    "cik": "0000002969",
    "fillingDate": "2011-07-27",
    "acceptedDate": "2011-07-27 16:10:28",
    "calendarYear": "2011",
    "period": "Q3",
    "revenue": 2577800000,
    "costOfRevenue": 1882100000,
    "grossProfit": 695700000,
    "grossProfitRatio": 0.2698812941,
    "researchAndDevelopmentExpenses": 29300000,
    "generalAndAdministrativeExpenses": 252900000,
    "sellingAndMarketingExpenses": 0,
    "sellingGeneralAndAdministrativeExpenses": 252900000,
    "otherExpenses": 3300000,
    "operatingExpenses": 285500000,
    "costAndExpenses": 2084300000,
    "interestIncome": 0,
    "interestExpense": 26500000,
    "depreciationAndAmortization": 212300000,
    "ebitda": 639700000,
    "ebitdaratio": 0.2481573435,
    "operatingIncome": 416800000,
    "operatingIncomeRatio": 0.1616882613,
    "totalOtherIncomeExpensesNet": 13200000,
    "incomeBeforeTax": 430000000,
    "incomeBeforeTaxRatio": 0.1668089068,
    "incomeTaxExpense": 103900000,
    "netIncome": 326500000,
    "netIncomeRatio": 0.1266583909,
    "eps": 1.54,
    "epsdiluted": 1.5,
    "weightedAverageShsOut": 212500000,
    "weightedAverageShsOutDil": 217300000,
    "link": "https://www.sec.gov/Archives/edgar/data/2969/000119312511198902/0001193125-11-198902-index.htm",
    "finalLink": "https://www.sec.gov/Archives/edgar/data/2969/000119312511198902/d10q.htm"
  },
  {
    "date": "2011-03-31",
    "symbol": "APD",
    "reportedCurrency": "USD",
    "cik": "0000002969",
    "fillingDate": "2011-04-26",
    "acceptedDate": "2011-04-26 15:38:32",
    "calendarYear": "2011",
    "period": "Q2",
    "revenue": 2403000000,
    "costOfRevenue": 1748200000,
    "grossProfit": 654800000,
    "grossProfitRatio": 0.2724927174,
    "researchAndDevelopmentExpenses": 27900000,
    "generalAndAdministrativeExpenses": 0,
    "sellingAndMarketingExpenses": 0,
    "sellingGeneralAndAdministrativeExpenses": 242000000,
    "otherExpenses": -8900000,
    "operatingExpenses": 261000000,
    "costAndExpenses": 2009200000,
    "interestIncome": 0,
    "interestExpense": 29400000,
    "depreciationAndAmortization": 197700000,
    "ebitda": 623200000,
    "ebitdaratio": 0.2593424886,
    "operatingIncome": 419500000,
    "operatingIncomeRatio": 0.1745734499,
    "totalOtherIncomeExpensesNet": 2300000,
    "incomeBeforeTax": 421800000,
    "incomeBeforeTaxRatio": 0.1755305868,
    "incomeTaxExpense": 110300000,
    "netIncome": 304300000,
    "netIncomeRatio": 0.1266333749,
    "eps": 1.42,
    "epsdiluted": 1.39,
    "weightedAverageShsOut": 213800000,
    "weightedAverageShsOutDil": 218800000,
    "link": "https://www.sec.gov/Archives/edgar/data/2969/000119312511109451/0001193125-11-109451-index.htm",
    "finalLink": "https://www.sec.gov/Archives/edgar/data/2969/000119312511109451/d10q.htm"
  },
  {
    "date": "2010-12-31",
    "symbol": "APD",
    "reportedCurrency": "USD",
    "cik": "0000002969",
    "fillingDate": "2011-01-26",
    "acceptedDate": "2011-01-25 20:22:58",
    "calendarYear": "2011",
    "period": "Q1",
    "revenue": 2391700000,
    "costOfRevenue": 1720500000,
    "grossProfit": 671200000,
    "grossProfitRatio": 0.2806372037,
    "researchAndDevelopmentExpenses": 29200000,
    "generalAndAdministrativeExpenses": 0,
    "sellingAndMarketingExpenses": 0,
    "sellingGeneralAndAdministrativeExpenses": 244600000,
    "otherExpenses": 19400000,
    "operatingExpenses": 310600000,
    "costAndExpenses": 2031100000,
    "interestIncome": 0,
    "interestExpense": 31000000,
    "depreciationAndAmortization": 217600000,
    "ebitda": 606000000,
    "ebitdaratio": 0.2533762596,
    "operatingIncome": 360600000,
    "operatingIncomeRatio": 0.1507714178,
    "totalOtherIncomeExpensesNet": -3200000,
    "incomeBeforeTax": 357400000,
    "incomeBeforeTaxRatio": 0.1494334574,
    "incomeTaxExpense": 81500000,
    "netIncome": 268600000,
    "netIncomeRatio": 0.112305055,
    "eps": 1.25,
    "epsdiluted": 1.23,
    "weightedAverageShsOut": 214200000,
    "weightedAverageShsOutDil": 219200000,
    "link": "https://www.sec.gov/Archives/edgar/data/2969/000119312511014122/0001193125-11-014122-index.htm",
    "finalLink": "https://www.sec.gov/Archives/edgar/data/2969/000119312511014122/d10q.htm"
  },
  {
    "date": "2010-09-30",
    "symbol": "APD",
    "reportedCurrency": "USD",
    "cik": "0000002969",
    "fillingDate": "2010-11-23",
    "acceptedDate": "2010-11-23 06:04:42",
    "calendarYear": "2010",
    "period": "Q4",
    "revenue": 2351200000,
    "costOfRevenue": 1694700000,
    "grossProfit": 656500000,
    "grossProfitRatio": 0.2792191222,
    "researchAndDevelopmentExpenses": 31900000,
    "generalAndAdministrativeExpenses": 236400000,
    "sellingAndMarketingExpenses": 0,
    "sellingGeneralAndAdministrativeExpenses": 236400000,
    "otherExpenses": 21200000,
    "operatingExpenses": 289500000,
    "costAndExpenses": 1984200000,
    "interestIncome": 0,
    "interestExpense": 30800000,
    "depreciationAndAmortization": 214600000,
    "ebitda": 616900000,
    "ebitdaratio": 0.2623766587,
    "operatingIncome": 367000000,
    "operatingIncomeRatio": 0.156090507,
    "totalOtherIncomeExpensesNet": 4500000,
    "incomeBeforeTax": 371500000,
    "incomeBeforeTaxRatio": 0.1580044233,
    "incomeTaxExpense": 93500000,
    "netIncome": 272100000,
    "netIncomeRatio": 0.1157281388,
    "eps": 1.27,
    "epsdiluted": 1.24,
    "weightedAverageShsOut": 214200000,
    "weightedAverageShsOutDil": 219200000,
    "link": "https://www.sec.gov/Archives/edgar/data/2969/000119312510266784/0001193125-10-266784-index.htm",
    "finalLink": "https://www.sec.gov/Archives/edgar/data/2969/000119312510266784/d10k.htm"
  },
  {
    "date": "2010-06-30",
    "symbol": "APD",
    "reportedCurrency": "USD",
    "cik": "0000002969",
    "fillingDate": "2010-07-26",
    "acceptedDate": "2010-07-26 15:45:44",
    "calendarYear": "2010",
    "period": "Q3",
    "revenue": 2252300000,
    "costOfRevenue": 1611000000,
    "grossProfit": 641300000,
    "grossProfitRatio": 0.2847311637,
    "researchAndDevelopmentExpenses": 29300000,
    "generalAndAdministrativeExpenses": 245700000,
    "sellingAndMarketingExpenses": 0,
    "sellingGeneralAndAdministrativeExpenses": 245700000,
    "otherExpenses": 29900000,
    "operatingExpenses": 304900000,
    "costAndExpenses": 1915900000,
    "interestIncome": 0,
    "interestExpense": 30000000,
    "depreciationAndAmortization": 214400000,
    "ebitda": 583300000,
    "ebitdaratio": 0.2589797096,
    "operatingIncome": 336400000,
    "operatingIncomeRatio": 0.1493584336,
    "totalOtherIncomeExpensesNet": 2500000,
    "incomeBeforeTax": 338900000,
    "incomeBeforeTaxRatio": 0.1504684101,
    "incomeTaxExpense": 77600000,
    "netIncome": 253200000,
    "netIncomeRatio": 0.1124184167,
    "eps": 1.19,
    "epsdiluted": 1.17,
    "weightedAverageShsOut": 212300000,
    "weightedAverageShsOutDil": 216900000,
    "link": "https://www.sec.gov/Archives/edgar/data/2969/000119312510165951/0001193125-10-165951-index.htm",
    "finalLink": "https://www.sec.gov/Archives/edgar/data/2969/000119312510165951/d10q.htm"
  },
  {
    "date": "2010-03-31",
    "symbol": "APD",
    "reportedCurrency": "USD",
    "cik": "0000002969",
    "fillingDate": "2010-04-26",
    "acceptedDate": "2010-04-26 09:39:29",
    "calendarYear": "2010",
    "period": "Q2",
    "revenue": 2249000000,
    "costOfRevenue": 1628700000,
    "grossProfit": 620300000,
    "grossProfitRatio": 0.2758114718,
    "researchAndDevelopmentExpenses": 26300000,
    "generalAndAdministrativeExpenses": 0,
    "sellingAndMarketingExpenses": 0,
    "sellingGeneralAndAdministrativeExpenses": 235800000,
    "otherExpenses": 13000000,
    "operatingExpenses": 279700000,
    "costAndExpenses": 1908400000,
    "interestIncome": 0,
    "interestExpense": 29500000,
    "depreciationAndAmortization": 217300000,
    "ebitda": 590100000,
    "ebitdaratio": 0.2623832815,
    "operatingIncome": 340600000,
    "operatingIncomeRatio": 0.1514450867,
    "totalOtherIncomeExpensesNet": 2700000,
    "incomeBeforeTax": 343300000,
    "incomeBeforeTaxRatio": 0.1526456203,
    "incomeTaxExpense": 84900000,
    "netIncome": 252000000,
    "netIncomeRatio": 0.1120497999,
    "eps": 1.19,
    "epsdiluted": 1.16,
    "weightedAverageShsOut": 212100000,
    "weightedAverageShsOutDil": 216900000,
    "link": "https://www.sec.gov/Archives/edgar/data/2969/000095012310037984/0000950123-10-037984-index.htm",
    "finalLink": "https://www.sec.gov/Archives/edgar/data/2969/000095012310037984/y83603e10vq.htm"
  },
  {
    "date": "2009-12-31",
    "symbol": "APD",
    "reportedCurrency": "USD",
    "cik": "0000002969",
    "fillingDate": "2010-01-26",
    "acceptedDate": "2010-01-26 11:00:40",
    "calendarYear": "2010",
    "period": "Q1",
    "revenue": 2173500000,
    "costOfRevenue": 1568600000,
    "grossProfit": 604900000,
    "grossProfitRatio": 0.2783068783,
    "researchAndDevelopmentExpenses": 27200000,
    "generalAndAdministrativeExpenses": 0,
    "sellingAndMarketingExpenses": 0,
    "sellingGeneralAndAdministrativeExpenses": 239500000,
    "otherExpenses": -6800000,
    "operatingExpenses": 259900000,
    "costAndExpenses": 1828500000,
    "interestIncome": 0,
    "interestExpense": 31600000,
    "depreciationAndAmortization": 217100000,
    "ebitda": 589000000,
    "ebitdaratio": 0.2709914884,
    "operatingIncome": 345000000,
    "operatingIncomeRatio": 0.1587301587,
    "totalOtherIncomeExpensesNet": -4700000,
    "incomeBeforeTax": 340300000,
    "incomeBeforeTaxRatio": 0.1565677479,
    "incomeTaxExpense": 83500000,
    "netIncome": 251800000,
    "netIncomeRatio": 0.1158500115,
    "eps": 1.19,
    "epsdiluted": 1.16,
    "weightedAverageShsOut": 211700000,
    "weightedAverageShsOutDil": 217000000,
    "link": "https://www.sec.gov/Archives/edgar/data/2969/000095012310005134/0000950123-10-005134-index.htm",
    "finalLink": "https://www.sec.gov/Archives/edgar/data/2969/000095012310005134/y81516e10vq.htm"
  },
  {
    "date": "2009-09-30",
    "symbol": "APD",
    "reportedCurrency": "USD",
    "cik": "0000002969",
    "fillingDate": "2009-11-25",
    "acceptedDate": "2009-11-25 13:58:55",
    "calendarYear": "2009",
    "period": "Q4",
    "revenue": 2129300000,
    "costOfRevenue": 1545000000,
    "grossProfit": 584300000,
    "grossProfitRatio": 0.2744094303,
    "researchAndDevelopmentExpenses": 29400000,
    "generalAndAdministrativeExpenses": 258400000,
    "sellingAndMarketingExpenses": 0,
    "sellingGeneralAndAdministrativeExpenses": 258400000,
    "otherExpenses": -53100000,
    "operatingExpenses": 234700000,
    "costAndExpenses": 1801300000,
    "interestIncome": 0,
    "interestExpense": 27900000,
    "depreciationAndAmortization": 225500000,
    "ebitda": 585700000,
    "ebitdaratio": 0.2750669234,
    "operatingIncome": 328000000,
    "operatingIncomeRatio": 0.1540412342,
    "totalOtherIncomeExpensesNet": 4300000,
    "incomeBeforeTax": 332300000,
    "incomeBeforeTaxRatio": 0.1560606772,
    "incomeTaxExpense": 86300000,
    "netIncome": 243900000,
    "netIncomeRatio": 0.114544686,
    "eps": 1.15,
    "epsdiluted": 1.12,
    "weightedAverageShsOut": 211700000,
    "weightedAverageShsOutDil": 217000000,
    "link": "https://www.sec.gov/Archives/edgar/data/2969/000095012309066095/0000950123-09-066095-index.htm",
    "finalLink": "https://www.sec.gov/Archives/edgar/data/2969/000095012309066095/y79730e10vk.htm"
  },
  {
    "date": "2009-06-30",
    "symbol": "APD",
    "reportedCurrency": "USD",
    "cik": "0000002969",
    "fillingDate": "2009-07-24",
    "acceptedDate": "2009-07-24 11:15:36",
    "calendarYear": "2009",
    "period": "Q3",
    "revenue": 1976200000,
    "costOfRevenue": 1427500000,
    "grossProfit": 548700000,
    "grossProfitRatio": 0.2776540836,
    "researchAndDevelopmentExpenses": 24100000,
    "generalAndAdministrativeExpenses": 364300000,
    "sellingAndMarketingExpenses": 0,
    "sellingGeneralAndAdministrativeExpenses": 364300000,
    "otherExpenses": 33700000,
    "operatingExpenses": 422100000,
    "costAndExpenses": 1832400000,
    "interestIncome": 0,
    "interestExpense": 27500000,
    "depreciationAndAmortization": 217100000,
    "ebitda": 389400000,
    "ebitdaratio": 0.1970448335,
    "operatingIncome": 143800000,
    "operatingIncomeRatio": 0.0727659144,
    "totalOtherIncomeExpensesNet": 1000000,
    "incomeBeforeTax": 144800000,
    "incomeBeforeTaxRatio": 0.073271936,
    "incomeTaxExpense": 25400000,
    "netIncome": 113200000,
    "netIncomeRatio": 0.0572816517,
    "eps": 0.54,
    "epsdiluted": 0.53,
    "weightedAverageShsOut": 209800000,
    "weightedAverageShsOutDil": 214000000,
    "link": "https://www.sec.gov/Archives/edgar/data/2969/000095012309025125/0000950123-09-025125-index.htm",
    "finalLink": "https://www.sec.gov/Archives/edgar/data/2969/000095012309025125/y78342e10vq.htm"
  },
  {
    "date": "2009-03-31",
    "symbol": "APD",
    "reportedCurrency": "USD",
    "cik": "0000002969",
    "fillingDate": "2009-04-24",
    "acceptedDate": "2009-04-24 10:57:21",
    "calendarYear": "2009",
    "period": "Q2",
    "revenue": 1955400000,
    "costOfRevenue": 1439900000,
    "grossProfit": 515500000,
    "grossProfitRatio": 0.263628925,
    "researchAndDevelopmentExpenses": 29600000,
    "generalAndAdministrativeExpenses": 230600000,
    "sellingAndMarketingExpenses": 0,
    "sellingGeneralAndAdministrativeExpenses": 230600000,
    "otherExpenses": 10900000,
    "operatingExpenses": 271100000,
    "costAndExpenses": 1695000000,
    "interestIncome": 0,
    "interestExpense": 30000000,
    "depreciationAndAmortization": 197100000,
    "ebitda": 484500000,
    "ebitdaratio": 0.2477753912,
    "operatingIncome": 260400000,
    "operatingIncomeRatio": 0.133169684,
    "totalOtherIncomeExpensesNet": -3000000,
    "incomeBeforeTax": 257400000,
    "incomeBeforeTaxRatio": 0.131635471,
    "incomeTaxExpense": 66500000,
    "netIncome": 205600000,
    "netIncomeRatio": 0.1051447274,
    "eps": 0.98,
    "epsdiluted": 0.97,
    "weightedAverageShsOut": 209600000,
    "weightedAverageShsOutDil": 212300000,
    "link": "https://www.sec.gov/Archives/edgar/data/2969/000095012309007169/0000950123-09-007169-index.htm",
    "finalLink": "https://www.sec.gov/Archives/edgar/data/2969/000095012309007169/y76075e10vq.htm"
  },
  {
    "date": "2008-12-31",
    "symbol": "APD",
    "reportedCurrency": "USD",
    "cik": "0000002969",
    "fillingDate": "2009-01-30",
    "acceptedDate": "2009-01-30 09:51:11",
    "calendarYear": "2009",
    "period": "Q1",
    "revenue": 2195300000,
    "costOfRevenue": 1629700000,
    "grossProfit": 565600000,
    "grossProfitRatio": 0.2576413246,
    "researchAndDevelopmentExpenses": 33200000,
    "generalAndAdministrativeExpenses": 421200000,
    "sellingAndMarketingExpenses": 0,
    "sellingGeneralAndAdministrativeExpenses": 421200000,
    "otherExpenses": -2900000,
    "operatingExpenses": 451500000,
    "costAndExpenses": 2081200000,
    "interestIncome": 0,
    "interestExpense": 36500000,
    "depreciationAndAmortization": 200600000,
    "ebitda": 339200000,
    "ebitdaratio": 0.1545119118,
    "operatingIncome": 114100000,
    "operatingIncomeRatio": 0.0519746732,
    "totalOtherIncomeExpensesNet": -12000000,
    "incomeBeforeTax": 102100000,
    "incomeBeforeTaxRatio": 0.0465084499,
    "incomeTaxExpense": 7100000,
    "netIncome": 68600000,
    "netIncomeRatio": 0.0312485765,
    "eps": 0.33,
    "epsdiluted": 0.32,
    "weightedAverageShsOut": 209400000,
    "weightedAverageShsOutDil": 212100000,
    "link": "https://www.sec.gov/Archives/edgar/data/2969/000095012309001645/0000950123-09-001645-index.htm",
    "finalLink": "https://www.sec.gov/Archives/edgar/data/2969/000095012309001645/y74135e10vq.htm"
  },
  {
    "date": "2008-09-30",
    "symbol": "APD",
    "reportedCurrency": "USD",
    "cik": "0000002969",
    "fillingDate": "2008-11-26",
    "acceptedDate": "2008-11-26 10:28:10",
    "calendarYear": "2008",
    "period": "Q4",
    "revenue": 2527600000,
    "costOfRevenue": 1927800000,
    "grossProfit": 599800000,
    "grossProfitRatio": 0.2373002057,
    "researchAndDevelopmentExpenses": 33000000,
    "generalAndAdministrativeExpenses": 0,
    "sellingAndMarketingExpenses": 0,
    "sellingGeneralAndAdministrativeExpenses": 132400000,
    "otherExpenses": -283600000,
    "operatingExpenses": -118200000,
    "costAndExpenses": 1809600000,
    "interestIncome": 0,
    "interestExpense": 0,
    "depreciationAndAmortization": 200300000,
    "ebitda": 918300000,
    "ebitdaratio": 0.3633090679,
    "operatingIncome": 718000000,
    "operatingIncomeRatio": 0.2840639342,
    "totalOtherIncomeExpensesNet": -11500000,
    "incomeBeforeTax": 706500000,
    "incomeBeforeTaxRatio": 0.2795141636,
    "incomeTaxExpense": 172100000,
    "netIncome": 261600000,
    "netIncomeRatio": 0.1034973888,
    "eps": 1.25,
    "epsdiluted": 1.23,
    "weightedAverageShsOut": 209400000,
    "weightedAverageShsOutDil": 212100000,
    "link": "https://www.sec.gov/Archives/edgar/data/2969/000095012308016491/0000950123-08-016491-index.htm",
    "finalLink": "https://www.sec.gov/Archives/edgar/data/2969/000095012308016491/y72746e10vk.htm"
  },
  {
    "date": "2008-06-30",
    "symbol": "APD",
    "reportedCurrency": "USD",
    "cik": "0000002969",
    "fillingDate": "2008-07-25",
    "acceptedDate": "2008-07-25 10:23:10",
    "calendarYear": "2008",
    "period": "Q3",
    "revenue": 2808000000,
    "costOfRevenue": 2073000000,
    "grossProfit": 735000000,
    "grossProfitRatio": 0.2617521368,
    "researchAndDevelopmentExpenses": 33100000,
    "generalAndAdministrativeExpenses": 0,
    "sellingAndMarketingExpenses": 0,
    "sellingGeneralAndAdministrativeExpenses": 321700000,
    "otherExpenses": 312600000,
    "operatingExpenses": 667400000,
    "costAndExpenses": 2740400000,
    "interestIncome": 0,
    "interestExpense": 0,
    "depreciationAndAmortization": 226600000,
    "ebitda": 294200000,
    "ebitdaratio": 0.1047720798,
    "operatingIncome": 67600000,
    "operatingIncomeRatio": 0.0240740741,
    "totalOtherIncomeExpensesNet": 6900000,
    "incomeBeforeTax": 74500000,
    "incomeBeforeTaxRatio": 0.026531339,
    "incomeTaxExpense": 16100000,
    "netIncome": 70100000,
    "netIncomeRatio": 0.0249643875,
    "eps": 0.33,
    "epsdiluted": 0.32,
    "weightedAverageShsOut": 211200000,
    "weightedAverageShsOutDil": 218200000,
    "link": "https://www.sec.gov/Archives/edgar/data/2969/000095012308008306/0000950123-08-008306-index.htm",
    "finalLink": "https://www.sec.gov/Archives/edgar/data/2969/000095012308008306/y62539e10vq.htm"
  },
  {
    "date": "2008-03-31",
    "symbol": "APD",
    "reportedCurrency": "USD",
    "cik": "0000002969",
    "fillingDate": "2008-04-25",
    "acceptedDate": "2008-04-25 09:31:33",
    "calendarYear": "2008",
    "period": "Q2",
    "revenue": 2605300000,
    "costOfRevenue": 1903800000,
    "grossProfit": 701500000,
    "grossProfitRatio": 0.2692588186,
    "researchAndDevelopmentExpenses": 34300000,
    "generalAndAdministrativeExpenses": 0,
    "sellingAndMarketingExpenses": 0,
    "sellingGeneralAndAdministrativeExpenses": 311800000,
    "otherExpenses": 17200000,
    "operatingExpenses": 363300000,
    "costAndExpenses": 2267100000,
    "interestIncome": 0,
    "interestExpense": 0,
    "depreciationAndAmortization": 224100000,
    "ebitda": 562300000,
    "ebitdaratio": 0.2158292711,
    "operatingIncome": 338200000,
    "operatingIncomeRatio": 0.1298123057,
    "totalOtherIncomeExpensesNet": 3300000,
    "incomeBeforeTax": 341500000,
    "incomeBeforeTaxRatio": 0.1310789544,
    "incomeTaxExpense": 83900000,
    "netIncome": 314300000,
    "netIncomeRatio": 0.120638698,
    "eps": 1.48,
    "epsdiluted": 1.43,
    "weightedAverageShsOut": 212300000,
    "weightedAverageShsOutDil": 219200000,
    "link": "https://www.sec.gov/Archives/edgar/data/2969/000095012308004597/0000950123-08-004597-index.htm",
    "finalLink": "https://www.sec.gov/Archives/edgar/data/2969/000095012308004597/y55145e10vq.htm"
  },
  {
    "date": "2007-12-31",
    "symbol": "APD",
    "reportedCurrency": "USD",
    "cik": "0000002969",
    "fillingDate": "2008-01-25",
    "acceptedDate": "2008-01-25 08:59:27",
    "calendarYear": "2008",
    "period": "Q1",
    "revenue": 2473600000,
    "costOfRevenue": 1788500000,
    "grossProfit": 685100000,
    "grossProfitRatio": 0.2769647477,
    "researchAndDevelopmentExpenses": 30300000,
    "generalAndAdministrativeExpenses": 0,
    "sellingAndMarketingExpenses": 0,
    "sellingGeneralAndAdministrativeExpenses": 298200000,
    "otherExpenses": -15400000,
    "operatingExpenses": 313100000,
    "costAndExpenses": 2101600000,
    "interestIncome": 0,
    "interestExpense": 0,
    "depreciationAndAmortization": 218000000,
    "ebitda": 590000000,
    "ebitdaratio": 0.2385187581,
    "operatingIncome": 372000000,
    "operatingIncomeRatio": 0.1503880983,
    "totalOtherIncomeExpensesNet": -15700000,
    "incomeBeforeTax": 356300000,
    "incomeBeforeTaxRatio": 0.1440410737,
    "incomeTaxExpense": 93200000,
    "netIncome": 263700000,
    "netIncomeRatio": 0.1066057568,
    "eps": 1.23,
    "epsdiluted": 1.19,
    "weightedAverageShsOut": 214800000,
    "weightedAverageShsOutDil": 222300000,
    "link": "https://www.sec.gov/Archives/edgar/data/2969/000095012308000763/0000950123-08-000763-index.htm",
    "finalLink": "https://www.sec.gov/Archives/edgar/data/2969/000095012308000763/y46812e10vq.htm"
  },
  {
    "date": "2007-09-30",
    "symbol": "APD",
    "reportedCurrency": "USD",
    "cik": "0000002969",
    "fillingDate": "2007-11-28",
    "acceptedDate": "2007-11-28 16:04:28",
    "calendarYear": "2007",
    "period": "Q4",
    "revenue": 2537000000,
    "costOfRevenue": 1845100000,
    "grossProfit": 691900000,
    "grossProfitRatio": 0.2727236894,
    "researchAndDevelopmentExpenses": 34600000,
    "generalAndAdministrativeExpenses": 0,
    "sellingAndMarketingExpenses": 0,
    "sellingGeneralAndAdministrativeExpenses": 136300000,
    "otherExpenses": 0,
    "operatingExpenses": 987800000,
    "costAndExpenses": 2150900000,
    "interestIncome": 0,
    "interestExpense": 0,
    "depreciationAndAmortization": 224900000,
    "ebitda": 611000000,
    "ebitdaratio": 0.2408356326,
    "operatingIncome": 386100000,
    "operatingIncomeRatio": 0.1521876232,
    "totalOtherIncomeExpensesNet": -8300000,
    "incomeBeforeTax": 377800000,
    "incomeBeforeTaxRatio": 0.1489160426,
    "incomeTaxExpense": 69100000,
    "netIncome": 292800000,
    "netIncomeRatio": 0.1154119038,
    "eps": 1.36,
    "epsdiluted": 1.32,
    "weightedAverageShsOut": 214800000,
    "weightedAverageShsOutDil": 222300000,
    "link": "https://www.sec.gov/Archives/edgar/data/2969/000095012307016020/0000950123-07-016020-index.htm",
    "finalLink": "https://www.sec.gov/Archives/edgar/data/2969/000095012307016020/y41540e10vk.htm"
  },
  {
    "date": "2007-06-30",
    "symbol": "APD",
    "reportedCurrency": "USD",
    "cik": "0000002969",
    "fillingDate": "2007-07-27",
    "acceptedDate": "2007-07-27 08:38:04",
    "calendarYear": "2007",
    "period": "Q3",
    "revenue": 2416200000,
    "costOfRevenue": 1749500000,
    "grossProfit": 666700000,
    "grossProfitRatio": 0.2759291449,
    "researchAndDevelopmentExpenses": 33000000,
    "generalAndAdministrativeExpenses": 0,
    "sellingAndMarketingExpenses": 0,
    "sellingGeneralAndAdministrativeExpenses": 132900000,
    "otherExpenses": -7900000,
    "operatingExpenses": 314300000,
    "costAndExpenses": 2063800000,
    "interestIncome": 0,
    "interestExpense": 0,
    "depreciationAndAmortization": 179900000,
    "ebitda": 532300000,
    "ebitdaratio": 0.2203046105,
    "operatingIncome": 352400000,
    "operatingIncomeRatio": 0.1458488536,
    "totalOtherIncomeExpensesNet": -14700000,
    "incomeBeforeTax": 337700000,
    "incomeBeforeTaxRatio": 0.1397649201,
    "incomeTaxExpense": 62700000,
    "netIncome": 284900000,
    "netIncomeRatio": 0.1179124245,
    "eps": 1.32,
    "epsdiluted": 1.28,
    "weightedAverageShsOut": 216100000,
    "weightedAverageShsOutDil": 223100000,
    "link": "https://www.sec.gov/Archives/edgar/data/2969/000095012307010378/0000950123-07-010378-index.htm",
    "finalLink": "https://www.sec.gov/Archives/edgar/data/2969/000095012307010378/y37432e10vq.htm"
  },
  {
    "date": "2007-03-31",
    "symbol": "APD",
    "reportedCurrency": "USD",
    "cik": "0000002969",
    "fillingDate": "2007-04-27",
    "acceptedDate": "2007-04-27 10:45:20",
    "calendarYear": "2007",
    "period": "Q2",
    "revenue": 2473300000,
    "costOfRevenue": 1824400000,
    "grossProfit": 648900000,
    "grossProfitRatio": 0.2623620264,
    "researchAndDevelopmentExpenses": 35100000,
    "generalAndAdministrativeExpenses": 0,
    "sellingAndMarketingExpenses": 0,
    "sellingGeneralAndAdministrativeExpenses": 131000000,
    "otherExpenses": 1800000,
    "operatingExpenses": 324200000,
    "costAndExpenses": 2148600000,
    "interestIncome": 0,
    "interestExpense": 0,
    "depreciationAndAmortization": 210100000,
    "ebitda": 534800000,
    "ebitdaratio": 0.2162293292,
    "operatingIncome": 324700000,
    "operatingIncomeRatio": 0.1312820928,
    "totalOtherIncomeExpensesNet": -5400000,
    "incomeBeforeTax": 319300000,
    "incomeBeforeTaxRatio": 0.1290987749,
    "incomeTaxExpense": 84300000,
    "netIncome": 227600000,
    "netIncomeRatio": 0.0920228035,
    "eps": 1.05,
    "epsdiluted": 1.02,
    "weightedAverageShsOut": 216500000,
    "weightedAverageShsOutDil": 223400000,
    "link": "https://www.sec.gov/Archives/edgar/data/2969/000095012307006128/0000950123-07-006128-index.htm",
    "finalLink": "https://www.sec.gov/Archives/edgar/data/2969/000095012307006128/y33891e10vq.htm"
  },
  {
    "date": "2006-12-31",
    "symbol": "APD",
    "reportedCurrency": "USD",
    "cik": "0000002969",
    "fillingDate": "2007-01-26",
    "acceptedDate": "2007-01-26 08:21:11",
    "calendarYear": "2007",
    "period": "Q1",
    "revenue": 2267800000,
    "costOfRevenue": 1649700000,
    "grossProfit": 618100000,
    "grossProfitRatio": 0.272554899,
    "researchAndDevelopmentExpenses": 32100000,
    "generalAndAdministrativeExpenses": 0,
    "sellingAndMarketingExpenses": 0,
    "sellingGeneralAndAdministrativeExpenses": 113300000,
    "otherExpenses": -1000000,
    "operatingExpenses": 300700000,
    "costAndExpenses": 1950400000,
    "interestIncome": 0,
    "interestExpense": 0,
    "depreciationAndAmortization": 192100000,
    "ebitda": 509500000,
    "ebitdaratio": 0.2246670782,
    "operatingIncome": 317400000,
    "operatingIncomeRatio": 0.139959432,
    "totalOtherIncomeExpensesNet": -11800000,
    "incomeBeforeTax": 305600000,
    "incomeBeforeTaxRatio": 0.1347561513,
    "incomeTaxExpense": 85100000,
    "netIncome": 230300000,
    "netIncomeRatio": 0.1015521651,
    "eps": 1.06,
    "epsdiluted": 1.03,
    "weightedAverageShsOut": 216700000,
    "weightedAverageShsOutDil": 223400000,
    "link": "https://www.sec.gov/Archives/edgar/data/2969/000095012307000844/0000950123-07-000844-index.htm",
    "finalLink": "https://www.sec.gov/Archives/edgar/data/2969/000095012307000844/y29035e10vq.htm"
  },
  {
    "date": "2006-09-30",
    "symbol": "APD",
    "reportedCurrency": "USD",
    "cik": "0000002969",
    "fillingDate": "2006-12-13",
    "acceptedDate": "2006-12-13 09:14:20",
    "calendarYear": "2006",
    "period": "Q4",
    "revenue": 2115000000,
    "costOfRevenue": 1533900000,
    "grossProfit": 581100000,
    "grossProfitRatio": 0.274751773,
    "researchAndDevelopmentExpenses": 36800000,
    "generalAndAdministrativeExpenses": 0,
    "sellingAndMarketingExpenses": 0,
    "sellingGeneralAndAdministrativeExpenses": 266600000,
    "otherExpenses": 61700000,
    "operatingExpenses": 365100000,
    "costAndExpenses": 1899000000,
    "interestIncome": 0,
    "interestExpense": 0,
    "depreciationAndAmortization": 188900000,
    "ebitda": 404900000,
    "ebitdaratio": 0.1914420804,
    "operatingIncome": 216000000,
    "operatingIncomeRatio": 0.1021276596,
    "totalOtherIncomeExpensesNet": -8500000,
    "incomeBeforeTax": 207500000,
    "incomeBeforeTaxRatio": 0.098108747,
    "incomeTaxExpense": 47200000,
    "netIncome": 128400000,
    "netIncomeRatio": 0.0607092199,
    "eps": 0.59,
    "epsdiluted": 0.57,
    "weightedAverageShsOut": 216700000,
    "weightedAverageShsOutDil": 223400000,
    "link": "https://www.sec.gov/Archives/edgar/data/2969/000095012306015112/0000950123-06-015112-index.htm",
    "finalLink": "https://www.sec.gov/Archives/edgar/data/2969/000095012306015112/y27203e10vk.htm"
  },
  {
    "date": "2006-06-30",
    "symbol": "APD",
    "reportedCurrency": "USD",
    "cik": "0000002969",
    "fillingDate": "2006-07-28",
    "acceptedDate": "2006-07-28 08:44:28",
    "calendarYear": "2006",
    "period": "Q3",
    "revenue": 2319600000,
    "costOfRevenue": 1709500000,
    "grossProfit": 610100000,
    "grossProfitRatio": 0.2630194861,
    "researchAndDevelopmentExpenses": 39100000,
    "generalAndAdministrativeExpenses": 0,
    "sellingAndMarketingExpenses": 0,
    "sellingGeneralAndAdministrativeExpenses": 280000000,
    "otherExpenses": -280000000,
    "operatingExpenses": 39100000,
    "costAndExpenses": 2021500000,
    "interestIncome": 0,
    "interestExpense": 0,
    "depreciationAndAmortization": 195100000,
    "ebitda": 487000000,
    "ebitdaratio": 0.2099499914,
    "operatingIncome": 291900000,
    "operatingIncomeRatio": 0.1258406622,
    "totalOtherIncomeExpensesNet": -3500000,
    "incomeBeforeTax": 288400000,
    "incomeBeforeTaxRatio": 0.1243317813,
    "incomeTaxExpense": 75500000,
    "netIncome": 210300000,
    "netIncomeRatio": 0.0906621831,
    "eps": 0.94,
    "epsdiluted": 0.92,
    "weightedAverageShsOut": 223000000,
    "weightedAverageShsOutDil": 229200000,
    "link": "https://www.sec.gov/Archives/edgar/data/2969/000095012306009541/0000950123-06-009541-index.htm",
    "finalLink": "https://www.sec.gov/Archives/edgar/data/2969/000095012306009541/y23470e10vq.htm"
  },
  {
    "date": "2006-03-31",
    "symbol": "APD",
    "reportedCurrency": "USD",
    "cik": "0000002969",
    "fillingDate": "2006-04-28",
    "acceptedDate": "2006-04-28 12:01:36",
    "calendarYear": "2006",
    "period": "Q2",
    "revenue": 2317200000,
    "costOfRevenue": 1743600000,
    "grossProfit": 573600000,
    "grossProfitRatio": 0.2475401346,
    "researchAndDevelopmentExpenses": 37700000,
    "generalAndAdministrativeExpenses": 0,
    "sellingAndMarketingExpenses": 0,
    "sellingGeneralAndAdministrativeExpenses": 271800000,
    "otherExpenses": -30500000,
    "operatingExpenses": 279000000,
    "costAndExpenses": 2022600000,
    "interestIncome": 0,
    "interestExpense": 0,
    "depreciationAndAmortization": 185100000,
    "ebitda": 467700000,
    "ebitdaratio": 0.2018384257,
    "operatingIncome": 282600000,
    "operatingIncomeRatio": 0.121957535,
    "totalOtherIncomeExpensesNet": -1000000,
    "incomeBeforeTax": 283400000,
    "incomeBeforeTaxRatio": 0.1223027792,
    "incomeTaxExpense": 79400000,
    "netIncome": 204000000,
    "netIncomeRatio": 0.0880372864,
    "eps": 0.92,
    "epsdiluted": 0.89,
    "weightedAverageShsOut": 222800000,
    "weightedAverageShsOutDil": 228500000,
    "link": "https://www.sec.gov/Archives/edgar/data/2969/000095012306005392/0000950123-06-005392-index.htm",
    "finalLink": "https://www.sec.gov/Archives/edgar/data/2969/000095012306005392/y20108e10vq.htm"
  },
  {
    "date": "2005-12-31",
    "symbol": "APD",
    "reportedCurrency": "USD",
    "cik": "0000002969",
    "fillingDate": "2006-02-08",
    "acceptedDate": "2006-02-08 12:05:17",
    "calendarYear": "2006",
    "period": "Q1",
    "revenue": 2098600000,
    "costOfRevenue": 1571300000,
    "grossProfit": 527300000,
    "grossProfitRatio": 0.2512627466,
    "researchAndDevelopmentExpenses": 37800000,
    "generalAndAdministrativeExpenses": 0,
    "sellingAndMarketingExpenses": 0,
    "sellingGeneralAndAdministrativeExpenses": 250900000,
    "otherExpenses": -250900000,
    "operatingExpenses": 37800000,
    "costAndExpenses": 1846400000,
    "interestIncome": 0,
    "interestExpense": 0,
    "depreciationAndAmortization": 182500000,
    "ebitda": 436000000,
    "ebitdaratio": 0.2077575527,
    "operatingIncome": 253500000,
    "operatingIncomeRatio": 0.1207948156,
    "totalOtherIncomeExpensesNet": 1400000,
    "incomeBeforeTax": 255000000,
    "incomeBeforeTaxRatio": 0.1215095778,
    "incomeTaxExpense": 66800000,
    "netIncome": 180700000,
    "netIncomeRatio": 0.0861050224,
    "eps": 0.81,
    "epsdiluted": 0.8,
    "weightedAverageShsOut": 222000000,
    "weightedAverageShsOutDil": 227100000,
    "link": "https://www.sec.gov/Archives/edgar/data/2969/000095012306001284/0000950123-06-001284-index.htm",
    "finalLink": "https://www.sec.gov/Archives/edgar/data/2969/000095012306001284/y17150e10vq.htm"
  },
  {
    "date": "2005-09-30",
    "symbol": "APD",
    "reportedCurrency": "USD",
    "cik": "0000002969",
    "fillingDate": "2005-11-22",
    "acceptedDate": "2005-11-22 16:06:05",
    "calendarYear": "2005",
    "period": "Q4",
    "revenue": 2070800000,
    "costOfRevenue": 1535200000,
    "grossProfit": 535600000,
    "grossProfitRatio": 0.2586440023,
    "researchAndDevelopmentExpenses": 33200000,
    "generalAndAdministrativeExpenses": 0,
    "sellingAndMarketingExpenses": 0,
    "sellingGeneralAndAdministrativeExpenses": 242500000,
    "otherExpenses": -584200000,
    "operatingExpenses": 286400000,
    "costAndExpenses": 1821600000,
    "interestIncome": 0,
    "interestExpense": 0,
    "depreciationAndAmortization": 196500000,
    "ebitda": 445700000,
    "ebitdaratio": 0.2152308287,
    "operatingIncome": 249200000,
    "operatingIncomeRatio": 0.1203399652,
    "totalOtherIncomeExpensesNet": 1700000,
    "incomeBeforeTax": 244100000,
    "incomeBeforeTaxRatio": 0.1178771489,
    "incomeTaxExpense": 66300000,
    "netIncome": 179000000,
    "netIncomeRatio": 0.0864400232,
    "eps": 0.81,
    "epsdiluted": 0.79,
    "weightedAverageShsOut": 222000000,
    "weightedAverageShsOutDil": 227100000,
    "link": "https://www.sec.gov/Archives/edgar/data/2969/000095012305013994/0000950123-05-013994-index.htm",
    "finalLink": "https://www.sec.gov/Archives/edgar/data/2969/000095012305013994/y14674e10vk.htm"
  },
  {
    "date": "2005-06-30",
    "symbol": "APD",
    "reportedCurrency": "USD",
    "cik": "0000002969",
    "fillingDate": "2005-08-03",
    "acceptedDate": "2005-08-03 13:21:13",
    "calendarYear": "2005",
    "period": "Q3",
    "revenue": 2078400000,
    "costOfRevenue": 1531700000,
    "grossProfit": 546700000,
    "grossProfitRatio": 0.2630388761,
    "researchAndDevelopmentExpenses": 33300000,
    "generalAndAdministrativeExpenses": 0,
    "sellingAndMarketingExpenses": 0,
    "sellingGeneralAndAdministrativeExpenses": 246500000,
    "otherExpenses": 4100000,
    "operatingExpenses": 283900000,
    "costAndExpenses": 1815600000,
    "interestIncome": 0,
    "interestExpense": 0,
    "depreciationAndAmortization": 175300000,
    "ebitda": 438100000,
    "ebitdaratio": 0.210787144,
    "operatingIncome": 262800000,
    "operatingIncomeRatio": 0.126443418,
    "totalOtherIncomeExpensesNet": 400000,
    "incomeBeforeTax": 263200000,
    "incomeBeforeTaxRatio": 0.1266358737,
    "incomeTaxExpense": 64300000,
    "netIncome": 190600000,
    "netIncomeRatio": 0.0917051578,
    "eps": 0.84,
    "epsdiluted": 0.82,
    "weightedAverageShsOut": 226700000,
    "weightedAverageShsOutDil": 232400000,
    "link": "https://www.sec.gov/Archives/edgar/data/2969/000095012305009339/0000950123-05-009339-index.htm",
    "finalLink": "https://www.sec.gov/Archives/edgar/data/2969/000095012305009339/y11373e10vq.htm"
  },
  {
    "date": "2005-03-31",
    "symbol": "APD",
    "reportedCurrency": "USD",
    "cik": "0000002969",
    "fillingDate": "2005-04-27",
    "acceptedDate": "2005-04-27 08:49:23",
    "calendarYear": "2005",
    "period": "Q2",
    "revenue": 2003300000,
    "costOfRevenue": 1468900000,
    "grossProfit": 534400000,
    "grossProfitRatio": 0.2667598463,
    "researchAndDevelopmentExpenses": 33100000,
    "generalAndAdministrativeExpenses": 0,
    "sellingAndMarketingExpenses": 0,
    "sellingGeneralAndAdministrativeExpenses": 242600000,
    "otherExpenses": 6500000,
    "operatingExpenses": 282200000,
    "costAndExpenses": 1751100000,
    "interestIncome": 0,
    "interestExpense": 0,
    "depreciationAndAmortization": 177100000,
    "ebitda": 429300000,
    "ebitdaratio": 0.2142964109,
    "operatingIncome": 252200000,
    "operatingIncomeRatio": 0.1258922777,
    "totalOtherIncomeExpensesNet": -4600000,
    "incomeBeforeTax": 247600000,
    "incomeBeforeTaxRatio": 0.1235960665,
    "incomeTaxExpense": 67800000,
    "netIncome": 175300000,
    "netIncomeRatio": 0.0875056157,
    "eps": 0.77,
    "epsdiluted": 0.75,
    "weightedAverageShsOut": 228100000,
    "weightedAverageShsOutDil": 234300000,
    "link": "https://www.sec.gov/Archives/edgar/data/2969/000095012305005047/0000950123-05-005047-index.htm",
    "finalLink": "https://www.sec.gov/Archives/edgar/data/2969/000095012305005047/y08198e10vq.htm"
  },
  {
    "date": "2004-12-31",
    "symbol": "APD",
    "reportedCurrency": "USD",
    "cik": "0000002969",
    "fillingDate": "2005-02-08",
    "acceptedDate": "2005-02-08 07:54:17",
    "calendarYear": "2005",
    "period": "Q1",
    "revenue": 1991000000,
    "costOfRevenue": 1475500000,
    "grossProfit": 515500000,
    "grossProfitRatio": 0.258915118,
    "researchAndDevelopmentExpenses": 33100000,
    "generalAndAdministrativeExpenses": 0,
    "sellingAndMarketingExpenses": 0,
    "sellingGeneralAndAdministrativeExpenses": 238200000,
    "otherExpenses": 5900000,
    "operatingExpenses": 277200000,
    "costAndExpenses": 1752700000,
    "interestIncome": 0,
    "interestExpense": 0,
    "depreciationAndAmortization": 179400000,
    "ebitda": 417700000,
    "ebitdaratio": 0.2097940733,
    "operatingIncome": 238300000,
    "operatingIncomeRatio": 0.1196885987,
    "totalOtherIncomeExpensesNet": -2300000,
    "incomeBeforeTax": 236000000,
    "incomeBeforeTaxRatio": 0.1185334003,
    "incomeTaxExpense": 64900000,
    "netIncome": 166800000,
    "netIncomeRatio": 0.0837769965,
    "eps": 0.74,
    "epsdiluted": 0.72,
    "weightedAverageShsOut": 226400000,
    "weightedAverageShsOutDil": 232300000,
    "link": "https://www.sec.gov/Archives/edgar/data/2969/000095012305001290/0000950123-05-001290-index.htm",
    "finalLink": "https://www.sec.gov/Archives/edgar/data/2969/000095012305001290/y05369e10vq.htm"
  },
  {
    "date": "2004-09-30",
    "symbol": "APD",
    "reportedCurrency": "USD",
    "cik": "0000002969",
    "fillingDate": "2004-12-13",
    "acceptedDate": "2004-12-13 09:50:05",
    "calendarYear": "2004",
    "period": "Q4",
    "revenue": 1977500000,
    "costOfRevenue": 1475500000,
    "grossProfit": 502000000,
    "grossProfitRatio": 0.2538558786,
    "researchAndDevelopmentExpenses": 33600000,
    "generalAndAdministrativeExpenses": 0,
    "sellingAndMarketingExpenses": 0,
    "sellingGeneralAndAdministrativeExpenses": 230700000,
    "otherExpenses": 700000,
    "operatingExpenses": 265000000,
    "costAndExpenses": 1740500000,
    "interestIncome": 0,
    "interestExpense": 0,
    "depreciationAndAmortization": 199400000,
    "ebitda": 436400000,
    "ebitdaratio": 0.2206826802,
    "operatingIncome": 237000000,
    "operatingIncomeRatio": 0.1198482933,
    "totalOtherIncomeExpensesNet": -1300000,
    "incomeBeforeTax": 235700000,
    "incomeBeforeTaxRatio": 0.1191908976,
    "incomeTaxExpense": 57000000,
    "netIncome": 168100000,
    "netIncomeRatio": 0.0850063211,
    "eps": 0.74,
    "epsdiluted": -1.91,
    "weightedAverageShsOut": 226400000,
    "weightedAverageShsOutDil": 226400000,
    "link": "https://www.sec.gov/Archives/edgar/data/2969/000095012304014695/0000950123-04-014695-index.htm",
    "finalLink": "https://www.sec.gov/Archives/edgar/data/2969/000095012304014695/y68942e10vk.htm"
  },
  {
    "date": "2004-06-30",
    "symbol": "APD",
    "reportedCurrency": "USD",
    "cik": "0000002969",
    "fillingDate": "2004-07-28",
    "acceptedDate": "2004-07-28 07:22:34",
    "calendarYear": "2004",
    "period": "Q3",
    "revenue": 1892500000,
    "costOfRevenue": 1388300000,
    "grossProfit": 504200000,
    "grossProfitRatio": 0.2664200793,
    "researchAndDevelopmentExpenses": 31100000,
    "generalAndAdministrativeExpenses": 0,
    "sellingAndMarketingExpenses": 0,
    "sellingGeneralAndAdministrativeExpenses": 230500000,
    "otherExpenses": -4300000,
    "operatingExpenses": 270500000,
    "costAndExpenses": 1658800000,
    "interestIncome": 0,
    "interestExpense": 0,
    "depreciationAndAmortization": 173000000,
    "ebitda": 406700000,
    "ebitdaratio": 0.2149009247,
    "operatingIncome": 233700000,
    "operatingIncomeRatio": 0.1234874505,
    "totalOtherIncomeExpensesNet": -5300000,
    "incomeBeforeTax": 228400000,
    "incomeBeforeTaxRatio": 0.1206869221,
    "incomeTaxExpense": 63400000,
    "netIncome": 163000000,
    "netIncomeRatio": 0.0861294584,
    "eps": 0.73,
    "epsdiluted": 0.71,
    "weightedAverageShsOut": 224500000,
    "weightedAverageShsOutDil": 229400000,
    "link": "https://www.sec.gov/Archives/edgar/data/2969/000095012304008842/0000950123-04-008842-index.htm",
    "finalLink": "https://www.sec.gov/Archives/edgar/data/2969/000095012304008842/y99445e10vq.htm"
  },
  {
    "date": "2004-03-31",
    "symbol": "APD",
    "reportedCurrency": "USD",
    "cik": "0000002969",
    "fillingDate": "2004-05-13",
    "acceptedDate": "2004-05-13 10:49:08",
    "calendarYear": "2004",
    "period": "Q2",
    "revenue": 1856500000,
    "costOfRevenue": 1369600000,
    "grossProfit": 486900000,
    "grossProfitRatio": 0.2622677081,
    "researchAndDevelopmentExpenses": 32000000,
    "generalAndAdministrativeExpenses": 0,
    "sellingAndMarketingExpenses": 0,
    "sellingGeneralAndAdministrativeExpenses": 237200000,
    "otherExpenses": -5600000,
    "operatingExpenses": 276800000,
    "costAndExpenses": 1646400000,
    "interestIncome": 0,
    "interestExpense": 0,
    "depreciationAndAmortization": 176800000,
    "ebitda": 386700000,
    "ebitdaratio": 0.2082951791,
    "operatingIncome": 210100000,
    "operatingIncomeRatio": 0.1131699434,
    "totalOtherIncomeExpensesNet": -10300000,
    "incomeBeforeTax": 199800000,
    "incomeBeforeTaxRatio": 0.1076218691,
    "incomeTaxExpense": 54900000,
    "netIncome": 141200000,
    "netIncomeRatio": 0.0760570967,
    "eps": 0.63,
    "epsdiluted": 0.62,
    "weightedAverageShsOut": 223700000,
    "weightedAverageShsOutDil": 228800000,
    "link": "https://www.sec.gov/Archives/edgar/data/2969/000095012304006318/0000950123-04-006318-index.htm",
    "finalLink": "https://www.sec.gov/Archives/edgar/data/2969/000095012304006318/y97299e10vq.txt"
  },
  {
    "date": "2003-12-31",
    "symbol": "APD",
    "reportedCurrency": "USD",
    "cik": "0000002969",
    "fillingDate": "2004-02-12",
    "acceptedDate": "2004-02-12 08:47:54",
    "calendarYear": "2004",
    "period": "Q1",
    "revenue": 1684900000,
    "costOfRevenue": 1230200000,
    "grossProfit": 454700000,
    "grossProfitRatio": 0.2698676479,
    "researchAndDevelopmentExpenses": 30000000,
    "generalAndAdministrativeExpenses": 0,
    "sellingAndMarketingExpenses": 0,
    "sellingGeneralAndAdministrativeExpenses": 218200000,
    "otherExpenses": -5500000,
    "operatingExpenses": 255900000,
    "costAndExpenses": 1486100000,
    "interestIncome": 0,
    "interestExpense": 0,
    "depreciationAndAmortization": 170400000,
    "ebitda": 373200000,
    "ebitdaratio": 0.2214968247,
    "operatingIncome": 198800000,
    "operatingIncomeRatio": 0.1179891982,
    "totalOtherIncomeExpensesNet": -11300000,
    "incomeBeforeTax": 187500000,
    "incomeBeforeTaxRatio": 0.1112825687,
    "incomeTaxExpense": 51300000,
    "netIncome": 131800000,
    "netIncomeRatio": 0.078224227,
    "eps": 0.59,
    "epsdiluted": 0.58,
    "weightedAverageShsOut": 221900000,
    "weightedAverageShsOutDil": 227000000,
    "link": "https://www.sec.gov/Archives/edgar/data/2969/000095012304001625/0000950123-04-001625-index.htm",
    "finalLink": "https://www.sec.gov/Archives/edgar/data/2969/000095012304001625/y93948e10vq.txt"
  },
  {
    "date": "2003-09-30",
    "symbol": "APD",
    "reportedCurrency": "USD",
    "cik": "0000002969",
    "fillingDate": "2003-12-12",
    "acceptedDate": "2003-12-12 13:29:35",
    "calendarYear": "2003",
    "period": "Q4",
    "revenue": 1642300000,
    "costOfRevenue": 1178400000,
    "grossProfit": 463900000,
    "grossProfitRatio": 0.2824697071,
    "researchAndDevelopmentExpenses": 27900000,
    "generalAndAdministrativeExpenses": 0,
    "sellingAndMarketingExpenses": 0,
    "sellingGeneralAndAdministrativeExpenses": 194500000,
    "otherExpenses": 52500000,
    "operatingExpenses": 274900000,
    "costAndExpenses": 1453300000,
    "interestIncome": 0,
    "interestExpense": 0,
    "depreciationAndAmortization": 163100000,
    "ebitda": 352100000,
    "ebitdaratio": 0.2143944468,
    "operatingIncome": 189000000,
    "operatingIncomeRatio": 0.1150825062,
    "totalOtherIncomeExpensesNet": -4600000,
    "incomeBeforeTax": 184400000,
    "incomeBeforeTaxRatio": 0.1122815564,
    "incomeTaxExpense": 46300000,
    "netIncome": 131300000,
    "netIncomeRatio": 0.0799488522,
    "eps": 0.59,
    "epsdiluted": 0.58,
    "weightedAverageShsOut": 221900000,
    "weightedAverageShsOutDil": 227000000,
    "link": "https://www.sec.gov/Archives/edgar/data/2969/000095012303013730/0000950123-03-013730-index.htm",
    "finalLink": "https://www.sec.gov/Archives/edgar/data/2969/000095012303013730/y92114e10vk.txt"
  },
  {
    "date": "2003-06-30",
    "symbol": "APD",
    "reportedCurrency": "USD",
    "cik": "0000002969",
    "fillingDate": "2003-08-13",
    "acceptedDate": "2003-08-13 15:58:56",
    "calendarYear": "2003",
    "period": "Q3",
    "revenue": 1629900000,
    "costOfRevenue": 1225400000,
    "grossProfit": 404500000,
    "grossProfitRatio": 0.2481747346,
    "researchAndDevelopmentExpenses": 32100000,
    "generalAndAdministrativeExpenses": 0,
    "sellingAndMarketingExpenses": 0,
    "sellingGeneralAndAdministrativeExpenses": 243400000,
    "otherExpenses": 89000000,
    "operatingExpenses": 364500000,
    "costAndExpenses": 1589900000,
    "interestIncome": 0,
    "interestExpense": 0,
    "depreciationAndAmortization": 164700000,
    "ebitda": 204700000,
    "ebitdaratio": 0.125590527,
    "operatingIncome": 40000000,
    "operatingIncomeRatio": 0.0245413829,
    "totalOtherIncomeExpensesNet": -12500000,
    "incomeBeforeTax": 27500000,
    "incomeBeforeTaxRatio": 0.0168722007,
    "incomeTaxExpense": -2900000,
    "netIncome": 26600000,
    "netIncomeRatio": 0.0163200196,
    "eps": 0.12,
    "epsdiluted": 0.12,
    "weightedAverageShsOut": 219700000,
    "weightedAverageShsOutDil": 223300000,
    "link": "https://www.sec.gov/Archives/edgar/data/2969/000095012303009382/0000950123-03-009382-index.htm",
    "finalLink": "https://www.sec.gov/Archives/edgar/data/2969/000095012303009382/y89084e10vq.txt"
  },
  {
    "date": "2003-03-31",
    "symbol": "APD",
    "reportedCurrency": "USD",
    "cik": "0000002969",
    "fillingDate": "2003-05-14",
    "acceptedDate": "2003-05-14 15:45:30",
    "calendarYear": "2003",
    "period": "Q2",
    "revenue": 1578100000,
    "costOfRevenue": 1176300000,
    "grossProfit": 401800000,
    "grossProfitRatio": 0.254609974,
    "researchAndDevelopmentExpenses": 31100000,
    "generalAndAdministrativeExpenses": 0,
    "sellingAndMarketingExpenses": 0,
    "sellingGeneralAndAdministrativeExpenses": 203900000,
    "otherExpenses": -12200000,
    "operatingExpenses": 222800000,
    "costAndExpenses": 1399100000,
    "interestIncome": 0,
    "interestExpense": 0,
    "depreciationAndAmortization": 156400000,
    "ebitda": 332700000,
    "ebitdaratio": 0.2108231418,
    "operatingIncome": 176300000,
    "operatingIncomeRatio": 0.1117166213,
    "totalOtherIncomeExpensesNet": -13400000,
    "incomeBeforeTax": 162900000,
    "incomeBeforeTaxRatio": 0.1032253976,
    "incomeTaxExpense": 48700000,
    "netIncome": 113600000,
    "netIncomeRatio": 0.0719852988,
    "eps": 0.52,
    "epsdiluted": 0.51,
    "weightedAverageShsOut": 219200000,
    "weightedAverageShsOutDil": 222500000,
    "link": "https://www.sec.gov/Archives/edgar/data/2969/000095012303005925/0000950123-03-005925-index.htm",
    "finalLink": "https://www.sec.gov/Archives/edgar/data/2969/000095012303005925/y86373e10vq.txt"
  },
  {
    "date": "2002-12-31",
    "symbol": "APD",
    "reportedCurrency": "USD",
    "cik": "0000002969",
    "fillingDate": "2003-02-13",
    "acceptedDate": "2003-02-13 15:46:56",
    "calendarYear": "2003",
    "period": "Q1",
    "revenue": 1447000000,
    "costOfRevenue": 1033000000,
    "grossProfit": 414000000,
    "grossProfitRatio": 0.2861091914,
    "researchAndDevelopmentExpenses": 30000000,
    "generalAndAdministrativeExpenses": 0,
    "sellingAndMarketingExpenses": 0,
    "sellingGeneralAndAdministrativeExpenses": 190800000,
    "otherExpenses": -3300000,
    "operatingExpenses": 217500000,
    "costAndExpenses": 1250500000,
    "interestIncome": 0,
    "interestExpense": 0,
    "depreciationAndAmortization": 156000000,
    "ebitda": 350000000,
    "ebitdaratio": 0.2418797512,
    "operatingIncome": 194000000,
    "operatingIncomeRatio": 0.1340704907,
    "totalOtherIncomeExpensesNet": -3400000,
    "incomeBeforeTax": 190600000,
    "incomeBeforeTaxRatio": 0.1317208017,
    "incomeTaxExpense": 55100000,
    "netIncome": 125800000,
    "netIncomeRatio": 0.0869384934,
    "eps": 0.57,
    "epsdiluted": 0.57,
    "weightedAverageShsOut": 218800000,
    "weightedAverageShsOutDil": 223000000,
    "link": "https://www.sec.gov/Archives/edgar/data/2969/000095012303001429/0000950123-03-001429-index.htm",
    "finalLink": "https://www.sec.gov/Archives/edgar/data/2969/000095012303001429/y83407e10vq.htm"
  },
  {
    "date": "2002-09-30",
    "symbol": "APD",
    "reportedCurrency": "USD",
    "cik": "0000002969",
    "fillingDate": "2002-12-13",
    "acceptedDate": "2002-12-13 12:06:56",
    "calendarYear": "2002",
    "period": "Q4",
    "revenue": 1398000000,
    "costOfRevenue": 971600000,
    "grossProfit": 426400000,
    "grossProfitRatio": 0.3050071531,
    "researchAndDevelopmentExpenses": 30200000,
    "generalAndAdministrativeExpenses": 0,
    "sellingAndMarketingExpenses": 0,
    "sellingGeneralAndAdministrativeExpenses": 183800000,
    "otherExpenses": -8400000,
    "operatingExpenses": 205600000,
    "costAndExpenses": 1177200000,
    "interestIncome": 0,
    "interestExpense": 0,
    "depreciationAndAmortization": 157100000,
    "ebitda": 377900000,
    "ebitdaratio": 0.2703147353,
    "operatingIncome": 220800000,
    "operatingIncomeRatio": 0.1579399142,
    "totalOtherIncomeExpensesNet": -8900000,
    "incomeBeforeTax": 211900000,
    "incomeBeforeTaxRatio": 0.1515736767,
    "incomeTaxExpense": 61800000,
    "netIncome": 144300000,
    "netIncomeRatio": 0.1032188841,
    "eps": 0.66,
    "epsdiluted": 0.65,
    "weightedAverageShsOut": 218800000,
    "weightedAverageShsOutDil": 223000000,
    "link": "https://www.sec.gov/Archives/edgar/data/2969/000000296902000029/0000002969-02-000029-index.htm",
    "finalLink": "https://www.sec.gov/Archives/edgar/data/2969/000000296902000029/form10kdec1302.txt"
  },
  {
    "date": "2002-06-30",
    "symbol": "APD",
    "reportedCurrency": "USD",
    "cik": "0000002969",
    "fillingDate": "2002-08-13",
    "acceptedDate": "2002-08-13 14:28:20",
    "calendarYear": "2002",
    "period": "Q3",
    "revenue": 1374000000,
    "costOfRevenue": 976700000,
    "grossProfit": 397300000,
    "grossProfitRatio": 0.2891557496,
    "researchAndDevelopmentExpenses": 31900000,
    "generalAndAdministrativeExpenses": 0,
    "sellingAndMarketingExpenses": 0,
    "sellingGeneralAndAdministrativeExpenses": 172900000,
    "otherExpenses": -22600000,
    "operatingExpenses": 182200000,
    "costAndExpenses": 1158900000,
    "interestIncome": 0,
    "interestExpense": 0,
    "depreciationAndAmortization": 148200000,
    "ebitda": 363300000,
    "ebitdaratio": 0.2644104803,
    "operatingIncome": 215100000,
    "operatingIncomeRatio": 0.1565502183,
    "totalOtherIncomeExpensesNet": -9800000,
    "incomeBeforeTax": 205300000,
    "incomeBeforeTaxRatio": 0.1494177584,
    "incomeTaxExpense": 60600000,
    "netIncome": 141300000,
    "netIncomeRatio": 0.1028384279,
    "eps": 0.65,
    "epsdiluted": 0.63,
    "weightedAverageShsOut": 218000000,
    "weightedAverageShsOutDil": 224700000,
    "link": "https://www.sec.gov/Archives/edgar/data/2969/000000296902000019/0000002969-02-000019-index.htm",
    "finalLink": "https://www.sec.gov/Archives/edgar/data/2969/000000296902000019/form10q0813-02.txt"
  },
  {
    "date": "2002-03-31",
    "symbol": "APD",
    "reportedCurrency": "USD",
    "cik": "0000002969",
    "fillingDate": "2002-05-03",
    "acceptedDate": "2002-05-03 14:57:01",
    "calendarYear": "2002",
    "period": "Q2",
    "revenue": 1312700000,
    "costOfRevenue": 942300000,
    "grossProfit": 370400000,
    "grossProfitRatio": 0.282166527,
    "researchAndDevelopmentExpenses": 28100000,
    "generalAndAdministrativeExpenses": 0,
    "sellingAndMarketingExpenses": 0,
    "sellingGeneralAndAdministrativeExpenses": 189100000,
    "otherExpenses": -1600000,
    "operatingExpenses": 215600000,
    "costAndExpenses": 1157900000,
    "interestIncome": 0,
    "interestExpense": 0,
    "depreciationAndAmortization": 136400000,
    "ebitda": 291200000,
    "ebitdaratio": 0.2218328636,
    "operatingIncome": 154800000,
    "operatingIncomeRatio": 0.1179248876,
    "totalOtherIncomeExpensesNet": 45000000,
    "incomeBeforeTax": 199800000,
    "incomeBeforeTaxRatio": 0.1522053782,
    "incomeTaxExpense": 69600000,
    "netIncome": 126100000,
    "netIncomeRatio": 0.0960615525,
    "eps": 0.58,
    "epsdiluted": 0.57,
    "weightedAverageShsOut": 216600000,
    "weightedAverageShsOutDil": 222900000,
    "link": "https://www.sec.gov/Archives/edgar/data/2969/000000296902000010/0000002969-02-000010-index.htm",
    "finalLink": "https://www.sec.gov/Archives/edgar/data/2969/000000296902000010/form10q050302.txt"
  },
  {
    "date": "2001-12-31",
    "symbol": "APD",
    "reportedCurrency": "USD",
    "cik": "0000002969",
    "fillingDate": "2002-02-13",
    "acceptedDate": "2002-02-13 00:00:00",
    "calendarYear": "2002",
    "period": "Q1",
    "revenue": 1316500000,
    "costOfRevenue": 937100000,
    "grossProfit": 379400000,
    "grossProfitRatio": 0.2881883783,
    "researchAndDevelopmentExpenses": 30400000,
    "generalAndAdministrativeExpenses": 0,
    "sellingAndMarketingExpenses": 0,
    "sellingGeneralAndAdministrativeExpenses": 169300000,
    "otherExpenses": -4500000,
    "operatingExpenses": 195200000,
    "costAndExpenses": 1132300000,
    "interestIncome": 0,
    "interestExpense": 0,
    "depreciationAndAmortization": 139300000,
    "ebitda": 323500000,
    "ebitdaratio": 0.2457273073,
    "operatingIncome": 184200000,
    "operatingIncomeRatio": 0.1399164451,
    "totalOtherIncomeExpensesNet": -16700000,
    "incomeBeforeTax": 167500000,
    "incomeBeforeTaxRatio": 0.1272312951,
    "incomeTaxExpense": 48800000,
    "netIncome": 113700000,
    "netIncomeRatio": 0.0863653627,
    "eps": 0.53,
    "epsdiluted": 0.52,
    "weightedAverageShsOut": 215700000,
    "weightedAverageShsOutDil": 220600000,
    "link": "https://www.sec.gov/Archives/edgar/data/2969/000095012302001455/0000950123-02-001455-index.htm",
    "finalLink": "https://www.sec.gov/Archives/edgar/data/2969/000095012302001455/y57325e10-q.txt"
  },
  {
    "date": "2001-09-30",
    "symbol": "APD",
    "reportedCurrency": "USD",
    "cik": "0000002969",
    "fillingDate": "2001-12-14",
    "acceptedDate": "2001-12-14 00:00:00",
    "calendarYear": "2001",
    "period": "Q4",
    "revenue": 1361700000,
    "costOfRevenue": 968500000,
    "grossProfit": 393200000,
    "grossProfitRatio": 0.2887567012,
    "researchAndDevelopmentExpenses": 32200000,
    "generalAndAdministrativeExpenses": 0,
    "sellingAndMarketingExpenses": 0,
    "sellingGeneralAndAdministrativeExpenses": 215800000,
    "otherExpenses": 6900000,
    "operatingExpenses": 254900000,
    "costAndExpenses": 1223400000,
    "interestIncome": 0,
    "interestExpense": 0,
    "depreciationAndAmortization": 139400000,
    "ebitda": 277700000,
    "ebitdaratio": 0.2039362562,
    "operatingIncome": 138300000,
    "operatingIncomeRatio": 0.1015642212,
    "totalOtherIncomeExpensesNet": 79400000,
    "incomeBeforeTax": 217700000,
    "incomeBeforeTaxRatio": 0.1598736873,
    "incomeTaxExpense": 66900000,
    "netIncome": 197700000,
    "netIncomeRatio": 0.1451861644,
    "eps": 0.92,
    "epsdiluted": 0.9,
    "weightedAverageShsOut": 215700000,
    "weightedAverageShsOutDil": 220600000,
    "link": "https://www.sec.gov/Archives/edgar/data/2969/000000296901500028/0000002969-01-500028-index.htm",
    "finalLink": "https://www.sec.gov/Archives/edgar/data/2969/000000296901500028/form10k1201.txt"
  },
  {
    "date": "2001-06-30",
    "symbol": "APD",
    "reportedCurrency": "USD",
    "cik": "0000002969",
    "fillingDate": "2001-08-10",
    "acceptedDate": "2001-08-10 00:00:00",
    "calendarYear": "2001",
    "period": "Q3",
    "revenue": 1415900000,
    "costOfRevenue": 1004300000,
    "grossProfit": 411600000,
    "grossProfitRatio": 0.2906984957,
    "researchAndDevelopmentExpenses": 31000000,
    "generalAndAdministrativeExpenses": 0,
    "sellingAndMarketingExpenses": 0,
    "sellingGeneralAndAdministrativeExpenses": 173300000,
    "otherExpenses": -8100000,
    "operatingExpenses": 196200000,
    "costAndExpenses": 1200500000,
    "interestIncome": 0,
    "interestExpense": 0,
    "depreciationAndAmortization": 141900000,
    "ebitda": 357300000,
    "ebitdaratio": 0.2523483297,
    "operatingIncome": 215400000,
    "operatingIncomeRatio": 0.1521293877,
    "totalOtherIncomeExpensesNet": -26900000,
    "incomeBeforeTax": 188500000,
    "incomeBeforeTaxRatio": 0.1331308708,
    "incomeTaxExpense": 53800000,
    "netIncome": 132300000,
    "netIncomeRatio": 0.0934388022,
    "eps": 0.62,
    "epsdiluted": 0.6,
    "weightedAverageShsOut": 214900000,
    "weightedAverageShsOutDil": 220500000,
    "link": "https://www.sec.gov/Archives/edgar/data/2969/000000296901500015/0000002969-01-500015-index.htm",
    "finalLink": "https://www.sec.gov/Archives/edgar/data/2969/000000296901500015/form10q.txt"
  },
  {
    "date": "2001-03-31",
    "symbol": "APD",
    "reportedCurrency": "USD",
    "cik": "0000002969",
    "fillingDate": "2001-05-11",
    "acceptedDate": "2001-05-11 00:00:00",
    "calendarYear": "2001",
    "period": "Q2",
    "revenue": 1498300000,
    "costOfRevenue": 1104800000,
    "grossProfit": 393500000,
    "grossProfitRatio": 0.2626309818,
    "researchAndDevelopmentExpenses": 30800000,
    "generalAndAdministrativeExpenses": 0,
    "sellingAndMarketingExpenses": 0,
    "sellingGeneralAndAdministrativeExpenses": 189500000,
    "otherExpenses": 9000000,
    "operatingExpenses": 229300000,
    "costAndExpenses": 1334100000,
    "interestIncome": 0,
    "interestExpense": 0,
    "depreciationAndAmortization": 143300000,
    "ebitda": 307500000,
    "ebitdaratio": 0.2052325969,
    "operatingIncome": 164200000,
    "operatingIncomeRatio": 0.1095908697,
    "totalOtherIncomeExpensesNet": -33000000,
    "incomeBeforeTax": 130800000,
    "incomeBeforeTaxRatio": 0.0872989388,
    "incomeTaxExpense": 36600000,
    "netIncome": 94600000,
    "netIncomeRatio": 0.0631382233,
    "eps": 0.44,
    "epsdiluted": 0.43,
    "weightedAverageShsOut": 214500000,
    "weightedAverageShsOutDil": 218900000,
    "link": "https://www.sec.gov/Archives/edgar/data/2969/000000296901500009/0000002969-01-500009-index.htm",
    "finalLink": "https://www.sec.gov/Archives/edgar/data/2969/000000296901500009/form10q.txt"
  },
  {
    "date": "2000-12-31",
    "symbol": "APD",
    "reportedCurrency": "USD",
    "cik": "0000002969",
    "fillingDate": "2001-02-13",
    "acceptedDate": "2001-02-13 00:00:00",
    "calendarYear": "2001",
    "period": "Q1",
    "revenue": 1441300000,
    "costOfRevenue": 1025100000,
    "grossProfit": 416200000,
    "grossProfitRatio": 0.2887670853,
    "researchAndDevelopmentExpenses": 28500000,
    "generalAndAdministrativeExpenses": 0,
    "sellingAndMarketingExpenses": 0,
    "sellingGeneralAndAdministrativeExpenses": 173500000,
    "otherExpenses": -13300000,
    "operatingExpenses": 188700000,
    "costAndExpenses": 1213800000,
    "interestIncome": 0,
    "interestExpense": 0,
    "depreciationAndAmortization": 148400000,
    "ebitda": 375900000,
    "ebitdaratio": 0.2608062166,
    "operatingIncome": 227500000,
    "operatingIncomeRatio": 0.1578436134,
    "totalOtherIncomeExpensesNet": -27500000,
    "incomeBeforeTax": 200000000,
    "incomeBeforeTaxRatio": 0.1387636162,
    "incomeTaxExpense": 61700000,
    "netIncome": 135600000,
    "netIncomeRatio": 0.0940817318,
    "eps": 0.63,
    "epsdiluted": 0.62,
    "weightedAverageShsOut": 214400000,
    "weightedAverageShsOutDil": 217900000,
    "link": "https://www.sec.gov/Archives/edgar/data/2969/000000296901000006/0000002969-01-000006-index.htm",
    "finalLink": "https://www.sec.gov/Archives/edgar/data/2969/000000296901000006/0000002969-01-000006-0001.txt"
  },
  {
    "date": "2000-09-30",
    "symbol": "APD",
    "reportedCurrency": "USD",
    "cik": "0000002969",
    "fillingDate": "2000-12-18",
    "acceptedDate": "2000-12-18 00:00:00",
    "calendarYear": "2000",
    "period": "Q4",
    "revenue": 1449100000,
    "costOfRevenue": 1029200000,
    "grossProfit": 419900000,
    "grossProfitRatio": 0.2897660617,
    "researchAndDevelopmentExpenses": 32100000,
    "generalAndAdministrativeExpenses": 0,
    "sellingAndMarketingExpenses": 0,
    "sellingGeneralAndAdministrativeExpenses": 177500000,
    "otherExpenses": -19000000,
    "operatingExpenses": 190600000,
    "costAndExpenses": 1219800000,
    "interestIncome": 0,
    "interestExpense": 0,
    "depreciationAndAmortization": 149000000,
    "ebitda": 378300000,
    "ebitdaratio": 0.2610585881,
    "operatingIncome": 229300000,
    "operatingIncomeRatio": 0.1582361466,
    "totalOtherIncomeExpensesNet": 96700000,
    "incomeBeforeTax": 326000000,
    "incomeBeforeTaxRatio": 0.224967221,
    "incomeTaxExpense": 106500000,
    "netIncome": 218500000,
    "netIncomeRatio": 0.1507832448,
    "eps": 1.02,
    "epsdiluted": 1,
    "weightedAverageShsOut": 214400000,
    "weightedAverageShsOutDil": 217900000,
    "link": "https://www.sec.gov/Archives/edgar/data/2969/000000296900000038/0000002969-00-000038-index.htm",
    "finalLink": "https://www.sec.gov/Archives/edgar/data/2969/000000296900000038/0000002969-00-000038-0001.txt"
  },
  {
    "date": "2000-06-30",
    "symbol": "APD",
    "reportedCurrency": "USD",
    "cik": "0000002969",
    "fillingDate": "2000-08-11",
    "acceptedDate": "2000-08-11 00:00:00",
    "calendarYear": "2000",
    "period": "Q3",
    "revenue": 1406400000,
    "costOfRevenue": 993700000,
    "grossProfit": 412700000,
    "grossProfitRatio": 0.2934442548,
    "researchAndDevelopmentExpenses": 32300000,
    "generalAndAdministrativeExpenses": 0,
    "sellingAndMarketingExpenses": 0,
    "sellingGeneralAndAdministrativeExpenses": 189500000,
    "otherExpenses": 4500000,
    "operatingExpenses": 226300000,
    "costAndExpenses": 1220000000,
    "interestIncome": 0,
    "interestExpense": 0,
    "depreciationAndAmortization": 150400000,
    "ebitda": 336800000,
    "ebitdaratio": 0.239476678,
    "operatingIncome": 186400000,
    "operatingIncomeRatio": 0.1325369738,
    "totalOtherIncomeExpensesNet": -515000000,
    "incomeBeforeTax": -328600000,
    "incomeBeforeTaxRatio": -0.2336461889,
    "incomeTaxExpense": -137600000,
    "netIncome": -192500000,
    "netIncomeRatio": -0.136874289,
    "eps": -0.9,
    "epsdiluted": -0.9,
    "weightedAverageShsOut": 213400000,
    "weightedAverageShsOutDil": 213400000,
    "link": "https://www.sec.gov/Archives/edgar/data/2969/000000296900000022/0000002969-00-000022-index.htm",
    "finalLink": "https://www.sec.gov/Archives/edgar/data/2969/000000296900000022/0000002969-00-000022-0001.txt"
  },
  {
    "date": "2000-03-31",
    "symbol": "APD",
    "reportedCurrency": "USD",
    "cik": "0000002969",
    "fillingDate": "2000-05-12",
    "acceptedDate": "2000-05-12 00:00:00",
    "calendarYear": "2000",
    "period": "Q2",
    "revenue": 1347200000,
    "costOfRevenue": 925600000,
    "grossProfit": 421600000,
    "grossProfitRatio": 0.3129453682,
    "researchAndDevelopmentExpenses": 29900000,
    "generalAndAdministrativeExpenses": 0,
    "sellingAndMarketingExpenses": 0,
    "sellingGeneralAndAdministrativeExpenses": 179900000,
    "otherExpenses": -7100000,
    "operatingExpenses": 202700000,
    "costAndExpenses": 1128300000,
    "interestIncome": 0,
    "interestExpense": 0,
    "depreciationAndAmortization": 144600000,
    "ebitda": 363500000,
    "ebitdaratio": 0.2698188836,
    "operatingIncome": 218900000,
    "operatingIncomeRatio": 0.1624851544,
    "totalOtherIncomeExpensesNet": -160200000,
    "incomeBeforeTax": 58700000,
    "incomeBeforeTaxRatio": 0.0435718527,
    "incomeTaxExpense": 8300000,
    "netIncome": 47600000,
    "netIncomeRatio": 0.0353325416,
    "eps": 0.22,
    "epsdiluted": 0.22,
    "weightedAverageShsOut": 213300000,
    "weightedAverageShsOutDil": 215400000,
    "link": "https://www.sec.gov/Archives/edgar/data/2969/000000296900000015/0000002969-00-000015-index.html",
    "finalLink": "https://www.sec.gov/Archives/edgar/data/2969/000000296900000015/"
  },
  {
    "date": "1999-12-31",
    "symbol": "APD",
    "reportedCurrency": "USD",
    "cik": "0000002969",
    "fillingDate": "2000-02-11",
    "acceptedDate": "2000-02-11 00:00:00",
    "calendarYear": "2000",
    "period": "Q1",
    "revenue": 1264400000,
    "costOfRevenue": 877100000,
    "grossProfit": 387300000,
    "grossProfitRatio": 0.3063112939,
    "researchAndDevelopmentExpenses": 30100000,
    "generalAndAdministrativeExpenses": 0,
    "sellingAndMarketingExpenses": 0,
    "sellingGeneralAndAdministrativeExpenses": 167800000,
    "otherExpenses": -6800000,
    "operatingExpenses": 191100000,
    "costAndExpenses": 1068200000,
    "interestIncome": 0,
    "interestExpense": 0,
    "depreciationAndAmortization": 131700000,
    "ebitda": 327900000,
    "ebitdaratio": 0.2593324897,
    "operatingIncome": 196200000,
    "operatingIncomeRatio": 0.1551724138,
    "totalOtherIncomeExpensesNet": -134200000,
    "incomeBeforeTax": 62000000,
    "incomeBeforeTaxRatio": 0.0490351155,
    "incomeTaxExpense": 9100000,
    "netIncome": 50600000,
    "netIncomeRatio": 0.0400189813,
    "eps": 0.24,
    "epsdiluted": 0.23,
    "weightedAverageShsOut": 213200000,
    "weightedAverageShsOutDil": 215500000,
    "link": "https://www.sec.gov/Archives/edgar/data/2969/000000296900000006/0000002969-00-000006-index.html",
    "finalLink": "https://www.sec.gov/Archives/edgar/data/2969/000000296900000006/"
  },
  {
    "date": "1999-09-30",
    "symbol": "APD",
    "reportedCurrency": "USD",
    "cik": "0000002969",
    "fillingDate": "1999-12-16",
    "acceptedDate": "1999-12-16 00:00:00",
    "calendarYear": "1999",
    "period": "Q4",
    "revenue": 1254400000,
    "costOfRevenue": 877300000,
    "grossProfit": 377100000,
    "grossProfitRatio": 0.3006218112,
    "researchAndDevelopmentExpenses": 32700000,
    "generalAndAdministrativeExpenses": 0,
    "sellingAndMarketingExpenses": 0,
    "sellingGeneralAndAdministrativeExpenses": 166500000,
    "otherExpenses": -7400000,
    "operatingExpenses": 191800000,
    "costAndExpenses": 1069100000,
    "interestIncome": 0,
    "interestExpense": 0,
    "depreciationAndAmortization": 140400000,
    "ebitda": 325700000,
    "ebitdaratio": 0.2596460459,
    "operatingIncome": 185300000,
    "operatingIncomeRatio": 0.1477200255,
    "totalOtherIncomeExpensesNet": -5800000,
    "incomeBeforeTax": 179500000,
    "incomeBeforeTaxRatio": 0.143096301,
    "incomeTaxExpense": 54000000,
    "netIncome": 122600000,
    "netIncomeRatio": 0.0977359694,
    "eps": 0.56,
    "epsdiluted": 0.57,
    "weightedAverageShsOut": 213200000,
    "weightedAverageShsOutDil": 215500000,
    "link": "https://www.sec.gov/Archives/edgar/data/2969/000000296999000034/0000002969-99-000034-index.html",
    "finalLink": "https://www.sec.gov/Archives/edgar/data/2969/000000296999000034/"
  },
  {
    "date": "1999-06-30",
    "symbol": "APD",
    "reportedCurrency": "USD",
    "cik": "0000002969",
    "fillingDate": "1999-08-12",
    "acceptedDate": "1999-08-12 00:00:00",
    "calendarYear": "1999",
    "period": "Q3",
    "revenue": 1237800000,
    "costOfRevenue": 871100000,
    "grossProfit": 366700000,
    "grossProfitRatio": 0.2962514138,
    "researchAndDevelopmentExpenses": 29400000,
    "generalAndAdministrativeExpenses": 0,
    "sellingAndMarketingExpenses": 0,
    "sellingGeneralAndAdministrativeExpenses": 172600000,
    "otherExpenses": 125500000,
    "operatingExpenses": 327500000,
    "costAndExpenses": 1070100000,
    "interestIncome": 0,
    "interestExpense": 0,
    "depreciationAndAmortization": 125500000,
    "ebitda": 290300000,
    "ebitdaratio": 0.2345290031,
    "operatingIncome": 164800000,
    "operatingIncomeRatio": 0.1331394409,
    "totalOtherIncomeExpensesNet": -25800000,
    "incomeBeforeTax": 139000000,
    "incomeBeforeTaxRatio": 0.112296009,
    "incomeTaxExpense": 44400000,
    "netIncome": 94600000,
    "netIncomeRatio": 0.0764259169,
    "eps": 0.45,
    "epsdiluted": 0.44,
    "weightedAverageShsOut": 212500000,
    "weightedAverageShsOutDil": 217000000,
    "link": "https://www.sec.gov/Archives/edgar/data/2969/000000296999000026/0000002969-99-000026-index.html",
    "finalLink": "https://www.sec.gov/Archives/edgar/data/2969/000000296999000026/"
  },
  {
    "date": "1999-03-31",
    "symbol": "APD",
    "reportedCurrency": "USD",
    "cik": "0000002969",
    "fillingDate": "1999-05-12",
    "acceptedDate": "1999-05-12 00:00:00",
    "calendarYear": "1999",
    "period": "Q2",
    "revenue": 1253300000,
    "costOfRevenue": 877500000,
    "grossProfit": 375800000,
    "grossProfitRatio": 0.2998484002,
    "researchAndDevelopmentExpenses": 29300000,
    "generalAndAdministrativeExpenses": 0,
    "sellingAndMarketingExpenses": 0,
    "sellingGeneralAndAdministrativeExpenses": 168300000,
    "otherExpenses": 133500000,
    "operatingExpenses": 331100000,
    "costAndExpenses": 1070600000,
    "interestIncome": 0,
    "interestExpense": 0,
    "depreciationAndAmortization": 133500000,
    "ebitda": 311700000,
    "ebitdaratio": 0.248703423,
    "operatingIncome": 178200000,
    "operatingIncomeRatio": 0.1421846326,
    "totalOtherIncomeExpensesNet": -26200000,
    "incomeBeforeTax": 152000000,
    "incomeBeforeTaxRatio": 0.1212798213,
    "incomeTaxExpense": 45100000,
    "netIncome": 106900000,
    "netIncomeRatio": 0.0852948217,
    "eps": 0.51,
    "epsdiluted": 0.5,
    "weightedAverageShsOut": 211600000,
    "weightedAverageShsOutDil": 215100000,
    "link": "https://www.sec.gov/Archives/edgar/data/2969/000000296999000017/0000002969-99-000017-index.html",
    "finalLink": "https://www.sec.gov/Archives/edgar/data/2969/"
  },
  {
    "date": "1998-12-31",
    "symbol": "APD",
    "reportedCurrency": "USD",
    "cik": "0000002969",
    "fillingDate": "1999-02-08",
    "acceptedDate": "1999-02-08 00:00:00",
    "calendarYear": "1999",
    "period": "Q1",
    "revenue": 1274600000,
    "costOfRevenue": 875600000,
    "grossProfit": 399000000,
    "grossProfitRatio": 0.3130393849,
    "researchAndDevelopmentExpenses": 31700000,
    "generalAndAdministrativeExpenses": 0,
    "sellingAndMarketingExpenses": 0,
    "sellingGeneralAndAdministrativeExpenses": 183200000,
    "otherExpenses": -4900000,
    "operatingExpenses": 210000000,
    "costAndExpenses": 1085600000,
    "interestIncome": 0,
    "interestExpense": 0,
    "depreciationAndAmortization": 127800000,
    "ebitda": 316800000,
    "ebitdaratio": 0.2485485643,
    "operatingIncome": 189000000,
    "operatingIncomeRatio": 0.1482818139,
    "totalOtherIncomeExpensesNet": 600000,
    "incomeBeforeTax": 183400000,
    "incomeBeforeTaxRatio": 0.1438882787,
    "incomeTaxExpense": 59900000,
    "netIncome": 126400000,
    "netIncomeRatio": 0.0991683665,
    "eps": 0.6,
    "epsdiluted": 0.59,
    "weightedAverageShsOut": 211400000,
    "weightedAverageShsOutDil": 211400000,
    "link": "https://www.sec.gov/Archives/edgar/data/2969/000000296999000008/0000002969-99-000008-index.html",
    "finalLink": "https://www.sec.gov/Archives/edgar/data/2969/"
  },
  {
    "date": "1998-09-30",
    "symbol": "APD",
    "reportedCurrency": "USD",
    "cik": "0000002969",
    "fillingDate": "1998-12-16",
    "acceptedDate": "1998-12-16 00:00:00",
    "calendarYear": "1998",
    "period": "Q4",
    "revenue": 1250300000,
    "costOfRevenue": 725200000,
    "grossProfit": 525100000,
    "grossProfitRatio": 0.419979205,
    "researchAndDevelopmentExpenses": 30000000,
    "generalAndAdministrativeExpenses": 0,
    "sellingAndMarketingExpenses": 0,
    "sellingGeneralAndAdministrativeExpenses": -59300000,
    "otherExpenses": -5600000,
    "operatingExpenses": 310100000,
    "costAndExpenses": 1035300000,
    "interestIncome": 0,
    "interestExpense": 0,
    "depreciationAndAmortization": 130400000,
    "ebitda": 345400000,
    "ebitdaratio": 0.2762536991,
    "operatingIncome": 215000000,
    "operatingIncomeRatio": 0.1719587299,
    "totalOtherIncomeExpensesNet": -28200000,
    "incomeBeforeTax": 186800000,
    "incomeBeforeTaxRatio": 0.149404143,
    "incomeTaxExpense": 59100000,
    "netIncome": 127700000,
    "netIncomeRatio": 0.1021354875,
    "eps": 0.6,
    "epsdiluted": 0.6,
    "weightedAverageShsOut": 211400000,
    "weightedAverageShsOutDil": 211400000,
    "link": "https://www.sec.gov/Archives/edgar/data/2969/000000296998000022/0000002969-98-000022-index.html",
    "finalLink": "https://www.sec.gov/Archives/edgar/data/2969/"
  },
  {
    "date": "1998-06-30",
    "symbol": "APD",
    "reportedCurrency": "USD",
    "cik": "0000002969",
    "fillingDate": "1998-08-13",
    "acceptedDate": "1998-08-13 00:00:00",
    "calendarYear": "1998",
    "period": "Q3",
    "revenue": 1236300000,
    "costOfRevenue": 585800000,
    "grossProfit": 650500000,
    "grossProfitRatio": 0.526166788,
    "researchAndDevelopmentExpenses": 28700000,
    "generalAndAdministrativeExpenses": 0,
    "sellingAndMarketingExpenses": 0,
    "sellingGeneralAndAdministrativeExpenses": 171900000,
    "otherExpenses": 238400000,
    "operatingExpenses": 439000000,
    "costAndExpenses": 1024800000,
    "interestIncome": 0,
    "interestExpense": 0,
    "depreciationAndAmortization": 120800000,
    "ebitda": 317300000,
    "ebitdaratio": 0.256652916,
    "operatingIncome": 211300000,
    "operatingIncomeRatio": 0.1709132088,
    "totalOtherIncomeExpensesNet": -2900000,
    "incomeBeforeTax": 208600000,
    "incomeBeforeTaxRatio": 0.1687292728,
    "incomeTaxExpense": 70500000,
    "netIncome": 138100000,
    "netIncomeRatio": 0.1117042789,
    "eps": 0.64,
    "epsdiluted": 0.63,
    "weightedAverageShsOut": 215781000,
    "weightedAverageShsOutDil": 219206000,
    "link": "https://www.sec.gov/Archives/edgar/data/2969/000000296998000009/0000002969-98-000009-index.html",
    "finalLink": "https://www.sec.gov/Archives/edgar/data/2969/"
  },
  {
    "date": "1998-03-31",
    "symbol": "APD",
    "reportedCurrency": "USD",
    "cik": "0000002969",
    "fillingDate": "1998-05-14",
    "acceptedDate": "1998-05-14 00:00:00",
    "calendarYear": "1998",
    "period": "Q2",
    "revenue": 1208600000,
    "costOfRevenue": 701900000,
    "grossProfit": 506700000,
    "grossProfitRatio": 0.4192454079,
    "researchAndDevelopmentExpenses": 27000000,
    "generalAndAdministrativeExpenses": 0,
    "sellingAndMarketingExpenses": 0,
    "sellingGeneralAndAdministrativeExpenses": -67700000,
    "otherExpenses": -3700000,
    "operatingExpenses": 300600000,
    "costAndExpenses": 1002500000,
    "interestIncome": 0,
    "interestExpense": 0,
    "depreciationAndAmortization": 120600000,
    "ebitda": 326700000,
    "ebitdaratio": 0.2703127586,
    "operatingIncome": 206100000,
    "operatingIncomeRatio": 0.1705278835,
    "totalOtherIncomeExpensesNet": -31100000,
    "incomeBeforeTax": 175000000,
    "incomeBeforeTaxRatio": 0.1447956313,
    "incomeTaxExpense": 54500000,
    "netIncome": 120500000,
    "netIncomeRatio": 0.0997021347,
    "eps": 0.56,
    "epsdiluted": 0.54,
    "weightedAverageShsOut": 215800000,
    "weightedAverageShsOutDil": 215800000,
    "link": "https://www.sec.gov/Archives/edgar/data/2969/000095012398004992/0000950123-98-004992-index.html",
    "finalLink": "https://www.sec.gov/Archives/edgar/data/2969/"
  },
  {
    "date": "1997-12-31",
    "symbol": "APD",
    "reportedCurrency": "USD",
    "cik": "0000002969",
    "fillingDate": "1998-02-12",
    "acceptedDate": "1998-02-12 00:00:00",
    "calendarYear": "1998",
    "period": "Q1",
    "revenue": 1234800000,
    "costOfRevenue": 720700000,
    "grossProfit": 514100000,
    "grossProfitRatio": 0.4163427276,
    "researchAndDevelopmentExpenses": 26300000,
    "generalAndAdministrativeExpenses": 0,
    "sellingAndMarketingExpenses": 0,
    "sellingGeneralAndAdministrativeExpenses": -75100000,
    "otherExpenses": 5300000,
    "operatingExpenses": 301500000,
    "costAndExpenses": 1022200000,
    "interestIncome": 0,
    "interestExpense": 0,
    "depreciationAndAmortization": 117600000,
    "ebitda": 330200000,
    "ebitdaratio": 0.2674117266,
    "operatingIncome": 212600000,
    "operatingIncomeRatio": 0.1721736314,
    "totalOtherIncomeExpensesNet": 40700000,
    "incomeBeforeTax": 253300000,
    "incomeBeforeTaxRatio": 0.2051344347,
    "incomeTaxExpense": 92800000,
    "netIncome": 160500000,
    "netIncomeRatio": 0.1299805637,
    "eps": 0.74,
    "epsdiluted": 0.72,
    "weightedAverageShsOut": 222800000,
    "weightedAverageShsOutDil": 222800000,
    "link": "https://www.sec.gov/Archives/edgar/data/2969/000095012398001378/0000950123-98-001378-index.html",
    "finalLink": "https://www.sec.gov/Archives/edgar/data/2969/"
  },
  {
    "date": "1997-09-30",
    "symbol": "APD",
    "reportedCurrency": "USD",
    "cik": "0000002969",
    "fillingDate": "1997-12-11",
    "acceptedDate": "1997-12-11 00:00:00",
    "calendarYear": "1997",
    "period": "Q4",
    "revenue": 1213500000,
    "costOfRevenue": 729200000,
    "grossProfit": 484300000,
    "grossProfitRatio": 0.3990935311,
    "researchAndDevelopmentExpenses": 30600000,
    "generalAndAdministrativeExpenses": 0,
    "sellingAndMarketingExpenses": 0,
    "sellingGeneralAndAdministrativeExpenses": 278300000,
    "otherExpenses": -3700000,
    "operatingExpenses": 305200000,
    "costAndExpenses": 1034400000,
    "interestIncome": 0,
    "interestExpense": 0,
    "depreciationAndAmortization": 119700000,
    "ebitda": 298800000,
    "ebitdaratio": 0.2462299135,
    "operatingIncome": 179100000,
    "operatingIncomeRatio": 0.1475896168,
    "totalOtherIncomeExpensesNet": -22700000,
    "incomeBeforeTax": 156400000,
    "incomeBeforeTaxRatio": 0.1288833951,
    "incomeTaxExpense": 49000000,
    "netIncome": 107400000,
    "netIncomeRatio": 0.0885043263,
    "eps": 0.48,
    "epsdiluted": 0.48,
    "weightedAverageShsOut": 220015000,
    "weightedAverageShsOutDil": 222800000,
    "link": "https://www.sec.gov/Archives/edgar/data/2969/000095012397010283/0000950123-97-010283-index.html",
    "finalLink": "https://www.sec.gov/Archives/edgar/data/2969/"
  },
  {
    "date": "1997-06-30",
    "symbol": "APD",
    "reportedCurrency": "USD",
    "cik": "0000002969",
    "fillingDate": "1997-08-12",
    "acceptedDate": "1997-08-12 00:00:00",
    "calendarYear": "1997",
    "period": "Q3",
    "revenue": 1150300000,
    "costOfRevenue": 663400000,
    "grossProfit": 486900000,
    "grossProfitRatio": 0.4232808832,
    "researchAndDevelopmentExpenses": 27900000,
    "generalAndAdministrativeExpenses": 0,
    "sellingAndMarketingExpenses": 0,
    "sellingGeneralAndAdministrativeExpenses": 266800000,
    "otherExpenses": -700000,
    "operatingExpenses": 294000000,
    "costAndExpenses": 957400000,
    "interestIncome": 0,
    "interestExpense": 0,
    "depreciationAndAmortization": 115900000,
    "ebitda": 308800000,
    "ebitdaratio": 0.2684517083,
    "operatingIncome": 192900000,
    "operatingIncomeRatio": 0.1676953838,
    "totalOtherIncomeExpensesNet": -22100000,
    "incomeBeforeTax": 170800000,
    "incomeBeforeTaxRatio": 0.1484830044,
    "incomeTaxExpense": 54800000,
    "netIncome": 116000000,
    "netIncomeRatio": 0.1008432583,
    "eps": 0.53,
    "epsdiluted": 0.52,
    "weightedAverageShsOut": 220200000,
    "weightedAverageShsOutDil": 220200000,
    "link": "https://www.sec.gov/Archives/edgar/data/2969/000095012397006711/0000950123-97-006711-index.html",
    "finalLink": "https://www.sec.gov/Archives/edgar/data/2969/"
  },
  {
    "date": "1997-03-31",
    "symbol": "APD",
    "reportedCurrency": "USD",
    "cik": "0000002969",
    "fillingDate": "1997-05-13",
    "acceptedDate": "1997-05-13 00:00:00",
    "calendarYear": "1997",
    "period": "Q2",
    "revenue": 1153100000,
    "costOfRevenue": 686300000,
    "grossProfit": 466800000,
    "grossProfitRatio": 0.4048217848,
    "researchAndDevelopmentExpenses": 28500000,
    "generalAndAdministrativeExpenses": 0,
    "sellingAndMarketingExpenses": 0,
    "sellingGeneralAndAdministrativeExpenses": 264700000,
    "otherExpenses": -10400000,
    "operatingExpenses": 282800000,
    "costAndExpenses": 969100000,
    "interestIncome": 0,
    "interestExpense": 0,
    "depreciationAndAmortization": 115400000,
    "ebitda": 299400000,
    "ebitdaratio": 0.2596479056,
    "operatingIncome": 184000000,
    "operatingIncomeRatio": 0.1595698552,
    "totalOtherIncomeExpensesNet": -29000000,
    "incomeBeforeTax": 155000000,
    "incomeBeforeTaxRatio": 0.1344202584,
    "incomeTaxExpense": 49000000,
    "netIncome": 106000000,
    "netIncomeRatio": 0.0919261122,
    "eps": 0.48,
    "epsdiluted": 0.47,
    "weightedAverageShsOut": 220400000,
    "weightedAverageShsOutDil": 220400000,
    "link": "https://www.sec.gov/Archives/edgar/data/2969/000095012397004215/0000950123-97-004215-index.html",
    "finalLink": "https://www.sec.gov/Archives/edgar/data/2969/"
  },
  {
    "date": "1996-12-31",
    "symbol": "APD",
    "reportedCurrency": "USD",
    "cik": "0000002969",
    "fillingDate": "1997-02-12",
    "acceptedDate": "1997-02-12 00:00:00",
    "calendarYear": "1997",
    "period": "Q1",
    "revenue": 1120900000,
    "costOfRevenue": 692700000,
    "grossProfit": 428200000,
    "grossProfitRatio": 0.3820144527,
    "researchAndDevelopmentExpenses": 26700000,
    "generalAndAdministrativeExpenses": 0,
    "sellingAndMarketingExpenses": 0,
    "sellingGeneralAndAdministrativeExpenses": 241500000,
    "otherExpenses": -9400000,
    "operatingExpenses": 258800000,
    "costAndExpenses": 951500000,
    "interestIncome": 0,
    "interestExpense": 0,
    "depreciationAndAmortization": 108100000,
    "ebitda": 277500000,
    "ebitdaratio": 0.2475689178,
    "operatingIncome": 169400000,
    "operatingIncomeRatio": 0.1511285574,
    "totalOtherIncomeExpensesNet": -21200000,
    "incomeBeforeTax": 148200000,
    "incomeBeforeTaxRatio": 0.1322151842,
    "incomeTaxExpense": 48300000,
    "netIncome": 99900000,
    "netIncomeRatio": 0.0891248104,
    "eps": 0.45,
    "epsdiluted": 0.44,
    "weightedAverageShsOut": 220600000,
    "weightedAverageShsOutDil": 220600000,
    "link": "https://www.sec.gov/Archives/edgar/data/2969/000095012397001075/0000950123-97-001075-index.html",
    "finalLink": "https://www.sec.gov/Archives/edgar/data/2969/"
  },
  {
    "date": "1996-09-30",
    "symbol": "APD",
    "reportedCurrency": "USD",
    "cik": "0000002969",
    "fillingDate": "1996-12-12",
    "acceptedDate": "1996-12-12 00:00:00",
    "calendarYear": "1996",
    "period": "Q4",
    "revenue": 1051000000,
    "costOfRevenue": 645000000,
    "grossProfit": 406000000,
    "grossProfitRatio": 0.3862987631,
    "researchAndDevelopmentExpenses": 30000000,
    "generalAndAdministrativeExpenses": 0,
    "sellingAndMarketingExpenses": 0,
    "sellingGeneralAndAdministrativeExpenses": 241000000,
    "otherExpenses": -8000000,
    "operatingExpenses": 263000000,
    "costAndExpenses": 908000000,
    "interestIncome": 0,
    "interestExpense": 0,
    "depreciationAndAmortization": 109000000,
    "ebitda": 252000000,
    "ebitdaratio": 0.2397716461,
    "operatingIncome": 143000000,
    "operatingIncomeRatio": 0.1360608944,
    "totalOtherIncomeExpensesNet": -9000000,
    "incomeBeforeTax": 134000000,
    "incomeBeforeTaxRatio": 0.1274976213,
    "incomeTaxExpense": 40000000,
    "netIncome": 94000000,
    "netIncomeRatio": 0.0894386299,
    "eps": 0.41,
    "epsdiluted": 0.38,
    "weightedAverageShsOut": 220600000,
    "weightedAverageShsOutDil": 220600000,
    "link": "https://www.sec.gov/Archives/edgar/data/2969/000095012396007278/0000950123-96-007278-index.html",
    "finalLink": "https://www.sec.gov/Archives/edgar/data/2969/"
  },
  {
    "date": "1996-06-30",
    "symbol": "APD",
    "reportedCurrency": "USD",
    "cik": "0000002969",
    "fillingDate": "1996-08-12",
    "acceptedDate": "1996-08-12 00:00:00",
    "calendarYear": "1996",
    "period": "Q3",
    "revenue": 997000000,
    "costOfRevenue": 594000000,
    "grossProfit": 403000000,
    "grossProfitRatio": 0.4042126379,
    "researchAndDevelopmentExpenses": 28000000,
    "generalAndAdministrativeExpenses": 0,
    "sellingAndMarketingExpenses": 0,
    "sellingGeneralAndAdministrativeExpenses": 228000000,
    "otherExpenses": -9000000,
    "operatingExpenses": 247000000,
    "costAndExpenses": 850600000,
    "interestIncome": 0,
    "interestExpense": 0,
    "depreciationAndAmortization": 103000000,
    "ebitda": 249900000,
    "ebitdaratio": 0.2506519559,
    "operatingIncome": 146700000,
    "operatingIncomeRatio": 0.1471414243,
    "totalOtherIncomeExpensesNet": -4700000,
    "incomeBeforeTax": 142000000,
    "incomeBeforeTaxRatio": 0.1424272818,
    "incomeTaxExpense": 44000000,
    "netIncome": 98000000,
    "netIncomeRatio": 0.0982948847,
    "eps": 0.44,
    "epsdiluted": 0.44,
    "weightedAverageShsOut": 222727000,
    "weightedAverageShsOutDil": 222727000,
    "link": "https://www.sec.gov/Archives/edgar/data/2969/000095012396004289/0000950123-96-004289-index.html",
    "finalLink": "https://www.sec.gov/Archives/edgar/data/2969/"
  },
  {
    "date": "1996-03-31",
    "symbol": "APD",
    "reportedCurrency": "USD",
    "cik": "0000002969",
    "fillingDate": "1996-05-14",
    "acceptedDate": "1996-05-14 00:00:00",
    "calendarYear": "1996",
    "period": "Q2",
    "revenue": 1013000000,
    "costOfRevenue": 609000000,
    "grossProfit": 404000000,
    "grossProfitRatio": 0.3988153998,
    "researchAndDevelopmentExpenses": 29000000,
    "generalAndAdministrativeExpenses": 0,
    "sellingAndMarketingExpenses": 0,
    "sellingGeneralAndAdministrativeExpenses": 231000000,
    "otherExpenses": -4000000,
    "operatingExpenses": 256000000,
    "costAndExpenses": 865000000,
    "interestIncome": 0,
    "interestExpense": 0,
    "depreciationAndAmortization": 101000000,
    "ebitda": 249000000,
    "ebitdaratio": 0.245804541,
    "operatingIncome": 148000000,
    "operatingIncomeRatio": 0.146100691,
    "totalOtherIncomeExpensesNet": 54000000,
    "incomeBeforeTax": 202000000,
    "incomeBeforeTaxRatio": 0.1994076999,
    "incomeTaxExpense": 67000000,
    "netIncome": 135000000,
    "netIncomeRatio": 0.1332675222,
    "eps": 0.61,
    "epsdiluted": 0.61,
    "weightedAverageShsOut": 224000000,
    "weightedAverageShsOutDil": 224000000,
    "link": "https://www.sec.gov/Archives/edgar/data/2969/000095012396002299/0000950123-96-002299-index.html",
    "finalLink": "https://www.sec.gov/Archives/edgar/data/2969/"
  },
  {
    "date": "1995-12-31",
    "symbol": "APD",
    "reportedCurrency": "USD",
    "cik": "0000002969",
    "fillingDate": "1996-02-14",
    "acceptedDate": "1996-02-14 00:00:00",
    "calendarYear": "1996",
    "period": "Q1",
    "revenue": 947000000,
    "costOfRevenue": 560000000,
    "grossProfit": 387000000,
    "grossProfitRatio": 0.4086589229,
    "researchAndDevelopmentExpenses": 27000000,
    "generalAndAdministrativeExpenses": 0,
    "sellingAndMarketingExpenses": 0,
    "sellingGeneralAndAdministrativeExpenses": 220000000,
    "otherExpenses": -4000000,
    "operatingExpenses": 243000000,
    "costAndExpenses": 803000000,
    "interestIncome": 0,
    "interestExpense": 0,
    "depreciationAndAmortization": 99000000,
    "ebitda": 243000000,
    "ebitdaratio": 0.2565997888,
    "operatingIncome": 144000000,
    "operatingIncomeRatio": 0.1520591341,
    "totalOtherIncomeExpensesNet": -13000000,
    "incomeBeforeTax": 131000000,
    "incomeBeforeTaxRatio": 0.1383315734,
    "incomeTaxExpense": 42000000,
    "netIncome": 89000000,
    "netIncomeRatio": 0.0939809926,
    "eps": 0.4,
    "epsdiluted": 0.4,
    "weightedAverageShsOut": 224000000,
    "weightedAverageShsOutDil": 224000000,
    "link": "https://www.sec.gov/Archives/edgar/data/2969/000095012396000593/0000950123-96-000593-index.html",
    "finalLink": "https://www.sec.gov/Archives/edgar/data/2969/"
  },
  {
    "date": "1995-09-30",
    "symbol": "APD",
    "reportedCurrency": "USD",
    "cik": "0000002969",
    "fillingDate": "1995-12-12",
    "acceptedDate": "1995-12-12 00:00:00",
    "calendarYear": "1995",
    "period": "Q4",
    "revenue": 978900000,
    "costOfRevenue": 586400000,
    "grossProfit": 392500000,
    "grossProfitRatio": 0.4009602615,
    "researchAndDevelopmentExpenses": 27000000,
    "generalAndAdministrativeExpenses": 0,
    "sellingAndMarketingExpenses": 0,
    "sellingGeneralAndAdministrativeExpenses": 231600000,
    "otherExpenses": -9700000,
    "operatingExpenses": 248900000,
    "costAndExpenses": 835300000,
    "interestIncome": 0,
    "interestExpense": 0,
    "depreciationAndAmortization": 106300000,
    "ebitda": 249900000,
    "ebitdaratio": 0.2552865461,
    "operatingIncome": 143600000,
    "operatingIncomeRatio": 0.1466952702,
    "totalOtherIncomeExpensesNet": -7900000,
    "incomeBeforeTax": 135700000,
    "incomeBeforeTaxRatio": 0.1386249872,
    "incomeTaxExpense": 43100000,
    "netIncome": 92600000,
    "netIncomeRatio": 0.0945959751,
    "eps": 0.41,
    "epsdiluted": 0.41,
    "weightedAverageShsOut": 219406000,
    "weightedAverageShsOutDil": 224000000,
    "link": "https://www.sec.gov/Archives/edgar/data/2969/000095012395003670/0000950123-95-003670-index.html",
    "finalLink": "https://www.sec.gov/Archives/edgar/data/2969/"
  }
]