[
  {
    "date": "2024-09-30",
    "symbol": "APD",
    "reportedCurrency": "USD",
    "cik": "0000002969",
    "fillingDate": "2024-11-21",
    "acceptedDate": "2024-11-21 13:57:11",
    "calendarYear": "2024",
    "period": "FY",
    "revenue": 12100600000,
    "costOfRevenue": 8168700000,
    "grossProfit": 3931900000,
    "grossProfitRatio": 0.3249343008,
    "researchAndDevelopmentExpenses": 100200000,
    "generalAndAdministrativeExpenses": 0,
    "sellingAndMarketingExpenses": 0,
    "sellingGeneralAndAdministrativeExpenses": 942400000,
    "otherExpenses": -1576800000,
    "operatingExpenses": -534200000,
    "costAndExpenses": 7634500000,
    "interestIncome": 0,
    "interestExpense": 218800000,
    "depreciationAndAmortization": 1451100000,
    "ebitda": 6487200000,
    "ebitdaratio": 0.5361056477,
    "operatingIncome": 4466100000,
    "operatingIncomeRatio": 0.369080872,
    "totalOtherIncomeExpensesNet": 355100000,
    "incomeBeforeTax": 4821200000,
    "incomeBeforeTaxRatio": 0.3984265243,
    "incomeTaxExpense": 944900000,
    "netIncome": 3828200000,
    "netIncomeRatio": 0.3163644778,
    "eps": 17.21,
    "epsdiluted": 17.18,
    "weightedAverageShsOut": 222500000,
    "weightedAverageShsOutDil": 222800000,
    "link": "https://www.sec.gov/Archives/edgar/data/2969/000000296924000056/0000002969-24-000056-index.htm",
    "finalLink": "https://www.sec.gov/Archives/edgar/data/2969/000000296924000056/apd-20240930.htm"
  },
  {
    "date": "2023-09-30",
    "symbol": "APD",
    "reportedCurrency": "USD",
    "cik": "0000002969",
    "fillingDate": "2023-11-16",
    "acceptedDate": "2023-11-16 12:58:45",
    "calendarYear": "2023",
    "period": "FY",
    "revenue": 12600000000,
    "costOfRevenue": 8833000000,
    "grossProfit": 3767000000,
    "grossProfitRatio": 0.298968254,
    "researchAndDevelopmentExpenses": 105600000,
    "generalAndAdministrativeExpenses": 0,
    "sellingAndMarketingExpenses": 0,
    "sellingGeneralAndAdministrativeExpenses": 957000000,
    "otherExpenses": 209800000,
    "operatingExpenses": 1272400000,
    "costAndExpenses": 10105400000,
    "interestIncome": 0,
    "interestExpense": 177500000,
    "depreciationAndAmortization": 1358300000,
    "ebitda": 4418200000,
    "ebitdaratio": 0.3506507937,
    "operatingIncome": 2494600000,
    "operatingIncomeRatio": 0.197984127,
    "totalOtherIncomeExpensesNet": 387800000,
    "incomeBeforeTax": 2882400000,
    "incomeBeforeTaxRatio": 0.2287619048,
    "incomeTaxExpense": 551200000,
    "netIncome": 2300200000,
    "netIncomeRatio": 0.1825555556,
    "eps": 10.31,
    "epsdiluted": 10.3,
    "weightedAverageShsOut": 222300000,
    "weightedAverageShsOutDil": 222700000,
    "link": "https://www.sec.gov/Archives/edgar/data/2969/000000296923000047/0000002969-23-000047-index.htm",
    "finalLink": "https://www.sec.gov/Archives/edgar/data/2969/000000296923000047/apd-20230930.htm"
  },
  {
    "date": "2022-09-30",
    "symbol": "APD",
    "reportedCurrency": "USD",
    "cik": "0000002969",
    "fillingDate": "2022-11-22",
    "acceptedDate": "2022-11-22 16:37:46",
    "calendarYear": "2022",
    "period": "FY",
    "revenue": 12698600000,
    "costOfRevenue": 9338500000,
    "grossProfit": 3360100000,
    "grossProfitRatio": 0.2646039721,
    "researchAndDevelopmentExpenses": 102900000,
    "generalAndAdministrativeExpenses": 900600000,
    "sellingAndMarketingExpenses": 0,
    "sellingGeneralAndAdministrativeExpenses": 900600000,
    "otherExpenses": 17800000,
    "operatingExpenses": 1021300000,
    "costAndExpenses": 10359800000,
    "interestIncome": 0,
    "interestExpense": 128000000,
    "depreciationAndAmortization": 1338200000,
    "ebitda": 4220900000,
    "ebitdaratio": 0.3323909722,
    "operatingIncome": 2338800000,
    "operatingIncomeRatio": 0.1841777834,
    "totalOtherIncomeExpensesNet": 415900000,
    "incomeBeforeTax": 2754700000,
    "incomeBeforeTaxRatio": 0.2169294253,
    "incomeTaxExpense": 500800000,
    "netIncome": 2256100000,
    "netIncomeRatio": 0.1776652544,
    "eps": 10.11,
    "epsdiluted": 10.08,
    "weightedAverageShsOut": 222000000,
    "weightedAverageShsOutDil": 222500000,
    "link": "https://www.sec.gov/Archives/edgar/data/2969/000000296922000054/0000002969-22-000054-index.htm",
    "finalLink": "https://www.sec.gov/Archives/edgar/data/2969/000000296922000054/apd-20220930.htm"
  },
  {
    "date": "2021-09-30",
    "symbol": "APD",
    "reportedCurrency": "USD",
    "cik": "0000002969",
    "fillingDate": "2021-11-18",
    "acceptedDate": "2021-11-18 14:04:47",
    "calendarYear": "2021",
    "period": "FY",
    "revenue": 10323000000,
    "costOfRevenue": 7186100000,
    "grossProfit": 3136900000,
    "grossProfitRatio": 0.3038748426,
    "researchAndDevelopmentExpenses": 93500000,
    "generalAndAdministrativeExpenses": 828400000,
    "sellingAndMarketingExpenses": 0,
    "sellingGeneralAndAdministrativeExpenses": 828400000,
    "otherExpenses": -52800000,
    "operatingExpenses": 869100000,
    "costAndExpenses": 8041600000,
    "interestIncome": 0,
    "interestExpense": 141800000,
    "depreciationAndAmortization": 1321300000,
    "ebitda": 3970500000,
    "ebitdaratio": 0.384626562,
    "operatingIncome": 2281400000,
    "operatingIncomeRatio": 0.2210016468,
    "totalOtherIncomeExpensesNet": 226000000,
    "incomeBeforeTax": 2507400000,
    "incomeBeforeTaxRatio": 0.2428945074,
    "incomeTaxExpense": 462800000,
    "netIncome": 2099100000,
    "netIncomeRatio": 0.2033420517,
    "eps": 9.16,
    "epsdiluted": 9.12,
    "weightedAverageShsOut": 221600000,
    "weightedAverageShsOutDil": 222500000,
    "link": "https://www.sec.gov/Archives/edgar/data/2969/000000296921000055/0000002969-21-000055-index.htm",
    "finalLink": "https://www.sec.gov/Archives/edgar/data/2969/000000296921000055/apd-20210930.htm"
  },
  {
    "date": "2020-09-30",
    "symbol": "APD",
    "reportedCurrency": "USD",
    "cik": "0000002969",
    "fillingDate": "2020-11-19",
    "acceptedDate": "2020-11-19 15:29:11",
    "calendarYear": "2020",
    "period": "FY",
    "revenue": 8856300000,
    "costOfRevenue": 5858100000,
    "grossProfit": 2998200000,
    "grossProfitRatio": 0.3385386674,
    "researchAndDevelopmentExpenses": 83900000,
    "generalAndAdministrativeExpenses": 742100000,
    "sellingAndMarketingExpenses": 0,
    "sellingGeneralAndAdministrativeExpenses": 742100000,
    "otherExpenses": -65400000,
    "operatingExpenses": 760600000,
    "costAndExpenses": 6618700000,
    "interestIncome": 0,
    "interestExpense": 109300000,
    "depreciationAndAmortization": 1185000000,
    "ebitda": 3718100000,
    "ebitdaratio": 0.419825435,
    "operatingIncome": 2237600000,
    "operatingIncomeRatio": 0.2526563012,
    "totalOtherIncomeExpensesNet": 186200000,
    "incomeBeforeTax": 2423800000,
    "incomeBeforeTaxRatio": 0.2736808825,
    "incomeTaxExpense": 478400000,
    "netIncome": 1886700000,
    "netIncomeRatio": 0.2130347888,
    "eps": 8.59,
    "epsdiluted": 8.55,
    "weightedAverageShsOut": 221200000,
    "weightedAverageShsOutDil": 222300000,
    "link": "https://www.sec.gov/Archives/edgar/data/2969/000000296920000049/0000002969-20-000049-index.htm",
    "finalLink": "https://www.sec.gov/Archives/edgar/data/2969/000000296920000049/apd-20200930.htm"
  },
  {
    "date": "2019-09-30",
    "symbol": "APD",
    "reportedCurrency": "USD",
    "cik": "0000002969",
    "fillingDate": "2019-11-26",
    "acceptedDate": "2019-11-26 13:55:27",
    "calendarYear": "2019",
    "period": "FY",
    "revenue": 8918900000,
    "costOfRevenue": 5975500000,
    "grossProfit": 2943400000,
    "grossProfitRatio": 0.3300182758,
    "researchAndDevelopmentExpenses": 72900000,
    "generalAndAdministrativeExpenses": 750000000,
    "sellingAndMarketingExpenses": 0,
    "sellingGeneralAndAdministrativeExpenses": 750000000,
    "otherExpenses": -23900000,
    "operatingExpenses": 799000000,
    "costAndExpenses": 6774500000,
    "interestIncome": 0,
    "interestExpense": 137000000,
    "depreciationAndAmortization": 1082800000,
    "ebitda": 3509300000,
    "ebitdaratio": 0.3934678043,
    "operatingIncome": 2144400000,
    "operatingIncomeRatio": 0.2404332373,
    "totalOtherIncomeExpensesNet": 145100000,
    "incomeBeforeTax": 2289500000,
    "incomeBeforeTaxRatio": 0.2567020597,
    "incomeTaxExpense": 480100000,
    "netIncome": 1760000000,
    "netIncomeRatio": 0.1973337519,
    "eps": 7.99,
    "epsdiluted": 7.94,
    "weightedAverageShsOut": 220300000,
    "weightedAverageShsOutDil": 221600000,
    "link": "https://www.sec.gov/Archives/edgar/data/2969/000000296919000051/0000002969-19-000051-index.htm",
    "finalLink": "https://www.sec.gov/Archives/edgar/data/2969/000000296919000051/apd-10xkx30sep19.htm"
  },
  {
    "date": "2018-09-30",
    "symbol": "APD",
    "reportedCurrency": "USD",
    "cik": "0000002969",
    "fillingDate": "2018-11-20",
    "acceptedDate": "2018-11-20 14:47:42",
    "calendarYear": "2018",
    "period": "FY",
    "revenue": 8930200000,
    "costOfRevenue": 6189500000,
    "grossProfit": 2740700000,
    "grossProfitRatio": 0.306902421,
    "researchAndDevelopmentExpenses": 64500000,
    "generalAndAdministrativeExpenses": 760800000,
    "sellingAndMarketingExpenses": 0,
    "sellingGeneralAndAdministrativeExpenses": 760800000,
    "otherExpenses": -50200000,
    "operatingExpenses": 775100000,
    "costAndExpenses": 6964600000,
    "interestIncome": 0,
    "interestExpense": 130500000,
    "depreciationAndAmortization": 970700000,
    "ebitda": 3116200000,
    "ebitdaratio": 0.3489507514,
    "operatingIncome": 1965600000,
    "operatingIncomeRatio": 0.2201070525,
    "totalOtherIncomeExpensesNet": 49400000,
    "incomeBeforeTax": 2015000000,
    "incomeBeforeTaxRatio": 0.2256388435,
    "incomeTaxExpense": 524300000,
    "netIncome": 1497800000,
    "netIncomeRatio": 0.1677230073,
    "eps": 6.83,
    "epsdiluted": 6.78,
    "weightedAverageShsOut": 219300000,
    "weightedAverageShsOutDil": 220800000,
    "link": "https://www.sec.gov/Archives/edgar/data/2969/000000296918000044/0000002969-18-000044-index.htm",
    "finalLink": "https://www.sec.gov/Archives/edgar/data/2969/000000296918000044/apd-10xkx30sep2018.htm"
  },
  {
    "date": "2017-09-30",
    "symbol": "APD",
    "reportedCurrency": "USD",
    "cik": "0000002969",
    "fillingDate": "2017-11-16",
    "acceptedDate": "2017-11-16 08:20:11",
    "calendarYear": "2017",
    "period": "FY",
    "revenue": 8187600000,
    "costOfRevenue": 5753400000,
    "grossProfit": 2434200000,
    "grossProfitRatio": 0.297303239,
    "researchAndDevelopmentExpenses": 57800000,
    "generalAndAdministrativeExpenses": 713500000,
    "sellingAndMarketingExpenses": 0,
    "sellingGeneralAndAdministrativeExpenses": 713500000,
    "otherExpenses": 224800000,
    "operatingExpenses": 996100000,
    "costAndExpenses": 6747600000,
    "interestIncome": 1500000,
    "interestExpense": 120600000,
    "depreciationAndAmortization": 865800000,
    "ebitda": 2402500000,
    "ebitdaratio": 0.2934315306,
    "operatingIncome": 1440000000,
    "operatingIncomeRatio": 0.1758757145,
    "totalOtherIncomeExpensesNet": -23900000,
    "incomeBeforeTax": 1416100000,
    "incomeBeforeTaxRatio": 0.1729566662,
    "incomeTaxExpense": 260900000,
    "netIncome": 3000400000,
    "netIncomeRatio": 0.3664565929,
    "eps": 13.76,
    "epsdiluted": 13.65,
    "weightedAverageShsOut": 218000000,
    "weightedAverageShsOutDil": 219800000,
    "link": "https://www.sec.gov/Archives/edgar/data/2969/000000296917000039/0000002969-17-000039-index.htm",
    "finalLink": "https://www.sec.gov/Archives/edgar/data/2969/000000296917000039/apd-10xkx30sep2017.htm"
  },
  {
    "date": "2016-09-30",
    "symbol": "APD",
    "reportedCurrency": "USD",
    "cik": "0000002969",
    "fillingDate": "2016-11-21",
    "acceptedDate": "2016-11-21 13:23:28",
    "calendarYear": "2016",
    "period": "FY",
    "revenue": 7503700000,
    "costOfRevenue": 5177300000,
    "grossProfit": 2326400000,
    "grossProfitRatio": 0.3100337167,
    "researchAndDevelopmentExpenses": 71600000,
    "generalAndAdministrativeExpenses": 683800000,
    "sellingAndMarketingExpenses": 0,
    "sellingGeneralAndAdministrativeExpenses": 683800000,
    "otherExpenses": 35900000,
    "operatingExpenses": 791300000,
    "costAndExpenses": 5968600000,
    "interestIncome": 6100000,
    "interestExpense": 115200000,
    "depreciationAndAmortization": 854600000,
    "ebitda": 2524400000,
    "ebitdaratio": 0.3364206991,
    "operatingIncome": 1535100000,
    "operatingIncomeRatio": 0.2045790743,
    "totalOtherIncomeExpensesNet": 19500000,
    "incomeBeforeTax": 1554600000,
    "incomeBeforeTaxRatio": 0.2071777923,
    "incomeTaxExpense": 432600000,
    "netIncome": 631100000,
    "netIncomeRatio": 0.0841051748,
    "eps": 2.92,
    "epsdiluted": 2.89,
    "weightedAverageShsOut": 216400000,
    "weightedAverageShsOutDil": 218300000,
    "link": "https://www.sec.gov/Archives/edgar/data/2969/000119312516773346/0001193125-16-773346-index.htm",
    "finalLink": "https://www.sec.gov/Archives/edgar/data/2969/000119312516773346/d271291d10k.htm"
  },
  {
    "date": "2015-09-30",
    "symbol": "APD",
    "reportedCurrency": "USD",
    "cik": "0000002969",
    "fillingDate": "2015-11-24",
    "acceptedDate": "2015-11-24 11:03:53",
    "calendarYear": "2015",
    "period": "FY",
    "revenue": 7824300000,
    "costOfRevenue": 5598200000,
    "grossProfit": 2226100000,
    "grossProfitRatio": 0.2845110745,
    "researchAndDevelopmentExpenses": 76400000,
    "generalAndAdministrativeExpenses": 792300000,
    "sellingAndMarketingExpenses": 0,
    "sellingGeneralAndAdministrativeExpenses": 792300000,
    "otherExpenses": 124200000,
    "operatingExpenses": 992900000,
    "costAndExpenses": 6591100000,
    "interestIncome": 4200000,
    "interestExpense": 102800000,
    "depreciationAndAmortization": 858500000,
    "ebitda": 2227400000,
    "ebitdaratio": 0.2846772235,
    "operatingIncome": 1233200000,
    "operatingIncomeRatio": 0.1576115435,
    "totalOtherIncomeExpensesNet": 32900000,
    "incomeBeforeTax": 1266100000,
    "incomeBeforeTaxRatio": 0.1618163925,
    "incomeTaxExpense": 300200000,
    "netIncome": 1277900000,
    "netIncomeRatio": 0.1633245147,
    "eps": 5.95,
    "epsdiluted": 5.88,
    "weightedAverageShsOut": 214900000,
    "weightedAverageShsOutDil": 217300000,
    "link": "https://www.sec.gov/Archives/edgar/data/2969/000119312515386399/0001193125-15-386399-index.htm",
    "finalLink": "https://www.sec.gov/Archives/edgar/data/2969/000119312515386399/d69855d10k.htm"
  },
  {
    "date": "2014-09-30",
    "symbol": "APD",
    "reportedCurrency": "USD",
    "cik": "0000002969",
    "fillingDate": "2014-11-24",
    "acceptedDate": "2014-11-24 13:55:10",
    "calendarYear": "2014",
    "period": "FY",
    "revenue": 10439000000,
    "costOfRevenue": 7629900000,
    "grossProfit": 2809100000,
    "grossProfitRatio": 0.2690966568,
    "researchAndDevelopmentExpenses": 141400000,
    "generalAndAdministrativeExpenses": 1064800000,
    "sellingAndMarketingExpenses": 0,
    "sellingGeneralAndAdministrativeExpenses": 1054700000,
    "otherExpenses": 273900000,
    "operatingExpenses": 1470000000,
    "costAndExpenses": 9099900000,
    "interestIncome": 9400000,
    "interestExpense": 125100000,
    "depreciationAndAmortization": 956900000,
    "ebitda": 2436500000,
    "ebitdaratio": 0.2334035827,
    "operatingIncome": 1339100000,
    "operatingIncomeRatio": 0.1282785707,
    "totalOtherIncomeExpensesNet": 26300000,
    "incomeBeforeTax": 1365400000,
    "incomeBeforeTaxRatio": 0.1307979692,
    "incomeTaxExpense": 369400000,
    "netIncome": 991700000,
    "netIncomeRatio": 0.094999521,
    "eps": 4.66,
    "epsdiluted": 4.61,
    "weightedAverageShsOut": 212700000,
    "weightedAverageShsOutDil": 215200000,
    "link": "https://www.sec.gov/Archives/edgar/data/2969/000119312514423115/0001193125-14-423115-index.htm",
    "finalLink": "https://www.sec.gov/Archives/edgar/data/2969/000119312514423115/d805038d10k.htm"
  },
  {
    "date": "2013-09-30",
    "symbol": "APD",
    "reportedCurrency": "USD",
    "cik": "0000002969",
    "fillingDate": "2013-11-26",
    "acceptedDate": "2013-11-26 09:38:11",
    "calendarYear": "2013",
    "period": "FY",
    "revenue": 10180400000,
    "costOfRevenue": 7472100000,
    "grossProfit": 2708300000,
    "grossProfitRatio": 0.2660308043,
    "researchAndDevelopmentExpenses": 133700000,
    "generalAndAdministrativeExpenses": 1088800000,
    "sellingAndMarketingExpenses": 0,
    "sellingGeneralAndAdministrativeExpenses": 1088800000,
    "otherExpenses": 161400000,
    "operatingExpenses": 1383900000,
    "costAndExpenses": 8856000000,
    "interestIncome": 6400000,
    "interestExpense": 141800000,
    "depreciationAndAmortization": 907000000,
    "ebitda": 2399200000,
    "ebitdaratio": 0.2356685395,
    "operatingIncome": 1324400000,
    "operatingIncomeRatio": 0.1300931201,
    "totalOtherIncomeExpensesNet": 26000000,
    "incomeBeforeTax": 1350400000,
    "incomeBeforeTaxRatio": 0.1326470473,
    "incomeTaxExpense": 307900000,
    "netIncome": 994200000,
    "netIncomeRatio": 0.0976582453,
    "eps": 4.74,
    "epsdiluted": 4.68,
    "weightedAverageShsOut": 209700000,
    "weightedAverageShsOutDil": 212300000,
    "link": "https://www.sec.gov/Archives/edgar/data/2969/000119312513453925/0001193125-13-453925-index.htm",
    "finalLink": "https://www.sec.gov/Archives/edgar/data/2969/000119312513453925/d595257d10k.htm"
  },
  {
    "date": "2012-09-30",
    "symbol": "APD",
    "reportedCurrency": "USD",
    "cik": "0000002969",
    "fillingDate": "2012-11-20",
    "acceptedDate": "2012-11-20 11:53:42",
    "calendarYear": "2012",
    "period": "FY",
    "revenue": 9611700000,
    "costOfRevenue": 7051900000,
    "grossProfit": 2559800000,
    "grossProfitRatio": 0.2663212543,
    "researchAndDevelopmentExpenses": 126400000,
    "generalAndAdministrativeExpenses": 946800000,
    "sellingAndMarketingExpenses": 0,
    "sellingGeneralAndAdministrativeExpenses": 946800000,
    "otherExpenses": 204200000,
    "operatingExpenses": 1277400000,
    "costAndExpenses": 8122100000,
    "interestIncome": 5400000,
    "interestExpense": 123700000,
    "depreciationAndAmortization": 840800000,
    "ebitda": 2277000000,
    "ebitdaratio": 0.2368987796,
    "operatingIncome": 1282400000,
    "operatingIncomeRatio": 0.1334207268,
    "totalOtherIncomeExpensesNet": 30100000,
    "incomeBeforeTax": 1312500000,
    "incomeBeforeTaxRatio": 0.1365523269,
    "incomeTaxExpense": 287300000,
    "netIncome": 1167300000,
    "netIncomeRatio": 0.121445738,
    "eps": 5.53,
    "epsdiluted": 5.44,
    "weightedAverageShsOut": 211200000,
    "weightedAverageShsOutDil": 214700000,
    "link": "https://www.sec.gov/Archives/edgar/data/2969/000119312512476878/0001193125-12-476878-index.htm",
    "finalLink": "https://www.sec.gov/Archives/edgar/data/2969/000119312512476878/d409668d10k.htm"
  },
  {
    "date": "2011-09-30",
    "symbol": "APD",
    "reportedCurrency": "USD",
    "cik": "0000002969",
    "fillingDate": "2011-11-22",
    "acceptedDate": "2011-11-22 16:13:06",
    "calendarYear": "2011",
    "period": "FY",
    "revenue": 10082000000,
    "costOfRevenue": 7315300000,
    "grossProfit": 2766700000,
    "grossProfitRatio": 0.274419758,
    "researchAndDevelopmentExpenses": 118800000,
    "generalAndAdministrativeExpenses": 1014400000,
    "sellingAndMarketingExpenses": 0,
    "sellingGeneralAndAdministrativeExpenses": 1014400000,
    "otherExpenses": 11300000,
    "operatingExpenses": 1144500000,
    "costAndExpenses": 8459800000,
    "interestIncome": 5700000,
    "interestExpense": 115500000,
    "depreciationAndAmortization": 873900000,
    "ebitda": 2658600000,
    "ebitdaratio": 0.263697679,
    "operatingIncome": 1622200000,
    "operatingIncomeRatio": 0.160900615,
    "totalOtherIncomeExpensesNet": 33000000,
    "incomeBeforeTax": 1661000000,
    "incomeBeforeTaxRatio": 0.1647490577,
    "incomeTaxExpense": 408400000,
    "netIncome": 1224200000,
    "netIncomeRatio": 0.1214243206,
    "eps": 5.75,
    "epsdiluted": 5.63,
    "weightedAverageShsOut": 213000000,
    "weightedAverageShsOutDil": 217600000,
    "link": "https://www.sec.gov/Archives/edgar/data/2969/000119312511319887/0001193125-11-319887-index.htm",
    "finalLink": "https://www.sec.gov/Archives/edgar/data/2969/000119312511319887/d221596d10k.htm"
  },
  {
    "date": "2010-09-30",
    "symbol": "APD",
    "reportedCurrency": "USD",
    "cik": "0000002969",
    "fillingDate": "2010-11-23",
    "acceptedDate": "2010-11-23 06:04:42",
    "calendarYear": "2010",
    "period": "FY",
    "revenue": 9026000000,
    "costOfRevenue": 6503000000,
    "grossProfit": 2523000000,
    "grossProfitRatio": 0.2795258143,
    "researchAndDevelopmentExpenses": 114700000,
    "generalAndAdministrativeExpenses": 962000000,
    "sellingAndMarketingExpenses": 0,
    "sellingGeneralAndAdministrativeExpenses": 962000000,
    "otherExpenses": -12100000,
    "operatingExpenses": 1059500000,
    "costAndExpenses": 7583000000,
    "interestIncome": 3400000,
    "interestExpense": 121900000,
    "depreciationAndAmortization": 863400000,
    "ebitda": 2379300000,
    "ebitdaratio": 0.2636051407,
    "operatingIncome": 1389000000,
    "operatingIncomeRatio": 0.1538887658,
    "totalOtherIncomeExpensesNet": 5000000,
    "incomeBeforeTax": 1394000000,
    "incomeBeforeTaxRatio": 0.154442721,
    "incomeTaxExpense": 339500000,
    "netIncome": 1029100000,
    "netIncomeRatio": 0.1140150676,
    "eps": 4.85,
    "epsdiluted": 4.74,
    "weightedAverageShsOut": 212200000,
    "weightedAverageShsOutDil": 217100000,
    "link": "https://www.sec.gov/Archives/edgar/data/2969/000119312510266784/0001193125-10-266784-index.htm",
    "finalLink": "https://www.sec.gov/Archives/edgar/data/2969/000119312510266784/d10k.htm"
  },
  {
    "date": "2009-09-30",
    "symbol": "APD",
    "reportedCurrency": "USD",
    "cik": "0000002969",
    "fillingDate": "2009-11-25",
    "acceptedDate": "2009-11-25 13:58:55",
    "calendarYear": "2009",
    "period": "FY",
    "revenue": 8256200000,
    "costOfRevenue": 6042100000,
    "grossProfit": 2214100000,
    "grossProfitRatio": 0.2681742206,
    "researchAndDevelopmentExpenses": 116300000,
    "generalAndAdministrativeExpenses": 1274500000,
    "sellingAndMarketingExpenses": 0,
    "sellingGeneralAndAdministrativeExpenses": 1274500000,
    "otherExpenses": -23000000,
    "operatingExpenses": 1367800000,
    "costAndExpenses": 7409900000,
    "interestIncome": 0,
    "interestExpense": 121900000,
    "depreciationAndAmortization": 840300000,
    "ebitda": 1798800000,
    "ebitdaratio": 0.2178726291,
    "operatingIncome": 846300000,
    "operatingIncomeRatio": 0.1025047843,
    "totalOtherIncomeExpensesNet": -9700000,
    "incomeBeforeTax": 836600000,
    "incomeBeforeTaxRatio": 0.1013299096,
    "incomeTaxExpense": 185300000,
    "netIncome": 631300000,
    "netIncomeRatio": 0.0764637485,
    "eps": 3.01,
    "epsdiluted": 2.96,
    "weightedAverageShsOut": 209900000,
    "weightedAverageShsOutDil": 213500000,
    "link": "https://www.sec.gov/Archives/edgar/data/2969/000095012309066095/0000950123-09-066095-index.htm",
    "finalLink": "https://www.sec.gov/Archives/edgar/data/2969/000095012309066095/y79730e10vk.htm"
  },
  {
    "date": "2008-09-30",
    "symbol": "APD",
    "reportedCurrency": "USD",
    "cik": "0000002969",
    "fillingDate": "2008-11-26",
    "acceptedDate": "2008-11-26 10:28:10",
    "calendarYear": "2008",
    "period": "FY",
    "revenue": 10414500000,
    "costOfRevenue": 7693100000,
    "grossProfit": 2721400000,
    "grossProfitRatio": 0.2613087522,
    "researchAndDevelopmentExpenses": 130700000,
    "generalAndAdministrativeExpenses": 1120700000,
    "sellingAndMarketingExpenses": 0,
    "sellingGeneralAndAdministrativeExpenses": 1120700000,
    "otherExpenses": -25800000,
    "operatingExpenses": 1225600000,
    "costAndExpenses": 8918700000,
    "interestIncome": 0,
    "interestExpense": 162000000,
    "depreciationAndAmortization": 869000000,
    "ebitda": 2509800000,
    "ebitdaratio": 0.2409909261,
    "operatingIncome": 1495800000,
    "operatingIncomeRatio": 0.1436266743,
    "totalOtherIncomeExpensesNet": -17000000,
    "incomeBeforeTax": 1478800000,
    "incomeBeforeTaxRatio": 0.1419943348,
    "incomeTaxExpense": 365300000,
    "netIncome": 909700000,
    "netIncomeRatio": 0.0873493687,
    "eps": 4.29,
    "epsdiluted": 4.15,
    "weightedAverageShsOut": 212200000,
    "weightedAverageShsOutDil": 219200000,
    "link": "https://www.sec.gov/Archives/edgar/data/2969/000095012308016491/0000950123-08-016491-index.htm",
    "finalLink": "https://www.sec.gov/Archives/edgar/data/2969/000095012308016491/y72746e10vk.htm"
  },
  {
    "date": "2007-09-30",
    "symbol": "APD",
    "reportedCurrency": "USD",
    "cik": "0000002969",
    "fillingDate": "2007-11-28",
    "acceptedDate": "2007-11-28 16:04:28",
    "calendarYear": "2007",
    "period": "FY",
    "revenue": 9148200000,
    "costOfRevenue": 6698900000,
    "grossProfit": 2449300000,
    "grossProfitRatio": 0.2677357294,
    "researchAndDevelopmentExpenses": 129000000,
    "generalAndAdministrativeExpenses": 0,
    "sellingAndMarketingExpenses": 0,
    "sellingGeneralAndAdministrativeExpenses": 999800000,
    "otherExpenses": -55100000,
    "operatingExpenses": 1073700000,
    "costAndExpenses": 8699000000,
    "interestIncome": 8800000,
    "interestExpense": 163200000,
    "depreciationAndAmortization": 840000000,
    "ebitda": 2215600000,
    "ebitdaratio": 0.2421897204,
    "operatingIncome": 1375600000,
    "operatingIncomeRatio": 0.1503683785,
    "totalOtherIncomeExpensesNet": -48000000,
    "incomeBeforeTax": 1376300000,
    "incomeBeforeTaxRatio": 0.1504448963,
    "incomeTaxExpense": 301200000,
    "netIncome": 1035600000,
    "netIncomeRatio": 0.1132025972,
    "eps": 4.79,
    "epsdiluted": 4.64,
    "weightedAverageShsOut": 216200000,
    "weightedAverageShsOutDil": 223200000,
    "link": "https://www.sec.gov/Archives/edgar/data/2969/000095012307016020/0000950123-07-016020-index.htm",
    "finalLink": "https://www.sec.gov/Archives/edgar/data/2969/000095012307016020/y41540e10vk.htm"
  },
  {
    "date": "2006-09-30",
    "symbol": "APD",
    "reportedCurrency": "USD",
    "cik": "0000002969",
    "fillingDate": "2006-12-13",
    "acceptedDate": "2006-12-13 09:14:20",
    "calendarYear": "2006",
    "period": "FY",
    "revenue": 8850400000,
    "costOfRevenue": 6558300000,
    "grossProfit": 2292100000,
    "grossProfitRatio": 0.2589826449,
    "researchAndDevelopmentExpenses": 151400000,
    "generalAndAdministrativeExpenses": 0,
    "sellingAndMarketingExpenses": 0,
    "sellingGeneralAndAdministrativeExpenses": 1075000000,
    "otherExpenses": 4800000,
    "operatingExpenses": 1231200000,
    "costAndExpenses": 7697200000,
    "interestIncome": 9000000,
    "interestExpense": 119300000,
    "depreciationAndAmortization": 763000000,
    "ebitda": 1812500000,
    "ebitdaratio": 0.2047930037,
    "operatingIncome": 1055600000,
    "operatingIncomeRatio": 0.1192714454,
    "totalOtherIncomeExpensesNet": -11600000,
    "incomeBeforeTax": 1044000000,
    "incomeBeforeTaxRatio": 0.1179607701,
    "incomeTaxExpense": 269100000,
    "netIncome": 723400000,
    "netIncomeRatio": 0.0817364187,
    "eps": 3.26,
    "epsdiluted": 3.18,
    "weightedAverageShsOut": 221700000,
    "weightedAverageShsOutDil": 227500000,
    "link": "https://www.sec.gov/Archives/edgar/data/2969/000095012306015112/0000950123-06-015112-index.htm",
    "finalLink": "https://www.sec.gov/Archives/edgar/data/2969/000095012306015112/y27203e10vk.htm"
  },
  {
    "date": "2005-09-30",
    "symbol": "APD",
    "reportedCurrency": "USD",
    "cik": "0000002969",
    "fillingDate": "2005-11-22",
    "acceptedDate": "2005-11-22 16:06:05",
    "calendarYear": "2005",
    "period": "FY",
    "revenue": 8143500000,
    "costOfRevenue": 6011300000,
    "grossProfit": 2132200000,
    "grossProfitRatio": 0.2618284521,
    "researchAndDevelopmentExpenses": 132700000,
    "generalAndAdministrativeExpenses": 0,
    "sellingAndMarketingExpenses": 0,
    "sellingGeneralAndAdministrativeExpenses": 1013600000,
    "otherExpenses": -16600000,
    "operatingExpenses": 1129700000,
    "costAndExpenses": 6823900000,
    "interestIncome": 15400000,
    "interestExpense": 110000000,
    "depreciationAndAmortization": 706300000,
    "ebitda": 1701800000,
    "ebitdaratio": 0.2089764843,
    "operatingIncome": 995500000,
    "operatingIncomeRatio": 0.1222447351,
    "totalOtherIncomeExpensesNet": -4600000,
    "incomeBeforeTax": 990900000,
    "incomeBeforeTaxRatio": 0.1216798674,
    "incomeTaxExpense": 260700000,
    "netIncome": 711700000,
    "netIncomeRatio": 0.0873948548,
    "eps": 3.15,
    "epsdiluted": 3.08,
    "weightedAverageShsOut": 225700000,
    "weightedAverageShsOutDil": 231400000,
    "link": "https://www.sec.gov/Archives/edgar/data/2969/000095012305013994/0000950123-05-013994-index.htm",
    "finalLink": "https://www.sec.gov/Archives/edgar/data/2969/000095012305013994/y14674e10vk.htm"
  },
  {
    "date": "2004-09-30",
    "symbol": "APD",
    "reportedCurrency": "USD",
    "cik": "0000002969",
    "fillingDate": "2004-12-13",
    "acceptedDate": "2004-12-13 09:50:05",
    "calendarYear": "2004",
    "period": "FY",
    "revenue": 7411400000,
    "costOfRevenue": 5463600000,
    "grossProfit": 1947800000,
    "grossProfitRatio": 0.2628113447,
    "researchAndDevelopmentExpenses": 126700000,
    "generalAndAdministrativeExpenses": 0,
    "sellingAndMarketingExpenses": 0,
    "sellingGeneralAndAdministrativeExpenses": 956200000,
    "otherExpenses": -32100000,
    "operatingExpenses": 1050800000,
    "costAndExpenses": 6531800000,
    "interestIncome": 3900000,
    "interestExpense": 121000000,
    "depreciationAndAmortization": 714900000,
    "ebitda": 1687300000,
    "ebitdaratio": 0.2276627898,
    "operatingIncome": 879600000,
    "operatingIncomeRatio": 0.1186820304,
    "totalOtherIncomeExpensesNet": -28200000,
    "incomeBeforeTax": 851400000,
    "incomeBeforeTaxRatio": 0.1148770813,
    "incomeTaxExpense": 226600000,
    "netIncome": 604100000,
    "netIncomeRatio": 0.0815095663,
    "eps": 2.7,
    "epsdiluted": 2.64,
    "weightedAverageShsOut": 223800000,
    "weightedAverageShsOutDil": 228900000,
    "link": "https://www.sec.gov/Archives/edgar/data/2969/000095012304014695/0000950123-04-014695-index.htm",
    "finalLink": "https://www.sec.gov/Archives/edgar/data/2969/000095012304014695/y68942e10vk.htm"
  },
  {
    "date": "2003-09-30",
    "symbol": "APD",
    "reportedCurrency": "USD",
    "cik": "0000002969",
    "fillingDate": "2003-12-12",
    "acceptedDate": "2003-12-12 13:29:35",
    "calendarYear": "2003",
    "period": "FY",
    "revenue": 6297300000,
    "costOfRevenue": 4613100000,
    "grossProfit": 1684200000,
    "grossProfitRatio": 0.2674479539,
    "researchAndDevelopmentExpenses": 121100000,
    "generalAndAdministrativeExpenses": 0,
    "sellingAndMarketingExpenses": 0,
    "sellingGeneralAndAdministrativeExpenses": 832600000,
    "otherExpenses": 136000000,
    "operatingExpenses": 1089700000,
    "costAndExpenses": 5692800000,
    "interestIncome": 0,
    "interestExpense": 0,
    "depreciationAndAmortization": 654800000,
    "ebitda": 1249300000,
    "ebitdaratio": 0.1983866101,
    "operatingIncome": 594500000,
    "operatingIncomeRatio": 0.0944055389,
    "totalOtherIncomeExpensesNet": -29100000,
    "incomeBeforeTax": 565400000,
    "incomeBeforeTaxRatio": 0.0897845108,
    "incomeTaxExpense": 147200000,
    "netIncome": 397300000,
    "netIncomeRatio": 0.0630905309,
    "eps": 1.81,
    "epsdiluted": 1.78,
    "weightedAverageShsOut": 220000000,
    "weightedAverageShsOutDil": 224000000,
    "link": "https://www.sec.gov/Archives/edgar/data/2969/000095012303013730/0000950123-03-013730-index.htm",
    "finalLink": "https://www.sec.gov/Archives/edgar/data/2969/000095012303013730/y92114e10vk.txt"
  },
  {
    "date": "2002-09-30",
    "symbol": "APD",
    "reportedCurrency": "USD",
    "cik": "0000002969",
    "fillingDate": "2002-12-13",
    "acceptedDate": "2002-12-13 12:06:56",
    "calendarYear": "2002",
    "period": "FY",
    "revenue": 5401200000,
    "costOfRevenue": 3827700000,
    "grossProfit": 1573500000,
    "grossProfitRatio": 0.2913241502,
    "researchAndDevelopmentExpenses": 120600000,
    "generalAndAdministrativeExpenses": 0,
    "sellingAndMarketingExpenses": 0,
    "sellingGeneralAndAdministrativeExpenses": 715100000,
    "otherExpenses": -37100000,
    "operatingExpenses": 798600000,
    "costAndExpenses": 4626300000,
    "interestIncome": 0,
    "interestExpense": 0,
    "depreciationAndAmortization": 591100000,
    "ebitda": 1352200000,
    "ebitdaratio": 0.2503517737,
    "operatingIncome": 761100000,
    "operatingIncomeRatio": 0.1409131304,
    "totalOtherIncomeExpensesNet": 23400000,
    "incomeBeforeTax": 784500000,
    "incomeBeforeTaxRatio": 0.145245501,
    "incomeTaxExpense": 240800000,
    "netIncome": 525400000,
    "netIncomeRatio": 0.0972746797,
    "eps": 2.42,
    "epsdiluted": 2.36,
    "weightedAverageShsOut": 217000000,
    "weightedAverageShsOutDil": 223000000,
    "link": "https://www.sec.gov/Archives/edgar/data/2969/000000296902000029/0000002969-02-000029-index.htm",
    "finalLink": "https://www.sec.gov/Archives/edgar/data/2969/000000296902000029/form10kdec1302.txt"
  },
  {
    "date": "2001-09-30",
    "symbol": "APD",
    "reportedCurrency": "USD",
    "cik": "0000002969",
    "fillingDate": "2001-12-14",
    "acceptedDate": "2001-12-14 00:00:00",
    "calendarYear": "2001",
    "period": "FY",
    "revenue": 5717200000,
    "costOfRevenue": 4102700000,
    "grossProfit": 1614500000,
    "grossProfitRatio": 0.2823934793,
    "researchAndDevelopmentExpenses": 122500000,
    "generalAndAdministrativeExpenses": 0,
    "sellingAndMarketingExpenses": 0,
    "sellingGeneralAndAdministrativeExpenses": 752100000,
    "otherExpenses": -5500000,
    "operatingExpenses": 869100000,
    "costAndExpenses": 4971800000,
    "interestIncome": 0,
    "interestExpense": 0,
    "depreciationAndAmortization": 573000000,
    "ebitda": 1318400000,
    "ebitdaratio": 0.2306023928,
    "operatingIncome": 745400000,
    "operatingIncomeRatio": 0.130378507,
    "totalOtherIncomeExpensesNet": -84200000,
    "incomeBeforeTax": 661200000,
    "incomeBeforeTaxRatio": 0.115651018,
    "incomeTaxExpense": 190500000,
    "netIncome": 465600000,
    "netIncomeRatio": 0.0814384664,
    "eps": 2.17,
    "epsdiluted": 2.12,
    "weightedAverageShsOut": 214800000,
    "weightedAverageShsOutDil": 219300000,
    "link": "https://www.sec.gov/Archives/edgar/data/2969/000000296901500028/0000002969-01-500028-index.htm",
    "finalLink": "https://www.sec.gov/Archives/edgar/data/2969/000000296901500028/form10k1201.txt"
  },
  {
    "date": "2000-09-30",
    "symbol": "APD",
    "reportedCurrency": "USD",
    "cik": "0000002969",
    "fillingDate": "2000-12-18",
    "acceptedDate": "2000-12-18 00:00:00",
    "calendarYear": "2000",
    "period": "FY",
    "revenue": 5467100000,
    "costOfRevenue": 3825600000,
    "grossProfit": 1641500000,
    "grossProfitRatio": 0.3002505899,
    "researchAndDevelopmentExpenses": 124400000,
    "generalAndAdministrativeExpenses": 0,
    "sellingAndMarketingExpenses": 0,
    "sellingGeneralAndAdministrativeExpenses": 714700000,
    "otherExpenses": -28400000,
    "operatingExpenses": 810700000,
    "costAndExpenses": 4636300000,
    "interestIncome": 0,
    "interestExpense": 0,
    "depreciationAndAmortization": 575700000,
    "ebitda": 1406500000,
    "ebitdaratio": 0.2572661923,
    "operatingIncome": 830800000,
    "operatingIncomeRatio": 0.1519635639,
    "totalOtherIncomeExpensesNet": -712700000,
    "incomeBeforeTax": 118100000,
    "incomeBeforeTaxRatio": 0.0216019462,
    "incomeTaxExpense": -13700000,
    "netIncome": 124200000,
    "netIncomeRatio": 0.0227177114,
    "eps": 0.58,
    "epsdiluted": 0.57,
    "weightedAverageShsOut": 213000000,
    "weightedAverageShsOutDil": 216000000,
    "link": "https://www.sec.gov/Archives/edgar/data/2969/000000296900000038/0000002969-00-000038-index.htm",
    "finalLink": "https://www.sec.gov/Archives/edgar/data/2969/000000296900000038/0000002969-00-000038-0001.txt"
  },
  {
    "date": "1999-09-30",
    "symbol": "APD",
    "reportedCurrency": "USD",
    "cik": "0000002969",
    "fillingDate": "1999-12-16",
    "acceptedDate": "1999-12-16 00:00:00",
    "calendarYear": "1999",
    "period": "FY",
    "revenue": 5020100000,
    "costOfRevenue": 3501400000,
    "grossProfit": 1518700000,
    "grossProfitRatio": 0.3025238541,
    "researchAndDevelopmentExpenses": 123100000,
    "generalAndAdministrativeExpenses": 0,
    "sellingAndMarketingExpenses": 0,
    "sellingGeneralAndAdministrativeExpenses": 690600000,
    "otherExpenses": -19700000,
    "operatingExpenses": 794000000,
    "costAndExpenses": 4295400000,
    "interestIncome": 0,
    "interestExpense": 0,
    "depreciationAndAmortization": 527200000,
    "ebitda": 1232200000,
    "ebitdaratio": 0.2454532778,
    "operatingIncome": 705000000,
    "operatingIncomeRatio": 0.1404354495,
    "totalOtherIncomeExpensesNet": -51100000,
    "incomeBeforeTax": 653900000,
    "incomeBeforeTaxRatio": 0.1302563694,
    "incomeTaxExpense": 203400000,
    "netIncome": 450500000,
    "netIncomeRatio": 0.0897392482,
    "eps": 2.12,
    "epsdiluted": 2.09,
    "weightedAverageShsOut": 212200000,
    "weightedAverageShsOutDil": 216000000,
    "link": "https://www.sec.gov/Archives/edgar/data/2969/000000296999000034/0000002969-99-000034-index.html",
    "finalLink": "https://www.sec.gov/Archives/edgar/data/2969/000000296999000034/"
  },
  {
    "date": "1998-09-30",
    "symbol": "APD",
    "reportedCurrency": "USD",
    "cik": "0000002969",
    "fillingDate": "1998-12-16",
    "acceptedDate": "1998-12-16 00:00:00",
    "calendarYear": "1998",
    "period": "FY",
    "revenue": 4919000000,
    "costOfRevenue": 2827600000,
    "grossProfit": 2091400000,
    "grossProfitRatio": 0.425167717,
    "researchAndDevelopmentExpenses": 112000000,
    "generalAndAdministrativeExpenses": 0,
    "sellingAndMarketingExpenses": 0,
    "sellingGeneralAndAdministrativeExpenses": 659800000,
    "otherExpenses": 489400000,
    "operatingExpenses": 1261200000,
    "costAndExpenses": 4074000000,
    "interestIncome": 0,
    "interestExpense": 0,
    "depreciationAndAmortization": 489400000,
    "ebitda": 1319600000,
    "ebitdaratio": 0.2682659077,
    "operatingIncome": 830200000,
    "operatingIncomeRatio": 0.1687741411,
    "totalOtherIncomeExpensesNet": -6500000,
    "incomeBeforeTax": 823700000,
    "incomeBeforeTaxRatio": 0.1674527343,
    "incomeTaxExpense": 276900000,
    "netIncome": 546800000,
    "netIncomeRatio": 0.111160805,
    "eps": 2.54,
    "epsdiluted": 2.48,
    "weightedAverageShsOut": 215500000,
    "weightedAverageShsOutDil": 220100000,
    "link": "https://www.sec.gov/Archives/edgar/data/2969/000000296998000022/0000002969-98-000022-index.html",
    "finalLink": "https://www.sec.gov/Archives/edgar/data/2969/"
  },
  {
    "date": "1997-09-30",
    "symbol": "APD",
    "reportedCurrency": "USD",
    "cik": "0000002969",
    "fillingDate": "1997-12-11",
    "acceptedDate": "1997-12-11 00:00:00",
    "calendarYear": "1997",
    "period": "FY",
    "revenue": 4637800000,
    "costOfRevenue": 2736200000,
    "grossProfit": 1901600000,
    "grossProfitRatio": 0.4100219932,
    "researchAndDevelopmentExpenses": 113700000,
    "generalAndAdministrativeExpenses": 0,
    "sellingAndMarketingExpenses": 0,
    "sellingGeneralAndAdministrativeExpenses": 627600000,
    "otherExpenses": 459100000,
    "operatingExpenses": 1200400000,
    "costAndExpenses": 3936600000,
    "interestIncome": 0,
    "interestExpense": 0,
    "depreciationAndAmortization": 459100000,
    "ebitda": 1160300000,
    "ebitdaratio": 0.2501832766,
    "operatingIncome": 701200000,
    "operatingIncomeRatio": 0.1511923757,
    "totalOtherIncomeExpensesNet": -70800000,
    "incomeBeforeTax": 630400000,
    "incomeBeforeTaxRatio": 0.1359265169,
    "incomeTaxExpense": 201100000,
    "netIncome": 429300000,
    "netIncomeRatio": 0.0925654405,
    "eps": 1.95,
    "epsdiluted": 1.91,
    "weightedAverageShsOut": 220154000,
    "weightedAverageShsOutDil": 224764000,
    "link": "https://www.sec.gov/Archives/edgar/data/2969/000095012397010283/0000950123-97-010283-index.html",
    "finalLink": "https://www.sec.gov/Archives/edgar/data/2969/"
  },
  {
    "date": "1996-09-30",
    "symbol": "APD",
    "reportedCurrency": "USD",
    "cik": "0000002969",
    "fillingDate": "1996-12-12",
    "acceptedDate": "1996-12-12 00:00:00",
    "calendarYear": "1996",
    "period": "FY",
    "revenue": 4008000000,
    "costOfRevenue": 2408000000,
    "grossProfit": 1600000000,
    "grossProfitRatio": 0.3992015968,
    "researchAndDevelopmentExpenses": 114000000,
    "generalAndAdministrativeExpenses": 0,
    "sellingAndMarketingExpenses": 0,
    "sellingGeneralAndAdministrativeExpenses": 920000000,
    "otherExpenses": -25000000,
    "operatingExpenses": 1009000000,
    "costAndExpenses": 3417000000,
    "interestIncome": 0,
    "interestExpense": 0,
    "depreciationAndAmortization": 412000000,
    "ebitda": 977700000,
    "ebitdaratio": 0.2439371257,
    "operatingIncome": 591000000,
    "operatingIncomeRatio": 0.1474550898,
    "totalOtherIncomeExpensesNet": 18600000,
    "incomeBeforeTax": 609000000,
    "incomeBeforeTaxRatio": 0.1519461078,
    "incomeTaxExpense": 193000000,
    "netIncome": 416000000,
    "netIncomeRatio": 0.1037924152,
    "eps": 1.86,
    "epsdiluted": 1.83,
    "weightedAverageShsOut": 223871000,
    "weightedAverageShsOutDil": 227541000,
    "link": "https://www.sec.gov/Archives/edgar/data/2969/000095012396007278/0000950123-96-007278-index.html",
    "finalLink": "https://www.sec.gov/Archives/edgar/data/2969/"
  },
  {
    "date": "1995-09-30",
    "symbol": "APD",
    "reportedCurrency": "USD",
    "cik": "0000002969",
    "fillingDate": "1995-12-12",
    "acceptedDate": "1995-12-12 00:00:00",
    "calendarYear": "1995",
    "period": "FY",
    "revenue": 3865000000,
    "costOfRevenue": 2317000000,
    "grossProfit": 1548000000,
    "grossProfitRatio": 0.4005174644,
    "researchAndDevelopmentExpenses": 103000000,
    "generalAndAdministrativeExpenses": 0,
    "sellingAndMarketingExpenses": 0,
    "sellingGeneralAndAdministrativeExpenses": 869000000,
    "otherExpenses": -26000000,
    "operatingExpenses": 946000000,
    "costAndExpenses": 3288900000,
    "interestIncome": 0,
    "interestExpense": 0,
    "depreciationAndAmortization": 382000000,
    "ebitda": 958600000,
    "ebitdaratio": 0.2480206986,
    "operatingIncome": 576400000,
    "operatingIncomeRatio": 0.1491332471,
    "totalOtherIncomeExpensesNet": -23600000,
    "incomeBeforeTax": 553000000,
    "incomeBeforeTaxRatio": 0.1430789133,
    "incomeTaxExpense": 185000000,
    "netIncome": 368000000,
    "netIncomeRatio": 0.0952134541,
    "eps": 1.65,
    "epsdiluted": 1.65,
    "weightedAverageShsOut": 223152000,
    "weightedAverageShsOutDil": 223152000,
    "link": "https://www.sec.gov/Archives/edgar/data/2969/000095012395003670/0000950123-95-003670-index.html",
    "finalLink": "https://www.sec.gov/Archives/edgar/data/2969/"
  },
  {
    "date": "1994-09-30",
    "symbol": "APD",
    "reportedCurrency": "USD",
    "cik": "0000002969",
    "fillingDate": "1994-12-08",
    "acceptedDate": "1994-12-08 00:00:00",
    "calendarYear": "1994",
    "period": "FY",
    "revenue": 3485300000,
    "costOfRevenue": 2111500000,
    "grossProfit": 1373800000,
    "grossProfitRatio": 0.3941697989,
    "researchAndDevelopmentExpenses": 97400000,
    "generalAndAdministrativeExpenses": 0,
    "sellingAndMarketingExpenses": 0,
    "sellingGeneralAndAdministrativeExpenses": 788800000,
    "otherExpenses": 1500000,
    "operatingExpenses": 887700000,
    "costAndExpenses": 2999200000,
    "interestIncome": 0,
    "interestExpense": 0,
    "depreciationAndAmortization": 352800000,
    "ebitda": 838900000,
    "ebitdaratio": 0.2406966402,
    "operatingIncome": 486100000,
    "operatingIncomeRatio": 0.1394714946,
    "totalOtherIncomeExpensesNet": -160800000,
    "incomeBeforeTax": 325300000,
    "incomeBeforeTaxRatio": 0.0933348636,
    "incomeTaxExpense": 91800000,
    "netIncome": 247800000,
    "netIncomeRatio": 0.0710986142,
    "eps": 1.09,
    "epsdiluted": 1.07,
    "weightedAverageShsOut": 227200000,
    "weightedAverageShsOutDil": 227200000,
    "link": "https://www.sec.gov/Archives/edgar/data/2969/000095012394002010/0000950123-94-002010-index.html",
    "finalLink": "https://www.sec.gov/Archives/edgar/data/2969/"
  },
  {
    "date": "1993-09-30",
    "symbol": "APD",
    "reportedCurrency": "USD",
    "cik": "0000002969",
    "fillingDate": "1994-03-18",
    "acceptedDate": "1994-03-18 00:00:00",
    "calendarYear": "1993",
    "period": "FY",
    "revenue": 3327700000,
    "costOfRevenue": 1684200000,
    "grossProfit": 1643500000,
    "grossProfitRatio": 0.4938846651,
    "researchAndDevelopmentExpenses": 0,
    "generalAndAdministrativeExpenses": 0,
    "sellingAndMarketingExpenses": 0,
    "sellingGeneralAndAdministrativeExpenses": 956300000,
    "otherExpenses": 345700000,
    "operatingExpenses": 1302000000,
    "costAndExpenses": 2986200000,
    "interestIncome": 0,
    "interestExpense": 0,
    "depreciationAndAmortization": 345700000,
    "ebitda": 687200000,
    "ebitdaratio": 0.2065090002,
    "operatingIncome": 341500000,
    "operatingIncomeRatio": 0.1026234336,
    "totalOtherIncomeExpensesNet": -40700000,
    "incomeBeforeTax": 300800000,
    "incomeBeforeTaxRatio": 0.0903927638,
    "incomeTaxExpense": 99900000,
    "netIncome": 200900000,
    "netIncomeRatio": 0.0603720287,
    "eps": 0.88,
    "epsdiluted": 0.87,
    "weightedAverageShsOut": 228295000,
    "weightedAverageShsOutDil": 230920000,
    "link": "https://www.sec.gov/Archives/edgar/data/2969/000095012394000538/0000950123-94-000538-index.html",
    "finalLink": "https://www.sec.gov/Archives/edgar/data/2969/"
  },
  {
    "date": "1992-09-30",
    "symbol": "APD",
    "reportedCurrency": "USD",
    "cik": "0000002969",
    "fillingDate": "1992-09-30",
    "acceptedDate": "1992-09-29 20:00:00",
    "calendarYear": "1992",
    "period": "FY",
    "revenue": 3217300000,
    "costOfRevenue": 1596500000,
    "grossProfit": 1620800000,
    "grossProfitRatio": 0.5037764585,
    "researchAndDevelopmentExpenses": 0,
    "generalAndAdministrativeExpenses": 0,
    "sellingAndMarketingExpenses": 0,
    "sellingGeneralAndAdministrativeExpenses": 808900000,
    "otherExpenses": 340200000,
    "operatingExpenses": 1149100000,
    "costAndExpenses": 2745600000,
    "interestIncome": 0,
    "interestExpense": 0,
    "depreciationAndAmortization": 340200000,
    "ebitda": 811900000,
    "ebitdaratio": 0.2523544587,
    "operatingIncome": 471700000,
    "operatingIncomeRatio": 0.1466136201,
    "totalOtherIncomeExpensesNet": -64700000,
    "incomeBeforeTax": 407000000,
    "incomeBeforeTaxRatio": 0.12650359,
    "incomeTaxExpense": 130000000,
    "netIncome": 271000000,
    "netIncomeRatio": 0.0842321201,
    "eps": 1.2,
    "epsdiluted": 1.17,
    "weightedAverageShsOut": 225833000,
    "weightedAverageShsOutDil": 231624000,
    "link": "",
    "finalLink": ""
  },
  {
    "date": "1991-09-30",
    "symbol": "APD",
    "reportedCurrency": "USD",
    "cik": "0000002969",
    "fillingDate": "1991-09-30",
    "acceptedDate": "1991-09-29 20:00:00",
    "calendarYear": "1991",
    "period": "FY",
    "revenue": 2931100000,
    "costOfRevenue": 1435900000,
    "grossProfit": 1495200000,
    "grossProfitRatio": 0.5101156562,
    "researchAndDevelopmentExpenses": 0,
    "generalAndAdministrativeExpenses": 0,
    "sellingAndMarketingExpenses": 0,
    "sellingGeneralAndAdministrativeExpenses": 766600000,
    "otherExpenses": 319100000,
    "operatingExpenses": 1085700000,
    "costAndExpenses": 2521600000,
    "interestIncome": 0,
    "interestExpense": 0,
    "depreciationAndAmortization": 319100000,
    "ebitda": 728600000,
    "ebitdaratio": 0.2485756201,
    "operatingIncome": 409500000,
    "operatingIncomeRatio": 0.1397086418,
    "totalOtherIncomeExpensesNet": -46900000,
    "incomeBeforeTax": 362600000,
    "incomeBeforeTaxRatio": 0.123707823,
    "incomeTaxExpense": 113700000,
    "netIncome": 248900000,
    "netIncomeRatio": 0.0849169254,
    "eps": 1.11,
    "epsdiluted": 1.09,
    "weightedAverageShsOut": 224234000,
    "weightedAverageShsOutDil": 228349000,
    "link": "",
    "finalLink": ""
  },
  {
    "date": "1990-09-30",
    "symbol": "APD",
    "reportedCurrency": "USD",
    "cik": "0000002969",
    "fillingDate": "1990-09-30",
    "acceptedDate": "1990-09-29 20:00:00",
    "calendarYear": "1990",
    "period": "FY",
    "revenue": 2894700000,
    "costOfRevenue": 1471900000,
    "grossProfit": 1422800000,
    "grossProfitRatio": 0.491518983,
    "researchAndDevelopmentExpenses": 0,
    "generalAndAdministrativeExpenses": 0,
    "sellingAndMarketingExpenses": 0,
    "sellingGeneralAndAdministrativeExpenses": 730500000,
    "otherExpenses": 303200000,
    "operatingExpenses": 1033700000,
    "costAndExpenses": 2505600000,
    "interestIncome": 0,
    "interestExpense": 0,
    "depreciationAndAmortization": 303200000,
    "ebitda": 692300000,
    "ebitdaratio": 0.2391612257,
    "operatingIncome": 389100000,
    "operatingIncomeRatio": 0.1344180744,
    "totalOtherIncomeExpensesNet": -52300000,
    "incomeBeforeTax": 336800000,
    "incomeBeforeTaxRatio": 0.1163505717,
    "incomeTaxExpense": 106900000,
    "netIncome": 229900000,
    "netIncomeRatio": 0.0794210108,
    "eps": 1.04,
    "epsdiluted": 1.02,
    "weightedAverageShsOut": 221058000,
    "weightedAverageShsOutDil": 225392000,
    "link": "",
    "finalLink": ""
  },
  {
    "date": "1989-09-30",
    "symbol": "APD",
    "reportedCurrency": "USD",
    "cik": "0000002969",
    "fillingDate": "1989-09-30",
    "acceptedDate": "1989-09-29 20:00:00",
    "calendarYear": "1989",
    "period": "FY",
    "revenue": 2641800000,
    "costOfRevenue": 1319700000,
    "grossProfit": 1322100000,
    "grossProfitRatio": 0.5004542357,
    "researchAndDevelopmentExpenses": 0,
    "generalAndAdministrativeExpenses": 0,
    "sellingAndMarketingExpenses": 0,
    "sellingGeneralAndAdministrativeExpenses": 681400000,
    "otherExpenses": 281200000,
    "operatingExpenses": 962600000,
    "costAndExpenses": 2282300000,
    "interestIncome": 0,
    "interestExpense": 0,
    "depreciationAndAmortization": 281200000,
    "ebitda": 640700000,
    "ebitdaratio": 0.2425240366,
    "operatingIncome": 359500000,
    "operatingIncomeRatio": 0.1360814596,
    "totalOtherIncomeExpensesNet": -38000000,
    "incomeBeforeTax": 321500000,
    "incomeBeforeTaxRatio": 0.1216973276,
    "incomeTaxExpense": 99400000,
    "netIncome": 222100000,
    "netIncomeRatio": 0.0840714664,
    "eps": 1.01,
    "epsdiluted": 0.99,
    "weightedAverageShsOut": 219901000,
    "weightedAverageShsOutDil": 224343000,
    "link": "",
    "finalLink": ""
  },
  {
    "date": "1988-09-30",
    "symbol": "APD",
    "reportedCurrency": "USD",
    "cik": "0000002969",
    "fillingDate": "1988-09-30",
    "acceptedDate": "1988-09-29 20:00:00",
    "calendarYear": "1988",
    "period": "FY",
    "revenue": 2431900000,
    "costOfRevenue": 1193900000,
    "grossProfit": 1238000000,
    "grossProfitRatio": 0.5090669847,
    "researchAndDevelopmentExpenses": 0,
    "generalAndAdministrativeExpenses": 0,
    "sellingAndMarketingExpenses": 0,
    "sellingGeneralAndAdministrativeExpenses": 617200000,
    "otherExpenses": 257600000,
    "operatingExpenses": 874800000,
    "costAndExpenses": 2068700000,
    "interestIncome": 0,
    "interestExpense": 0,
    "depreciationAndAmortization": 257600000,
    "ebitda": 620800000,
    "ebitdaratio": 0.2552736543,
    "operatingIncome": 363200000,
    "operatingIncomeRatio": 0.1493482462,
    "totalOtherIncomeExpensesNet": -59600000,
    "incomeBeforeTax": 303600000,
    "incomeBeforeTaxRatio": 0.1248406596,
    "incomeTaxExpense": 89900000,
    "netIncome": 213700000,
    "netIncomeRatio": 0.087873679,
    "eps": 0.98,
    "epsdiluted": 0.98,
    "weightedAverageShsOut": 218061000,
    "weightedAverageShsOutDil": 218061000,
    "link": "",
    "finalLink": ""
  },
  {
    "date": "1987-09-30",
    "symbol": "APD",
    "reportedCurrency": "USD",
    "cik": "0000002969",
    "fillingDate": "1987-09-30",
    "acceptedDate": "1987-09-29 20:00:00",
    "calendarYear": "1987",
    "period": "FY",
    "revenue": 2132200000,
    "costOfRevenue": 1032500000,
    "grossProfit": 1099700000,
    "grossProfitRatio": 0.5157583716,
    "researchAndDevelopmentExpenses": 0,
    "generalAndAdministrativeExpenses": 0,
    "sellingAndMarketingExpenses": 0,
    "sellingGeneralAndAdministrativeExpenses": 546700000,
    "otherExpenses": 243000000,
    "operatingExpenses": 789700000,
    "costAndExpenses": 1822200000,
    "interestIncome": 0,
    "interestExpense": 0,
    "depreciationAndAmortization": 243000000,
    "ebitda": 553000000,
    "ebitdaratio": 0.2593565332,
    "operatingIncome": 310000000,
    "operatingIncomeRatio": 0.1453897383,
    "totalOtherIncomeExpensesNet": -67100000,
    "incomeBeforeTax": 242900000,
    "incomeBeforeTaxRatio": 0.1139198949,
    "incomeTaxExpense": 83200000,
    "netIncome": 159700000,
    "netIncomeRatio": 0.0748991652,
    "eps": 0.71,
    "epsdiluted": 0.71,
    "weightedAverageShsOut": 224930000,
    "weightedAverageShsOutDil": 224930000,
    "link": "",
    "finalLink": ""
  },
  {
    "date": "1986-09-30",
    "symbol": "APD",
    "reportedCurrency": "USD",
    "cik": "0000002969",
    "fillingDate": "1986-09-30",
    "acceptedDate": "1986-09-29 20:00:00",
    "calendarYear": "1986",
    "period": "FY",
    "revenue": 1982100000,
    "costOfRevenue": 917300000,
    "grossProfit": 1064800000,
    "grossProfitRatio": 0.5372080117,
    "researchAndDevelopmentExpenses": 0,
    "generalAndAdministrativeExpenses": 0,
    "sellingAndMarketingExpenses": 0,
    "sellingGeneralAndAdministrativeExpenses": 579600000,
    "otherExpenses": 228800000,
    "operatingExpenses": 808400000,
    "costAndExpenses": 1725700000,
    "interestIncome": 0,
    "interestExpense": 0,
    "depreciationAndAmortization": 228800000,
    "ebitda": 485200000,
    "ebitdaratio": 0.2447908784,
    "operatingIncome": 256400000,
    "operatingIncomeRatio": 0.1293577519,
    "totalOtherIncomeExpensesNet": -248800000,
    "incomeBeforeTax": 7600000,
    "incomeBeforeTaxRatio": 0.0038343171,
    "incomeTaxExpense": 2900000,
    "netIncome": 4700000,
    "netIncomeRatio": 0.0023712224,
    "eps": 0.02,
    "epsdiluted": 0.02,
    "weightedAverageShsOut": 235000000,
    "weightedAverageShsOutDil": 235000000,
    "link": "",
    "finalLink": ""
  },
  {
    "date": "1985-09-30",
    "symbol": "APD",
    "reportedCurrency": "USD",
    "cik": "0000002969",
    "fillingDate": "1985-09-30",
    "acceptedDate": "1985-09-29 20:00:00",
    "calendarYear": "1985",
    "period": "FY",
    "revenue": 1829600000,
    "costOfRevenue": 865300000,
    "grossProfit": 964300000,
    "grossProfitRatio": 0.527055094,
    "researchAndDevelopmentExpenses": 0,
    "generalAndAdministrativeExpenses": 0,
    "sellingAndMarketingExpenses": 0,
    "sellingGeneralAndAdministrativeExpenses": 524100000,
    "otherExpenses": 197200000,
    "operatingExpenses": 721300000,
    "costAndExpenses": 1586600000,
    "interestIncome": 0,
    "interestExpense": 0,
    "depreciationAndAmortization": 197200000,
    "ebitda": 440200000,
    "ebitdaratio": 0.240599038,
    "operatingIncome": 243000000,
    "operatingIncomeRatio": 0.132815916,
    "totalOtherIncomeExpensesNet": -25300000,
    "incomeBeforeTax": 217700000,
    "incomeBeforeTaxRatio": 0.1189877569,
    "incomeTaxExpense": 74200000,
    "netIncome": 143500000,
    "netIncomeRatio": 0.0784324443,
    "eps": 0.6,
    "epsdiluted": 0.6,
    "weightedAverageShsOut": 239167000,
    "weightedAverageShsOutDil": 239167000,
    "link": "",
    "finalLink": ""
  }
]