[
  {
    "date": "2025-06-30",
    "symbol": "APH",
    "reportedCurrency": "USD",
    "cik": "0000820313",
    "fillingDate": "2025-07-25",
    "acceptedDate": "2025-07-25 16:06:08",
    "calendarYear": "2025",
    "period": "Q2",
    "revenue": 5650300000,
    "costOfRevenue": 3597000000,
    "grossProfit": 2053300000,
    "grossProfitRatio": 0.3633966338,
    "researchAndDevelopmentExpenses": 0,
    "generalAndAdministrativeExpenses": 0,
    "sellingAndMarketingExpenses": 0,
    "sellingGeneralAndAdministrativeExpenses": 622500000,
    "otherExpenses": 0,
    "operatingExpenses": 622500000,
    "costAndExpenses": 4219500000,
    "interestIncome": 0,
    "interestExpense": 80900000,
    "depreciationAndAmortization": 209400000,
    "ebitda": 1638400000,
    "ebitdaratio": 0.2899669044,
    "operatingIncome": 1430800000,
    "operatingIncomeRatio": 0.2532254925,
    "totalOtherIncomeExpensesNet": -82700000,
    "incomeBeforeTax": 1348100000,
    "incomeBeforeTaxRatio": 0.2385891015,
    "incomeTaxExpense": 247300000,
    "netIncome": 1091300000,
    "netIncomeRatio": 0.1931401872,
    "eps": 0.9,
    "epsdiluted": 0.86,
    "weightedAverageShsOut": 1212500000,
    "weightedAverageShsOutDil": 1269200000,
    "link": "https://www.sec.gov/Archives/edgar/data/820313/000155837025009610/0001558370-25-009610-index.htm",
    "finalLink": "https://www.sec.gov/Archives/edgar/data/820313/000155837025009610/aph-20250630x10q.htm"
  },
  {
    "date": "2025-03-31",
    "symbol": "APH",
    "reportedCurrency": "USD",
    "cik": "0000820313",
    "fillingDate": "2025-04-25",
    "acceptedDate": "2025-04-25 16:15:41",
    "calendarYear": "2025",
    "period": "Q1",
    "revenue": 4811000000,
    "costOfRevenue": 3167000000,
    "grossProfit": 1644000000,
    "grossProfitRatio": 0.3417168988,
    "researchAndDevelopmentExpenses": 0,
    "generalAndAdministrativeExpenses": 0,
    "sellingAndMarketingExpenses": 0,
    "sellingGeneralAndAdministrativeExpenses": 575200000,
    "otherExpenses": 0,
    "operatingExpenses": 575200000,
    "costAndExpenses": 3742200000,
    "interestIncome": 0,
    "interestExpense": 76500000,
    "depreciationAndAmortization": 236300000,
    "ebitda": 1275700000,
    "ebitdaratio": 0.2651631677,
    "operatingIncome": 1068800000,
    "operatingIncomeRatio": 0.2221575556,
    "totalOtherIncomeExpensesNet": -105900000,
    "incomeBeforeTax": 962900000,
    "incomeBeforeTaxRatio": 0.2001454999,
    "incomeTaxExpense": 218700000,
    "netIncome": 737800000,
    "netIncomeRatio": 0.1533568905,
    "eps": 0.61,
    "epsdiluted": 0.58,
    "weightedAverageShsOut": 1209800000,
    "weightedAverageShsOutDil": 1266200000,
    "link": "https://www.sec.gov/Archives/edgar/data/820313/000155837025005558/0001558370-25-005558-index.htm",
    "finalLink": "https://www.sec.gov/Archives/edgar/data/820313/000155837025005558/aph-20250331x10q.htm"
  },
  {
    "date": "2024-12-31",
    "symbol": "APH",
    "reportedCurrency": "USD",
    "cik": "0000820313",
    "fillingDate": "2025-02-07",
    "acceptedDate": "2025-02-07 16:43:42",
    "calendarYear": "2024",
    "period": "Q4",
    "revenue": 4317900000,
    "costOfRevenue": 2837200000,
    "grossProfit": 1480700000,
    "grossProfitRatio": 0.3429213275,
    "researchAndDevelopmentExpenses": 0,
    "generalAndAdministrativeExpenses": 0,
    "sellingAndMarketingExpenses": 0,
    "sellingGeneralAndAdministrativeExpenses": 515000000,
    "otherExpenses": 0,
    "operatingExpenses": 515000000,
    "costAndExpenses": 3352200000,
    "interestIncome": 0,
    "interestExpense": 66900000,
    "depreciationAndAmortization": 143800000,
    "ebitda": 1121100000,
    "ebitdaratio": 0.2596401028,
    "operatingIncome": 965700000,
    "operatingIncomeRatio": 0.2236503856,
    "totalOtherIncomeExpensesNet": -55300000,
    "incomeBeforeTax": 910400000,
    "incomeBeforeTaxRatio": 0.210843234,
    "incomeTaxExpense": 158400000,
    "netIncome": 746200000,
    "netIncomeRatio": 0.172815489,
    "eps": 0.62,
    "epsdiluted": 0.59,
    "weightedAverageShsOut": 1203800000,
    "weightedAverageShsOutDil": 1268100000,
    "link": "https://www.sec.gov/Archives/edgar/data/820313/000155837025000714/0001558370-25-000714-index.htm",
    "finalLink": "https://www.sec.gov/Archives/edgar/data/820313/000155837025000714/aph-20241231x10k.htm"
  },
  {
    "date": "2024-09-30",
    "symbol": "APH",
    "reportedCurrency": "USD",
    "cik": "0000820313",
    "fillingDate": "2024-10-25",
    "acceptedDate": "2024-10-25 16:50:28",
    "calendarYear": "2024",
    "period": "Q3",
    "revenue": 4038800000,
    "costOfRevenue": 2681900000,
    "grossProfit": 1356900000,
    "grossProfitRatio": 0.3359661286,
    "researchAndDevelopmentExpenses": 0,
    "generalAndAdministrativeExpenses": 0,
    "sellingAndMarketingExpenses": 0,
    "sellingGeneralAndAdministrativeExpenses": 492000000,
    "otherExpenses": 0,
    "operatingExpenses": 492000000,
    "costAndExpenses": 3173900000,
    "interestIncome": 0,
    "interestExpense": 55700000,
    "depreciationAndAmortization": 201200000,
    "ebitda": 1031900000,
    "ebitdaratio": 0.2554966822,
    "operatingIncome": 864900000,
    "operatingIncomeRatio": 0.2141477667,
    "totalOtherIncomeExpensesNet": -89900000,
    "incomeBeforeTax": 775000000,
    "incomeBeforeTaxRatio": 0.1918886798,
    "incomeTaxExpense": 166100000,
    "netIncome": 604400000,
    "netIncomeRatio": 0.1496484104,
    "eps": 0.5,
    "epsdiluted": 0.48,
    "weightedAverageShsOut": 1204900000,
    "weightedAverageShsOutDil": 1265500000,
    "link": "https://www.sec.gov/Archives/edgar/data/820313/000155837024013696/0001558370-24-013696-index.htm",
    "finalLink": "https://www.sec.gov/Archives/edgar/data/820313/000155837024013696/aph-20240930x10q.htm"
  },
  {
    "date": "2024-06-30",
    "symbol": "APH",
    "reportedCurrency": "USD",
    "cik": "0000820313",
    "fillingDate": "2024-07-26",
    "acceptedDate": "2024-07-26 16:33:58",
    "calendarYear": "2024",
    "period": "Q2",
    "revenue": 3609700000,
    "costOfRevenue": 2396600000,
    "grossProfit": 1213100000,
    "grossProfitRatio": 0.3360667091,
    "researchAndDevelopmentExpenses": 0,
    "generalAndAdministrativeExpenses": 0,
    "sellingAndMarketingExpenses": 0,
    "sellingGeneralAndAdministrativeExpenses": 444300000,
    "otherExpenses": 0,
    "operatingExpenses": 444300000,
    "costAndExpenses": 2840900000,
    "interestIncome": 0,
    "interestExpense": 56300000,
    "depreciationAndAmortization": 123600000,
    "ebitda": 843700000,
    "ebitdaratio": 0.233731335,
    "operatingIncome": 768800000,
    "operatingIncomeRatio": 0.2129816882,
    "totalOtherIncomeExpensesNet": -105000000,
    "incomeBeforeTax": 663800000,
    "incomeBeforeTaxRatio": 0.1838933983,
    "incomeTaxExpense": 135100000,
    "netIncome": 524800000,
    "netIncomeRatio": 0.1453860432,
    "eps": 0.44,
    "epsdiluted": 0.41,
    "weightedAverageShsOut": 1202300000,
    "weightedAverageShsOutDil": 1264900000,
    "link": "https://www.sec.gov/Archives/edgar/data/820313/000155837024010246/0001558370-24-010246-index.htm",
    "finalLink": "https://www.sec.gov/Archives/edgar/data/820313/000155837024010246/aph-20240630x10q.htm"
  },
  {
    "date": "2024-03-31",
    "symbol": "APH",
    "reportedCurrency": "USD",
    "cik": "0000820313",
    "fillingDate": "2024-04-26",
    "acceptedDate": "2024-04-26 16:38:37",
    "calendarYear": "2024",
    "period": "Q1",
    "revenue": 3256300000,
    "costOfRevenue": 2167300000,
    "grossProfit": 1089000000,
    "grossProfitRatio": 0.334428646,
    "researchAndDevelopmentExpenses": 0,
    "generalAndAdministrativeExpenses": 0,
    "sellingAndMarketingExpenses": 0,
    "sellingGeneralAndAdministrativeExpenses": 404200000,
    "otherExpenses": 0,
    "operatingExpenses": 404200000,
    "costAndExpenses": 2571500000,
    "interestIncome": 0,
    "interestExpense": 38100000,
    "depreciationAndAmortization": 103800000,
    "ebitda": 804600000,
    "ebitdaratio": 0.2470902558,
    "operatingIncome": 684800000,
    "operatingIncomeRatio": 0.2103000338,
    "totalOtherIncomeExpensesNet": -22100000,
    "incomeBeforeTax": 662700000,
    "incomeBeforeTaxRatio": 0.2035131898,
    "incomeTaxExpense": 110700000,
    "netIncome": 548700000,
    "netIncomeRatio": 0.1685041305,
    "eps": 0.46,
    "epsdiluted": 0.44,
    "weightedAverageShsOut": 1200000000,
    "weightedAverageShsOutDil": 1255800000,
    "link": "https://www.sec.gov/Archives/edgar/data/820313/000155837024005928/0001558370-24-005928-index.htm",
    "finalLink": "https://www.sec.gov/Archives/edgar/data/820313/000155837024005928/aph-20240331x10q.htm"
  },
  {
    "date": "2023-12-31",
    "symbol": "APH",
    "reportedCurrency": "USD",
    "cik": "0000820313",
    "fillingDate": "2024-02-07",
    "acceptedDate": "2024-02-07 16:41:10",
    "calendarYear": "2023",
    "period": "Q4",
    "revenue": 3327500000,
    "costOfRevenue": 2227100000,
    "grossProfit": 1100400000,
    "grossProfitRatio": 0.3306987228,
    "researchAndDevelopmentExpenses": 0,
    "generalAndAdministrativeExpenses": 0,
    "sellingAndMarketingExpenses": 0,
    "sellingGeneralAndAdministrativeExpenses": 394100000,
    "otherExpenses": 0,
    "operatingExpenses": 394100000,
    "costAndExpenses": 2621200000,
    "interestIncome": 0,
    "interestExpense": 35000000,
    "depreciationAndAmortization": 115000000,
    "ebitda": 815500000,
    "ebitdaratio": 0.2450788881,
    "operatingIncome": 706300000,
    "operatingIncomeRatio": 0.2122614576,
    "totalOtherIncomeExpensesNet": -40800000,
    "incomeBeforeTax": 665500000,
    "incomeBeforeTaxRatio": 0.2,
    "incomeTaxExpense": 146300000,
    "netIncome": 514400000,
    "netIncomeRatio": 0.1545905334,
    "eps": 0.43,
    "epsdiluted": 0.42,
    "weightedAverageShsOut": 1196400000,
    "weightedAverageShsOutDil": 1244600000,
    "link": "https://www.sec.gov/Archives/edgar/data/820313/000155837024000866/0001558370-24-000866-index.htm",
    "finalLink": "https://www.sec.gov/Archives/edgar/data/820313/000155837024000866/aph-20231231x10k.htm"
  },
  {
    "date": "2023-09-30",
    "symbol": "APH",
    "reportedCurrency": "USD",
    "cik": "0000820313",
    "fillingDate": "2023-10-27",
    "acceptedDate": "2023-10-27 16:31:08",
    "calendarYear": "2023",
    "period": "Q3",
    "revenue": 3199200000,
    "costOfRevenue": 2150700000,
    "grossProfit": 1048500000,
    "grossProfitRatio": 0.3277381845,
    "researchAndDevelopmentExpenses": 0,
    "generalAndAdministrativeExpenses": 0,
    "sellingAndMarketingExpenses": 0,
    "sellingGeneralAndAdministrativeExpenses": 381600000,
    "otherExpenses": 0,
    "operatingExpenses": 381600000,
    "costAndExpenses": 2532300000,
    "interestIncome": 0,
    "interestExpense": 33600000,
    "depreciationAndAmortization": 101000000,
    "ebitda": 768100000,
    "ebitdaratio": 0.2400912728,
    "operatingIncome": 666900000,
    "operatingIncomeRatio": 0.2084583646,
    "totalOtherIncomeExpensesNet": -33400000,
    "incomeBeforeTax": 633500000,
    "incomeBeforeTaxRatio": 0.1980182546,
    "incomeTaxExpense": 115200000,
    "netIncome": 513900000,
    "netIncomeRatio": 0.1606339085,
    "eps": 0.43,
    "epsdiluted": 0.42,
    "weightedAverageShsOut": 1195400000,
    "weightedAverageShsOutDil": 1244000000,
    "link": "https://www.sec.gov/Archives/edgar/data/820313/000155837023016952/0001558370-23-016952-index.htm",
    "finalLink": "https://www.sec.gov/Archives/edgar/data/820313/000155837023016952/aph-20230930x10q.htm"
  },
  {
    "date": "2023-06-30",
    "symbol": "APH",
    "reportedCurrency": "USD",
    "cik": "0000820313",
    "fillingDate": "2023-07-28",
    "acceptedDate": "2023-07-28 16:32:59",
    "calendarYear": "2023",
    "period": "Q2",
    "revenue": 3053900000,
    "costOfRevenue": 2062199999,
    "grossProfit": 991700000,
    "grossProfitRatio": 0.3247323095,
    "researchAndDevelopmentExpenses": 0,
    "generalAndAdministrativeExpenses": 0,
    "sellingAndMarketingExpenses": 0,
    "sellingGeneralAndAdministrativeExpenses": 367800000,
    "otherExpenses": 0,
    "operatingExpenses": 367800000,
    "costAndExpenses": 2430000000,
    "interestIncome": 0,
    "interestExpense": 35000000,
    "depreciationAndAmortization": 94100000,
    "ebitda": 725000000,
    "ebitdaratio": 0.2374013556,
    "operatingIncome": 623900000,
    "operatingIncomeRatio": 0.2042961459,
    "totalOtherIncomeExpensesNet": -28000000,
    "incomeBeforeTax": 595900000,
    "incomeBeforeTaxRatio": 0.1951275418,
    "incomeTaxExpense": 130600000,
    "netIncome": 460500000,
    "netIncomeRatio": 0.1507907921,
    "eps": 0.39,
    "epsdiluted": 0.37,
    "weightedAverageShsOut": 1190000000,
    "weightedAverageShsOutDil": 1236400000,
    "link": "https://www.sec.gov/Archives/edgar/data/820313/000155837023012484/0001558370-23-012484-index.htm",
    "finalLink": "https://www.sec.gov/Archives/edgar/data/820313/000155837023012484/aph-20230630x10q.htm"
  },
  {
    "date": "2023-03-31",
    "symbol": "APH",
    "reportedCurrency": "USD",
    "cik": "0000820313",
    "fillingDate": "2023-04-28",
    "acceptedDate": "2023-04-28 17:16:11",
    "calendarYear": "2023",
    "period": "Q1",
    "revenue": 2974000000,
    "costOfRevenue": 2030600000,
    "grossProfit": 943400000,
    "grossProfitRatio": 0.3172158709,
    "researchAndDevelopmentExpenses": 0,
    "generalAndAdministrativeExpenses": 0,
    "sellingAndMarketingExpenses": 0,
    "sellingGeneralAndAdministrativeExpenses": 346300000,
    "otherExpenses": 0,
    "operatingExpenses": 346300000,
    "costAndExpenses": 2376900000,
    "interestIncome": 0,
    "interestExpense": 35900000,
    "depreciationAndAmortization": 96300000,
    "ebitda": 692100000,
    "ebitdaratio": 0.2327168796,
    "operatingIncome": 597100000,
    "operatingIncomeRatio": 0.2007733692,
    "totalOtherIncomeExpensesNet": -37200000,
    "incomeBeforeTax": 559900000,
    "incomeBeforeTaxRatio": 0.188264963,
    "incomeTaxExpense": 117200000,
    "netIncome": 439200000,
    "netIncomeRatio": 0.1476798924,
    "eps": 0.37,
    "epsdiluted": 0.36,
    "weightedAverageShsOut": 1190200000,
    "weightedAverageShsOutDil": 1239800000,
    "link": "https://www.sec.gov/Archives/edgar/data/820313/000155837023007328/0001558370-23-007328-index.htm",
    "finalLink": "https://www.sec.gov/Archives/edgar/data/820313/000155837023007328/aph-20230331x10q.htm"
  },
  {
    "date": "2022-12-31",
    "symbol": "APH",
    "reportedCurrency": "USD",
    "cik": "0000820313",
    "fillingDate": "2023-02-08",
    "acceptedDate": "2023-02-08 16:37:48",
    "calendarYear": "2022",
    "period": "Q4",
    "revenue": 3239200000,
    "costOfRevenue": 2201700000,
    "grossProfit": 1037500000,
    "grossProfitRatio": 0.3202951346,
    "researchAndDevelopmentExpenses": 0,
    "generalAndAdministrativeExpenses": 0,
    "sellingAndMarketingExpenses": 0,
    "sellingGeneralAndAdministrativeExpenses": 361800000,
    "otherExpenses": 0,
    "operatingExpenses": 361800000,
    "costAndExpenses": 2563500000,
    "interestIncome": 0,
    "interestExpense": 37100000,
    "depreciationAndAmortization": 108300000,
    "ebitda": 777900000,
    "ebitdaratio": 0.2401518894,
    "operatingIncome": 675700000,
    "operatingIncomeRatio": 0.2086008891,
    "totalOtherIncomeExpensesNet": -43200000,
    "incomeBeforeTax": 632500000,
    "incomeBeforeTaxRatio": 0.1952642628,
    "incomeTaxExpense": 121500000,
    "netIncome": 507500000,
    "netIncomeRatio": 0.1566744875,
    "eps": 0.43,
    "epsdiluted": 0.41,
    "weightedAverageShsOut": 1189800000,
    "weightedAverageShsOutDil": 1239000000,
    "link": "https://www.sec.gov/Archives/edgar/data/820313/000155837023001036/0001558370-23-001036-index.htm",
    "finalLink": "https://www.sec.gov/Archives/edgar/data/820313/000155837023001036/aph-20221231x10k.htm"
  },
  {
    "date": "2022-09-30",
    "symbol": "APH",
    "reportedCurrency": "USD",
    "cik": "0000820313",
    "fillingDate": "2022-10-28",
    "acceptedDate": "2022-10-28 16:25:10",
    "calendarYear": "2022",
    "period": "Q3",
    "revenue": 3295200000,
    "costOfRevenue": 2235200000,
    "grossProfit": 1060000000,
    "grossProfitRatio": 0.3216800194,
    "researchAndDevelopmentExpenses": 0,
    "generalAndAdministrativeExpenses": 0,
    "sellingAndMarketingExpenses": 0,
    "sellingGeneralAndAdministrativeExpenses": 366900000,
    "otherExpenses": 0,
    "operatingExpenses": 366900000,
    "costAndExpenses": 2602100000,
    "interestIncome": 0,
    "interestExpense": 32799999,
    "depreciationAndAmortization": 102700000,
    "ebitda": 786400000,
    "ebitdaratio": 0.2386501578,
    "operatingIncome": 693100000,
    "operatingIncomeRatio": 0.2103362467,
    "totalOtherIncomeExpensesNet": -42200000,
    "incomeBeforeTax": 650900000,
    "incomeBeforeTaxRatio": 0.1975297402,
    "incomeTaxExpense": 150400000,
    "netIncome": 496600000,
    "netIncomeRatio": 0.1507040544,
    "eps": 0.42,
    "epsdiluted": 0.4,
    "weightedAverageShsOut": 1190600000,
    "weightedAverageShsOutDil": 1238600000,
    "link": "https://www.sec.gov/Archives/edgar/data/820313/000155837022015585/0001558370-22-015585-index.htm",
    "finalLink": "https://www.sec.gov/Archives/edgar/data/820313/000155837022015585/aph-20220930x10q.htm"
  },
  {
    "date": "2022-06-30",
    "symbol": "APH",
    "reportedCurrency": "USD",
    "cik": "0000820313",
    "fillingDate": "2022-07-29",
    "acceptedDate": "2022-07-29 16:49:59",
    "calendarYear": "2022",
    "period": "Q2",
    "revenue": 3136800000,
    "costOfRevenue": 2132600000,
    "grossProfit": 1004200000,
    "grossProfitRatio": 0.3201351696,
    "researchAndDevelopmentExpenses": 0,
    "generalAndAdministrativeExpenses": 0,
    "sellingAndMarketingExpenses": 0,
    "sellingGeneralAndAdministrativeExpenses": 355400000,
    "otherExpenses": 0,
    "operatingExpenses": 355400000,
    "costAndExpenses": 2488000000,
    "interestIncome": 0,
    "interestExpense": 30500000,
    "depreciationAndAmortization": 90800000,
    "ebitda": 741900000,
    "ebitdaratio": 0.2365149197,
    "operatingIncome": 648800000,
    "operatingIncomeRatio": 0.2068349911,
    "totalOtherIncomeExpensesNet": -28200000,
    "incomeBeforeTax": 620600000,
    "incomeBeforeTaxRatio": 0.1978449375,
    "incomeTaxExpense": 144500000,
    "netIncome": 472500000,
    "netIncomeRatio": 0.1506312165,
    "eps": 0.4,
    "epsdiluted": 0.38,
    "weightedAverageShsOut": 1192400000,
    "weightedAverageShsOutDil": 1239400000,
    "link": "https://www.sec.gov/Archives/edgar/data/820313/000155837022011379/0001558370-22-011379-index.htm",
    "finalLink": "https://www.sec.gov/Archives/edgar/data/820313/000155837022011379/aph-20220630x10q.htm"
  },
  {
    "date": "2022-03-31",
    "symbol": "APH",
    "reportedCurrency": "USD",
    "cik": "0000820313",
    "fillingDate": "2022-04-29",
    "acceptedDate": "2022-04-29 16:25:47",
    "calendarYear": "2022",
    "period": "Q1",
    "revenue": 2951900000,
    "costOfRevenue": 2025300000,
    "grossProfit": 926600000,
    "grossProfitRatio": 0.3138995223,
    "researchAndDevelopmentExpenses": 0,
    "generalAndAdministrativeExpenses": 0,
    "sellingAndMarketingExpenses": 0,
    "sellingGeneralAndAdministrativeExpenses": 336800000,
    "otherExpenses": 0,
    "operatingExpenses": 336800000,
    "costAndExpenses": 2362100000,
    "interestIncome": 0,
    "interestExpense": 28100000,
    "depreciationAndAmortization": 91100000,
    "ebitda": 682600000,
    "ebitdaratio": 0.2312408957,
    "operatingIncome": 589800000,
    "operatingIncomeRatio": 0.1998035164,
    "totalOtherIncomeExpensesNet": -26400000,
    "incomeBeforeTax": 563400000,
    "incomeBeforeTaxRatio": 0.190860124,
    "incomeTaxExpense": 134199999,
    "netIncome": 425700000,
    "netIncomeRatio": 0.1442122023,
    "eps": 0.36,
    "epsdiluted": 0.34,
    "weightedAverageShsOut": 1196600000,
    "weightedAverageShsOutDil": 1251200000,
    "link": "https://www.sec.gov/Archives/edgar/data/820313/000155837022006502/0001558370-22-006502-index.htm",
    "finalLink": "https://www.sec.gov/Archives/edgar/data/820313/000155837022006502/aph-20220331x10q.htm"
  },
  {
    "date": "2021-12-31",
    "symbol": "APH",
    "reportedCurrency": "USD",
    "cik": "0000820313",
    "fillingDate": "2022-02-09",
    "acceptedDate": "2022-02-09 16:39:10",
    "calendarYear": "2021",
    "period": "Q4",
    "revenue": 3026800000,
    "costOfRevenue": 2085600000,
    "grossProfit": 941200000,
    "grossProfitRatio": 0.3109554645,
    "researchAndDevelopmentExpenses": 0,
    "generalAndAdministrativeExpenses": 0,
    "sellingAndMarketingExpenses": 0,
    "sellingGeneralAndAdministrativeExpenses": 333300000,
    "otherExpenses": 0,
    "operatingExpenses": 333300000,
    "costAndExpenses": 2418900000,
    "interestIncome": 0,
    "interestExpense": 28800000,
    "depreciationAndAmortization": 121100000,
    "ebitda": 713900000,
    "ebitdaratio": 0.2358596538,
    "operatingIncome": 607900000,
    "operatingIncomeRatio": 0.2008391701,
    "totalOtherIncomeExpensesNet": -43900000,
    "incomeBeforeTax": 564000000,
    "incomeBeforeTaxRatio": 0.1863354037,
    "incomeTaxExpense": 106300000,
    "netIncome": 465000000,
    "netIncomeRatio": 0.1536275935,
    "eps": 0.39,
    "epsdiluted": 0.37,
    "weightedAverageShsOut": 1196400000,
    "weightedAverageShsOutDil": 1256400000,
    "link": "https://www.sec.gov/Archives/edgar/data/820313/000155837022000961/0001558370-22-000961-index.htm",
    "finalLink": "https://www.sec.gov/Archives/edgar/data/820313/000155837022000961/aph-20211231x10k.htm"
  },
  {
    "date": "2021-09-30",
    "symbol": "APH",
    "reportedCurrency": "USD",
    "cik": "0000820313",
    "fillingDate": "2021-10-29",
    "acceptedDate": "2021-10-29 15:24:27",
    "calendarYear": "2021",
    "period": "Q3",
    "revenue": 2818500000,
    "costOfRevenue": 1928600000,
    "grossProfit": 889900000,
    "grossProfitRatio": 0.3157353202,
    "researchAndDevelopmentExpenses": 0,
    "generalAndAdministrativeExpenses": 0,
    "sellingAndMarketingExpenses": 0,
    "sellingGeneralAndAdministrativeExpenses": 318700000,
    "otherExpenses": 0,
    "operatingExpenses": 318700000,
    "costAndExpenses": 2247300000,
    "interestIncome": 0,
    "interestExpense": 29000000,
    "depreciationAndAmortization": 95200000,
    "ebitda": 666400000,
    "ebitdaratio": 0.2364378215,
    "operatingIncome": 571200000,
    "operatingIncomeRatio": 0.2026609899,
    "totalOtherIncomeExpensesNet": -29000000,
    "incomeBeforeTax": 542200000,
    "incomeBeforeTaxRatio": 0.192371829,
    "incomeTaxExpense": 120500000,
    "netIncome": 426500000,
    "netIncomeRatio": 0.151321625,
    "eps": 0.36,
    "epsdiluted": 0.34,
    "weightedAverageShsOut": 1195400000,
    "weightedAverageShsOutDil": 1251600000,
    "link": "https://www.sec.gov/Archives/edgar/data/820313/000155837021013825/0001558370-21-013825-index.htm",
    "finalLink": "https://www.sec.gov/Archives/edgar/data/820313/000155837021013825/aph-20210930x10q.htm"
  },
  {
    "date": "2021-06-30",
    "symbol": "APH",
    "reportedCurrency": "USD",
    "cik": "0000820313",
    "fillingDate": "2021-07-30",
    "acceptedDate": "2021-07-30 13:55:57",
    "calendarYear": "2021",
    "period": "Q2",
    "revenue": 2653900000,
    "costOfRevenue": 1810700000,
    "grossProfit": 843200000,
    "grossProfitRatio": 0.3177210897,
    "researchAndDevelopmentExpenses": 0,
    "generalAndAdministrativeExpenses": 0,
    "sellingAndMarketingExpenses": 0,
    "sellingGeneralAndAdministrativeExpenses": 311600000,
    "otherExpenses": 0,
    "operatingExpenses": 311600000,
    "costAndExpenses": 2122300000,
    "interestIncome": 0,
    "interestExpense": 29100000,
    "depreciationAndAmortization": 102600000,
    "ebitda": 578800000,
    "ebitdaratio": 0.2180941256,
    "operatingIncome": 531600000,
    "operatingIncomeRatio": 0.2003089792,
    "totalOtherIncomeExpensesNet": -84500000,
    "incomeBeforeTax": 447100000,
    "incomeBeforeTaxRatio": 0.1684690456,
    "incomeTaxExpense": 78100000,
    "netIncome": 369800000,
    "netIncomeRatio": 0.1393421003,
    "eps": 0.31,
    "epsdiluted": 0.3,
    "weightedAverageShsOut": 1194800000,
    "weightedAverageShsOutDil": 1247600000,
    "link": "https://www.sec.gov/Archives/edgar/data/820313/000155837021009700/0001558370-21-009700-index.htm",
    "finalLink": "https://www.sec.gov/Archives/edgar/data/820313/000155837021009700/aph-20210630x10q.htm"
  },
  {
    "date": "2021-03-31",
    "symbol": "APH",
    "reportedCurrency": "USD",
    "cik": "0000820313",
    "fillingDate": "2021-04-30",
    "acceptedDate": "2021-04-30 08:55:54",
    "calendarYear": "2021",
    "period": "Q1",
    "revenue": 2377100000,
    "costOfRevenue": 1649600000,
    "grossProfit": 727500000,
    "grossProfitRatio": 0.3060451811,
    "researchAndDevelopmentExpenses": 0,
    "generalAndAdministrativeExpenses": 0,
    "sellingAndMarketingExpenses": 0,
    "sellingGeneralAndAdministrativeExpenses": 262700000,
    "otherExpenses": 0,
    "operatingExpenses": 262700000,
    "costAndExpenses": 1912300000,
    "interestIncome": 0,
    "interestExpense": 28600000,
    "depreciationAndAmortization": 76700000,
    "ebitda": 541200000,
    "ebitdaratio": 0.2276723739,
    "operatingIncome": 464800000,
    "operatingIncomeRatio": 0.1955323714,
    "totalOtherIncomeExpensesNet": -28900000,
    "incomeBeforeTax": 435900000,
    "incomeBeforeTaxRatio": 0.1833747003,
    "incomeTaxExpense": 104100000,
    "netIncome": 329600000,
    "netIncomeRatio": 0.138656346,
    "eps": 0.28,
    "epsdiluted": 0.27,
    "weightedAverageShsOut": 1197000000,
    "weightedAverageShsOutDil": 1248200000,
    "link": "https://www.sec.gov/Archives/edgar/data/820313/000155837021005338/0001558370-21-005338-index.htm",
    "finalLink": "https://www.sec.gov/Archives/edgar/data/820313/000155837021005338/aph-20210331x10q.htm"
  },
  {
    "date": "2020-12-31",
    "symbol": "APH",
    "reportedCurrency": "USD",
    "cik": "0000820313",
    "fillingDate": "2021-02-10",
    "acceptedDate": "2021-02-10 17:11:44",
    "calendarYear": "2020",
    "period": "Q4",
    "revenue": 2426000000,
    "costOfRevenue": 1660400000,
    "grossProfit": 765600000,
    "grossProfitRatio": 0.3155812036,
    "researchAndDevelopmentExpenses": 0,
    "generalAndAdministrativeExpenses": 0,
    "sellingAndMarketingExpenses": 0,
    "sellingGeneralAndAdministrativeExpenses": 265700000,
    "otherExpenses": 0,
    "operatingExpenses": 265700000,
    "costAndExpenses": 1926100000,
    "interestIncome": 0,
    "interestExpense": 28300000,
    "depreciationAndAmortization": 90100000,
    "ebitda": 578600000,
    "ebitdaratio": 0.2384995878,
    "operatingIncome": 499900000,
    "operatingIncomeRatio": 0.206059357,
    "totalOtherIncomeExpensesNet": -39700000,
    "incomeBeforeTax": 460200000,
    "incomeBeforeTaxRatio": 0.1896949711,
    "incomeTaxExpense": 100000000,
    "netIncome": 357000000,
    "netIncomeRatio": 0.147155812,
    "eps": 0.3,
    "epsdiluted": 0.28,
    "weightedAverageShsOut": 1197600000,
    "weightedAverageShsOutDil": 1245000000,
    "link": "https://www.sec.gov/Archives/edgar/data/820313/000155837021000881/0001558370-21-000881-index.htm",
    "finalLink": "https://www.sec.gov/Archives/edgar/data/820313/000155837021000881/aph-20201231x10k.htm"
  },
  {
    "date": "2020-09-30",
    "symbol": "APH",
    "reportedCurrency": "USD",
    "cik": "0000820313",
    "fillingDate": "2020-10-23",
    "acceptedDate": "2020-10-23 16:47:19",
    "calendarYear": "2020",
    "period": "Q3",
    "revenue": 2323400000,
    "costOfRevenue": 1588500000,
    "grossProfit": 734900000,
    "grossProfitRatio": 0.3163036929,
    "researchAndDevelopmentExpenses": 0,
    "generalAndAdministrativeExpenses": 0,
    "sellingAndMarketingExpenses": 0,
    "sellingGeneralAndAdministrativeExpenses": 259100000,
    "otherExpenses": 0,
    "operatingExpenses": 259100000,
    "costAndExpenses": 1847600000,
    "interestIncome": 0,
    "interestExpense": 28000000,
    "depreciationAndAmortization": 74400000,
    "ebitda": 551200000,
    "ebitdaratio": 0.2372385297,
    "operatingIncome": 475800000,
    "operatingIncomeRatio": 0.2047860894,
    "totalOtherIncomeExpensesNet": -27000000,
    "incomeBeforeTax": 448800000,
    "incomeBeforeTaxRatio": 0.1931651889,
    "incomeTaxExpense": 99300000,
    "netIncome": 346600000,
    "netIncomeRatio": 0.1491779289,
    "eps": 0.29,
    "epsdiluted": 0.28,
    "weightedAverageShsOut": 1195000000,
    "weightedAverageShsOutDil": 1232800000,
    "link": "https://www.sec.gov/Archives/edgar/data/820313/000155837020011694/0001558370-20-011694-index.htm",
    "finalLink": "https://www.sec.gov/Archives/edgar/data/820313/000155837020011694/aph-20200930x10q.htm"
  },
  {
    "date": "2020-06-30",
    "symbol": "APH",
    "reportedCurrency": "USD",
    "cik": "0000820313",
    "fillingDate": "2020-07-24",
    "acceptedDate": "2020-07-24 16:31:56",
    "calendarYear": "2020",
    "period": "Q2",
    "revenue": 1987500000,
    "costOfRevenue": 1383700000,
    "grossProfit": 603800000,
    "grossProfitRatio": 0.3037987421,
    "researchAndDevelopmentExpenses": 0,
    "generalAndAdministrativeExpenses": 0,
    "sellingAndMarketingExpenses": 0,
    "sellingGeneralAndAdministrativeExpenses": 246400000,
    "otherExpenses": 0,
    "operatingExpenses": 246400000,
    "costAndExpenses": 1630100000,
    "interestIncome": 0,
    "interestExpense": 30200000,
    "depreciationAndAmortization": 71500000,
    "ebitda": 430200000,
    "ebitdaratio": 0.2164528302,
    "operatingIncome": 357400000,
    "operatingIncomeRatio": 0.1798238994,
    "totalOtherIncomeExpensesNet": -28900000,
    "incomeBeforeTax": 328500000,
    "incomeBeforeTaxRatio": 0.1652830189,
    "incomeTaxExpense": 68000000,
    "netIncome": 257700000,
    "netIncomeRatio": 0.1296603774,
    "eps": 0.22,
    "epsdiluted": 0.21,
    "weightedAverageShsOut": 1186600000,
    "weightedAverageShsOutDil": 1216000000,
    "link": "https://www.sec.gov/Archives/edgar/data/820313/000155837020008390/0001558370-20-008390-index.htm",
    "finalLink": "https://www.sec.gov/Archives/edgar/data/820313/000155837020008390/aph-20200630x10q.htm"
  },
  {
    "date": "2020-03-31",
    "symbol": "APH",
    "reportedCurrency": "USD",
    "cik": "0000820313",
    "fillingDate": "2020-04-24",
    "acceptedDate": "2020-04-24 16:55:41",
    "calendarYear": "2020",
    "period": "Q1",
    "revenue": 1862000000,
    "costOfRevenue": 1302200000,
    "grossProfit": 559800000,
    "grossProfitRatio": 0.3006444683,
    "researchAndDevelopmentExpenses": 0,
    "generalAndAdministrativeExpenses": 0,
    "sellingAndMarketingExpenses": 0,
    "sellingGeneralAndAdministrativeExpenses": 242900000,
    "otherExpenses": 0,
    "operatingExpenses": 242900000,
    "costAndExpenses": 1545100000,
    "interestIncome": 0,
    "interestExpense": 28800000,
    "depreciationAndAmortization": 72100000,
    "ebitda": 390100000,
    "ebitdaratio": 0.2095059076,
    "operatingIncome": 316900000,
    "operatingIncomeRatio": 0.1701933405,
    "totalOtherIncomeExpensesNet": -27700000,
    "incomeBeforeTax": 289200000,
    "incomeBeforeTaxRatio": 0.1553168636,
    "incomeTaxExpense": 46000000,
    "netIncome": 242100000,
    "netIncomeRatio": 0.1300214823,
    "eps": 0.21,
    "epsdiluted": 0.2,
    "weightedAverageShsOut": 1189800000,
    "weightedAverageShsOutDil": 1225800000,
    "link": "https://www.sec.gov/Archives/edgar/data/820313/000155837020004300/0001558370-20-004300-index.htm",
    "finalLink": "https://www.sec.gov/Archives/edgar/data/820313/000155837020004300/aph-20200424x10q.htm"
  },
  {
    "date": "2019-12-31",
    "symbol": "APH",
    "reportedCurrency": "USD",
    "cik": "0000820313",
    "fillingDate": "2020-02-12",
    "acceptedDate": "2020-02-12 16:51:12",
    "calendarYear": "2019",
    "period": "Q4",
    "revenue": 2151000000,
    "costOfRevenue": 1472300000,
    "grossProfit": 678700000,
    "grossProfitRatio": 0.3155276616,
    "researchAndDevelopmentExpenses": 0,
    "generalAndAdministrativeExpenses": 0,
    "sellingAndMarketingExpenses": 0,
    "sellingGeneralAndAdministrativeExpenses": 248900000,
    "otherExpenses": 0,
    "operatingExpenses": 248900000,
    "costAndExpenses": 1721200000,
    "interestIncome": 0,
    "interestExpense": 28100000,
    "depreciationAndAmortization": 76700000,
    "ebitda": 507400000,
    "ebitdaratio": 0.2358902836,
    "operatingIncome": 429800000,
    "operatingIncomeRatio": 0.19981404,
    "totalOtherIncomeExpensesNet": -27200000,
    "incomeBeforeTax": 402600000,
    "incomeBeforeTaxRatio": 0.1871687587,
    "incomeTaxExpense": 81800000,
    "netIncome": 318700000,
    "netIncomeRatio": 0.1481636448,
    "eps": 0.27,
    "epsdiluted": 0.26,
    "weightedAverageShsOut": 1188800000,
    "weightedAverageShsOutDil": 1233600000,
    "link": "https://www.sec.gov/Archives/edgar/data/820313/000155837020000728/0001558370-20-000728-index.htm",
    "finalLink": "https://www.sec.gov/Archives/edgar/data/820313/000155837020000728/aph-20191231x10k7e830b.htm"
  },
  {
    "date": "2019-09-30",
    "symbol": "APH",
    "reportedCurrency": "USD",
    "cik": "0000820313",
    "fillingDate": "2019-10-25",
    "acceptedDate": "2019-10-25 16:40:16",
    "calendarYear": "2019",
    "period": "Q3",
    "revenue": 2100600000,
    "costOfRevenue": 1438700000,
    "grossProfit": 661900000,
    "grossProfitRatio": 0.3151004475,
    "researchAndDevelopmentExpenses": 0,
    "generalAndAdministrativeExpenses": 0,
    "sellingAndMarketingExpenses": 0,
    "sellingGeneralAndAdministrativeExpenses": 248300000,
    "otherExpenses": 0,
    "operatingExpenses": 248300000,
    "costAndExpenses": 1687000000,
    "interestIncome": 0,
    "interestExpense": 29700000,
    "depreciationAndAmortization": 72000000,
    "ebitda": 475800000,
    "ebitdaratio": 0.2265067124,
    "operatingIncome": 413600000,
    "operatingIncomeRatio": 0.1968961249,
    "totalOtherIncomeExpensesNet": -39500000,
    "incomeBeforeTax": 374100000,
    "incomeBeforeTaxRatio": 0.1780919737,
    "incomeTaxExpense": 91800000,
    "netIncome": 280300000,
    "netIncomeRatio": 0.1334380653,
    "eps": 0.24,
    "epsdiluted": 0.23,
    "weightedAverageShsOut": 1186400000,
    "weightedAverageShsOutDil": 1224800000,
    "link": "https://www.sec.gov/Archives/edgar/data/820313/000155837019009160/0001558370-19-009160-index.htm",
    "finalLink": "https://www.sec.gov/Archives/edgar/data/820313/000155837019009160/aph-20190930x10q.htm"
  },
  {
    "date": "2019-06-30",
    "symbol": "APH",
    "reportedCurrency": "USD",
    "cik": "0000820313",
    "fillingDate": "2019-07-26",
    "acceptedDate": "2019-07-26 16:16:22",
    "calendarYear": "2019",
    "period": "Q2",
    "revenue": 2015300000,
    "costOfRevenue": 1367700000,
    "grossProfit": 647600000,
    "grossProfitRatio": 0.3213417357,
    "researchAndDevelopmentExpenses": 0,
    "generalAndAdministrativeExpenses": 0,
    "sellingAndMarketingExpenses": 0,
    "sellingGeneralAndAdministrativeExpenses": 239200000,
    "otherExpenses": 0,
    "operatingExpenses": 239200000,
    "costAndExpenses": 1606900000,
    "interestIncome": 0,
    "interestExpense": 30000000,
    "depreciationAndAmortization": 77800000,
    "ebitda": 477400000,
    "ebitdaratio": 0.2368878083,
    "operatingIncome": 408400000,
    "operatingIncomeRatio": 0.2026497296,
    "totalOtherIncomeExpensesNet": -38800000,
    "incomeBeforeTax": 369600000,
    "incomeBeforeTaxRatio": 0.1833970129,
    "incomeTaxExpense": 78700000,
    "netIncome": 288400000,
    "netIncomeRatio": 0.1431052449,
    "eps": 0.25,
    "epsdiluted": 0.24,
    "weightedAverageShsOut": 1192000000,
    "weightedAverageShsOutDil": 1234800000,
    "link": "https://www.sec.gov/Archives/edgar/data/820313/000155837019006415/0001558370-19-006415-index.htm",
    "finalLink": "https://www.sec.gov/Archives/edgar/data/820313/000155837019006415/aph-20190630x10q.htm"
  },
  {
    "date": "2019-03-31",
    "symbol": "APH",
    "reportedCurrency": "USD",
    "cik": "0000820313",
    "fillingDate": "2019-04-26",
    "acceptedDate": "2019-04-26 17:13:21",
    "calendarYear": "2019",
    "period": "Q1",
    "revenue": 1958500000,
    "costOfRevenue": 1330700000,
    "grossProfit": 627800000,
    "grossProfitRatio": 0.3205514424,
    "researchAndDevelopmentExpenses": 0,
    "generalAndAdministrativeExpenses": 0,
    "sellingAndMarketingExpenses": 0,
    "sellingGeneralAndAdministrativeExpenses": 235100000,
    "otherExpenses": 0,
    "operatingExpenses": 235100000,
    "costAndExpenses": 1565800000,
    "interestIncome": 0,
    "interestExpense": 29700000,
    "depreciationAndAmortization": 85600000,
    "ebitda": 464800000,
    "ebitdaratio": 0.237324483,
    "operatingIncome": 392700000,
    "operatingIncomeRatio": 0.2005105948,
    "totalOtherIncomeExpensesNet": -43200000,
    "incomeBeforeTax": 349500000,
    "incomeBeforeTaxRatio": 0.1784528976,
    "incomeTaxExpense": 79600000,
    "netIncome": 267500000,
    "netIncomeRatio": 0.1365841205,
    "eps": 0.23,
    "epsdiluted": 0.22,
    "weightedAverageShsOut": 1192400000,
    "weightedAverageShsOutDil": 1234400000,
    "link": "https://www.sec.gov/Archives/edgar/data/820313/000155837019003426/0001558370-19-003426-index.htm",
    "finalLink": "https://www.sec.gov/Archives/edgar/data/820313/000155837019003426/aph-20190331x10q.htm"
  },
  {
    "date": "2018-12-31",
    "symbol": "APH",
    "reportedCurrency": "USD",
    "cik": "0000820313",
    "fillingDate": "2019-02-13",
    "acceptedDate": "2019-02-13 16:59:26",
    "calendarYear": "2018",
    "period": "Q4",
    "revenue": 2224700000,
    "costOfRevenue": 1509700000,
    "grossProfit": 715000000,
    "grossProfitRatio": 0.3213916483,
    "researchAndDevelopmentExpenses": 0,
    "generalAndAdministrativeExpenses": 0,
    "sellingAndMarketingExpenses": 0,
    "sellingGeneralAndAdministrativeExpenses": 248900000,
    "otherExpenses": 0,
    "operatingExpenses": 248900000,
    "costAndExpenses": 1758600000,
    "interestIncome": 0,
    "interestExpense": 26400000,
    "depreciationAndAmortization": 105200000,
    "ebitda": 563500000,
    "ebitdaratio": 0.2532925788,
    "operatingIncome": 466100000,
    "operatingIncomeRatio": 0.2095113948,
    "totalOtherIncomeExpensesNet": -34200000,
    "incomeBeforeTax": 431900000,
    "incomeBeforeTaxRatio": 0.1941385355,
    "incomeTaxExpense": 90700000,
    "netIncome": 338100000,
    "netIncomeRatio": 0.1519755473,
    "eps": 0.28,
    "epsdiluted": 0.28,
    "weightedAverageShsOut": 1199200000,
    "weightedAverageShsOutDil": 1238800000,
    "link": "https://www.sec.gov/Archives/edgar/data/820313/000155837019000636/0001558370-19-000636-index.htm",
    "finalLink": "https://www.sec.gov/Archives/edgar/data/820313/000155837019000636/aph-20181231x10k.htm"
  },
  {
    "date": "2018-09-30",
    "symbol": "APH",
    "reportedCurrency": "USD",
    "cik": "0000820313",
    "fillingDate": "2018-10-26",
    "acceptedDate": "2018-10-26 14:13:53",
    "calendarYear": "2018",
    "period": "Q3",
    "revenue": 2129000000,
    "costOfRevenue": 1441500000,
    "grossProfit": 688200000,
    "grossProfitRatio": 0.3232503523,
    "researchAndDevelopmentExpenses": 0,
    "generalAndAdministrativeExpenses": 0,
    "sellingAndMarketingExpenses": 0,
    "sellingGeneralAndAdministrativeExpenses": 244000000,
    "otherExpenses": 0,
    "operatingExpenses": 244000000,
    "costAndExpenses": 1685500000,
    "interestIncome": 0,
    "interestExpense": 24800000,
    "depreciationAndAmortization": 72300000,
    "ebitda": 516700000,
    "ebitdaratio": 0.2426961015,
    "operatingIncome": 443500000,
    "operatingIncomeRatio": 0.2083137623,
    "totalOtherIncomeExpensesNet": -23900000,
    "incomeBeforeTax": 419600000,
    "incomeBeforeTaxRatio": 0.1970878347,
    "incomeTaxExpense": 100000000,
    "netIncome": 316600000,
    "netIncomeRatio": 0.1487083138,
    "eps": 0.27,
    "epsdiluted": 0.26,
    "weightedAverageShsOut": 1202000000,
    "weightedAverageShsOutDil": 1249600000,
    "link": "https://www.sec.gov/Archives/edgar/data/820313/000155837018007927/0001558370-18-007927-index.htm",
    "finalLink": "https://www.sec.gov/Archives/edgar/data/820313/000155837018007927/aph-20180930x10q.htm"
  },
  {
    "date": "2018-06-30",
    "symbol": "APH",
    "reportedCurrency": "USD",
    "cik": "0000820313",
    "fillingDate": "2018-07-31",
    "acceptedDate": "2018-07-31 11:53:16",
    "calendarYear": "2018",
    "period": "Q2",
    "revenue": 1981400000,
    "costOfRevenue": 1338500000,
    "grossProfit": 644800000,
    "grossProfitRatio": 0.3254264661,
    "researchAndDevelopmentExpenses": 0,
    "generalAndAdministrativeExpenses": 0,
    "sellingAndMarketingExpenses": 0,
    "sellingGeneralAndAdministrativeExpenses": 236600000,
    "otherExpenses": 0,
    "operatingExpenses": 236600000,
    "costAndExpenses": 1575100000,
    "interestIncome": 0,
    "interestExpense": 26000000,
    "depreciationAndAmortization": 61700000,
    "ebitda": 470000000,
    "ebitdaratio": 0.2372060159,
    "operatingIncome": 406300000,
    "operatingIncomeRatio": 0.2050570304,
    "totalOtherIncomeExpensesNet": -24000000,
    "incomeBeforeTax": 382300000,
    "incomeBeforeTaxRatio": 0.1929443828,
    "incomeTaxExpense": 94500000,
    "netIncome": 284800000,
    "netIncomeRatio": 0.1437367518,
    "eps": 0.24,
    "epsdiluted": 0.23,
    "weightedAverageShsOut": 1203200000,
    "weightedAverageShsOutDil": 1249200000,
    "link": "https://www.sec.gov/Archives/edgar/data/820313/000155837018005948/0001558370-18-005948-index.htm",
    "finalLink": "https://www.sec.gov/Archives/edgar/data/820313/000155837018005948/aph-20180630x10q.htm"
  },
  {
    "date": "2018-03-31",
    "symbol": "APH",
    "reportedCurrency": "USD",
    "cik": "0000820313",
    "fillingDate": "2018-05-03",
    "acceptedDate": "2018-05-03 16:19:55",
    "calendarYear": "2018",
    "period": "Q1",
    "revenue": 1866900000,
    "costOfRevenue": 1259100000,
    "grossProfit": 606900000,
    "grossProfitRatio": 0.3250843645,
    "researchAndDevelopmentExpenses": 0,
    "generalAndAdministrativeExpenses": 0,
    "sellingAndMarketingExpenses": 0,
    "sellingGeneralAndAdministrativeExpenses": 230000000,
    "otherExpenses": 0,
    "operatingExpenses": 230000000,
    "costAndExpenses": 1489100000,
    "interestIncome": 0,
    "interestExpense": 24500000,
    "depreciationAndAmortization": 60500000,
    "ebitda": 439700000,
    "ebitdaratio": 0.2355241309,
    "operatingIncome": 377800000,
    "operatingIncomeRatio": 0.2023675612,
    "totalOtherIncomeExpensesNet": -23100000,
    "incomeBeforeTax": 354700000,
    "incomeBeforeTaxRatio": 0.1899941079,
    "incomeTaxExpense": 86400000,
    "netIncome": 265600000,
    "netIncomeRatio": 0.1422679308,
    "eps": 0.22,
    "epsdiluted": 0.21,
    "weightedAverageShsOut": 1214800000,
    "weightedAverageShsOutDil": 1264000000,
    "link": "https://www.sec.gov/Archives/edgar/data/820313/000155837018003892/0001558370-18-003892-index.htm",
    "finalLink": "https://www.sec.gov/Archives/edgar/data/820313/000155837018003892/aph-20180331x10q.htm"
  },
  {
    "date": "2017-12-31",
    "symbol": "APH",
    "reportedCurrency": "USD",
    "cik": "0000820313",
    "fillingDate": "2018-02-21",
    "acceptedDate": "2018-02-21 17:28:05",
    "calendarYear": "2017",
    "period": "Q4",
    "revenue": 1943900000,
    "costOfRevenue": 1308400000,
    "grossProfit": 635400000,
    "grossProfitRatio": 0.3268686661,
    "researchAndDevelopmentExpenses": 0,
    "generalAndAdministrativeExpenses": 0,
    "sellingAndMarketingExpenses": 0,
    "sellingGeneralAndAdministrativeExpenses": 236000000,
    "otherExpenses": 0,
    "operatingExpenses": 236000000,
    "costAndExpenses": 1544400000,
    "interestIncome": 0,
    "interestExpense": 25000000,
    "depreciationAndAmortization": 58300000,
    "ebitda": 461900000,
    "ebitdaratio": 0.2376151037,
    "operatingIncome": 399500000,
    "operatingIncomeRatio": 0.205514687,
    "totalOtherIncomeExpensesNet": -20900000,
    "incomeBeforeTax": 378600000,
    "incomeBeforeTaxRatio": 0.1947631051,
    "incomeTaxExpense": 479000000,
    "netIncome": -103400000,
    "netIncomeRatio": -0.0531920366,
    "eps": -0.0846,
    "epsdiluted": -0.0813,
    "weightedAverageShsOut": 1221600000,
    "weightedAverageShsOutDil": 1271200000,
    "link": "https://www.sec.gov/Archives/edgar/data/820313/000155837018000871/0001558370-18-000871-index.htm",
    "finalLink": "https://www.sec.gov/Archives/edgar/data/820313/000155837018000871/aph-20171231x10k.htm"
  },
  {
    "date": "2017-09-30",
    "symbol": "APH",
    "reportedCurrency": "USD",
    "cik": "0000820313",
    "fillingDate": "2017-11-02",
    "acceptedDate": "2017-11-02 13:43:18",
    "calendarYear": "2017",
    "period": "Q3",
    "revenue": 1840800000,
    "costOfRevenue": 1235300000,
    "grossProfit": 606100000,
    "grossProfitRatio": 0.3292590178,
    "researchAndDevelopmentExpenses": 0,
    "generalAndAdministrativeExpenses": 0,
    "sellingAndMarketingExpenses": 0,
    "sellingGeneralAndAdministrativeExpenses": 228200000,
    "otherExpenses": 0,
    "operatingExpenses": 228200000,
    "costAndExpenses": 1463500000,
    "interestIncome": 0,
    "interestExpense": 24600000,
    "depreciationAndAmortization": 57900000,
    "ebitda": 440900000,
    "ebitdaratio": 0.2395154281,
    "operatingIncome": 377300000,
    "operatingIncomeRatio": 0.2049652325,
    "totalOtherIncomeExpensesNet": -18900000,
    "incomeBeforeTax": 358400000,
    "incomeBeforeTaxRatio": 0.1946979574,
    "incomeTaxExpense": 78100000,
    "netIncome": 277500000,
    "netIncomeRatio": 0.1507496741,
    "eps": 0.23,
    "epsdiluted": 0.22,
    "weightedAverageShsOut": 1220000000,
    "weightedAverageShsOutDil": 1262800000,
    "link": "https://www.sec.gov/Archives/edgar/data/820313/000155837017007980/0001558370-17-007980-index.htm",
    "finalLink": "https://www.sec.gov/Archives/edgar/data/820313/000155837017007980/aph-20170930x10q.htm"
  },
  {
    "date": "2017-06-30",
    "symbol": "APH",
    "reportedCurrency": "USD",
    "cik": "0000820313",
    "fillingDate": "2017-08-03",
    "acceptedDate": "2017-08-03 17:00:09",
    "calendarYear": "2017",
    "period": "Q2",
    "revenue": 1666500000,
    "costOfRevenue": 1113400000,
    "grossProfit": 552600000,
    "grossProfitRatio": 0.3315931593,
    "researchAndDevelopmentExpenses": 0,
    "generalAndAdministrativeExpenses": 0,
    "sellingAndMarketingExpenses": 0,
    "sellingGeneralAndAdministrativeExpenses": 212400000,
    "otherExpenses": 0,
    "operatingExpenses": 212400000,
    "costAndExpenses": 1325800000,
    "interestIncome": 0,
    "interestExpense": 23400000,
    "depreciationAndAmortization": 56500000,
    "ebitda": 397100000,
    "ebitdaratio": 0.2382838284,
    "operatingIncome": 340700000,
    "operatingIncomeRatio": 0.204440444,
    "totalOtherIncomeExpensesNet": -23500000,
    "incomeBeforeTax": 317200000,
    "incomeBeforeTaxRatio": 0.1903390339,
    "incomeTaxExpense": 63600000,
    "netIncome": 251500000,
    "netIncomeRatio": 0.1509150915,
    "eps": 0.21,
    "epsdiluted": 0.2,
    "weightedAverageShsOut": 1223200000,
    "weightedAverageShsOutDil": 1264400000,
    "link": "https://www.sec.gov/Archives/edgar/data/820313/000155837017005866/0001558370-17-005866-index.htm",
    "finalLink": "https://www.sec.gov/Archives/edgar/data/820313/000155837017005866/aph-20170630x10q.htm"
  },
  {
    "date": "2017-03-31",
    "symbol": "APH",
    "reportedCurrency": "USD",
    "cik": "0000820313",
    "fillingDate": "2017-05-04",
    "acceptedDate": "2017-05-04 16:50:32",
    "calendarYear": "2017",
    "period": "Q1",
    "revenue": 1560100000,
    "costOfRevenue": 1044300000,
    "grossProfit": 515900000,
    "grossProfitRatio": 0.3306839305,
    "researchAndDevelopmentExpenses": 0,
    "generalAndAdministrativeExpenses": 0,
    "sellingAndMarketingExpenses": 0,
    "sellingGeneralAndAdministrativeExpenses": 201800000,
    "otherExpenses": 0,
    "operatingExpenses": 201800000,
    "costAndExpenses": 1246100000,
    "interestIncome": 0,
    "interestExpense": 19300000,
    "depreciationAndAmortization": 54100000,
    "ebitda": 371800000,
    "ebitdaratio": 0.2383180565,
    "operatingIncome": 314000000,
    "operatingIncomeRatio": 0.2012691494,
    "totalOtherIncomeExpensesNet": -15600000,
    "incomeBeforeTax": 298400000,
    "incomeBeforeTaxRatio": 0.1912697904,
    "incomeTaxExpense": 71100000,
    "netIncome": 224900000,
    "netIncomeRatio": 0.1441574258,
    "eps": 0.19,
    "epsdiluted": 0.18,
    "weightedAverageShsOut": 1226400000,
    "weightedAverageShsOutDil": 1265600000,
    "link": "https://www.sec.gov/Archives/edgar/data/820313/000155837017003547/0001558370-17-003547-index.htm",
    "finalLink": "https://www.sec.gov/Archives/edgar/data/820313/000155837017003547/aph-20170331x10q.htm"
  },
  {
    "date": "2016-12-31",
    "symbol": "APH",
    "reportedCurrency": "USD",
    "cik": "0000820313",
    "fillingDate": "2017-02-17",
    "acceptedDate": "2017-02-17 14:28:24",
    "calendarYear": "2016",
    "period": "Q4",
    "revenue": 1651100000,
    "costOfRevenue": 1104300000,
    "grossProfit": 546100000,
    "grossProfitRatio": 0.3307491975,
    "researchAndDevelopmentExpenses": 0,
    "generalAndAdministrativeExpenses": 0,
    "sellingAndMarketingExpenses": 0,
    "sellingGeneralAndAdministrativeExpenses": 207000000,
    "otherExpenses": 0,
    "operatingExpenses": 207000000,
    "costAndExpenses": 1311300000,
    "interestIncome": 0,
    "interestExpense": 18400000,
    "depreciationAndAmortization": 53400000,
    "ebitda": 396000000,
    "ebitdaratio": 0.2398401066,
    "operatingIncome": 339800000,
    "operatingIncomeRatio": 0.2058021925,
    "totalOtherIncomeExpensesNet": -15600000,
    "incomeBeforeTax": 324200000,
    "incomeBeforeTaxRatio": 0.1963539459,
    "incomeTaxExpense": 85900000,
    "netIncome": 235400000,
    "netIncomeRatio": 0.1425716189,
    "eps": 0.19,
    "epsdiluted": 0.19,
    "weightedAverageShsOut": 1234000000,
    "weightedAverageShsOutDil": 1262800000,
    "link": "https://www.sec.gov/Archives/edgar/data/820313/000155837017000659/0001558370-17-000659-index.htm",
    "finalLink": "https://www.sec.gov/Archives/edgar/data/820313/000155837017000659/aph-20161231x10k.htm"
  },
  {
    "date": "2016-09-30",
    "symbol": "APH",
    "reportedCurrency": "USD",
    "cik": "0000820313",
    "fillingDate": "2016-11-03",
    "acceptedDate": "2016-11-03 11:34:38",
    "calendarYear": "2016",
    "period": "Q3",
    "revenue": 1635900000,
    "costOfRevenue": 1099900000,
    "grossProfit": 537300000,
    "grossProfitRatio": 0.3284430589,
    "researchAndDevelopmentExpenses": 0,
    "generalAndAdministrativeExpenses": 0,
    "sellingAndMarketingExpenses": 0,
    "sellingGeneralAndAdministrativeExpenses": 204700000,
    "otherExpenses": 0,
    "operatingExpenses": 204700000,
    "costAndExpenses": 1304600000,
    "interestIncome": 0,
    "interestExpense": 18100000,
    "depreciationAndAmortization": 51200000,
    "ebitda": 379800000,
    "ebitdaratio": 0.2321657803,
    "operatingIncome": 331300000,
    "operatingIncomeRatio": 0.2025184914,
    "totalOtherIncomeExpensesNet": -20800000,
    "incomeBeforeTax": 310500000,
    "incomeBeforeTaxRatio": 0.1898037777,
    "incomeTaxExpense": 83400000,
    "netIncome": 224300000,
    "netIncomeRatio": 0.1371110704,
    "eps": 0.19,
    "epsdiluted": 0.18,
    "weightedAverageShsOut": 1235600000,
    "weightedAverageShsOutDil": 1262800000,
    "link": "https://www.sec.gov/Archives/edgar/data/820313/000155837016009170/0001558370-16-009170-index.htm",
    "finalLink": "https://www.sec.gov/Archives/edgar/data/820313/000155837016009170/aph-20160930x10q.htm"
  },
  {
    "date": "2016-06-30",
    "symbol": "APH",
    "reportedCurrency": "USD",
    "cik": "0000820313",
    "fillingDate": "2016-08-04",
    "acceptedDate": "2016-08-04 11:34:26",
    "calendarYear": "2016",
    "period": "Q2",
    "revenue": 1548200000,
    "costOfRevenue": 1050900000,
    "grossProfit": 497300000,
    "grossProfitRatio": 0.3212117298,
    "researchAndDevelopmentExpenses": 0,
    "generalAndAdministrativeExpenses": 197000000,
    "sellingAndMarketingExpenses": 0,
    "sellingGeneralAndAdministrativeExpenses": 197000000,
    "otherExpenses": 1700000,
    "operatingExpenses": 197000000,
    "costAndExpenses": 1247900000,
    "interestIncome": 0,
    "interestExpense": 18000000,
    "depreciationAndAmortization": 50500000,
    "ebitda": 352500000,
    "ebitdaratio": 0.2276837618,
    "operatingIncome": 300300000,
    "operatingIncomeRatio": 0.1939671877,
    "totalOtherIncomeExpensesNet": -16300000,
    "incomeBeforeTax": 284000000,
    "incomeBeforeTaxRatio": 0.1834388322,
    "incomeTaxExpense": 75300000,
    "netIncome": 206500000,
    "netIncomeRatio": 0.1333807002,
    "eps": 0.17,
    "epsdiluted": 0.17,
    "weightedAverageShsOut": 1232800000,
    "weightedAverageShsOutDil": 1261600000,
    "link": "https://www.sec.gov/Archives/edgar/data/820313/000110465916136887/0001104659-16-136887-index.htm",
    "finalLink": "https://www.sec.gov/Archives/edgar/data/820313/000110465916136887/a16-11647_110q.htm"
  },
  {
    "date": "2016-03-31",
    "symbol": "APH",
    "reportedCurrency": "USD",
    "cik": "0000820313",
    "fillingDate": "2016-05-05",
    "acceptedDate": "2016-05-05 16:36:06",
    "calendarYear": "2016",
    "period": "Q1",
    "revenue": 1451200000,
    "costOfRevenue": 992000000,
    "grossProfit": 459200000,
    "grossProfitRatio": 0.3164277839,
    "researchAndDevelopmentExpenses": 0,
    "generalAndAdministrativeExpenses": 189500000,
    "sellingAndMarketingExpenses": 0,
    "sellingGeneralAndAdministrativeExpenses": 189500000,
    "otherExpenses": 1000000,
    "operatingExpenses": 189500000,
    "costAndExpenses": 1181500000,
    "interestIncome": 0,
    "interestExpense": 18100000,
    "depreciationAndAmortization": 61900000,
    "ebitda": 302300000,
    "ebitdaratio": 0.2083103638,
    "operatingIncome": 239400000,
    "operatingIncomeRatio": 0.1649669239,
    "totalOtherIncomeExpensesNet": -17100000,
    "incomeBeforeTax": 222300000,
    "incomeBeforeTaxRatio": 0.1531835722,
    "incomeTaxExpense": 63900000,
    "netIncome": 156600000,
    "netIncomeRatio": 0.1079106946,
    "eps": 0.13,
    "epsdiluted": 0.13,
    "weightedAverageShsOut": 1230400000,
    "weightedAverageShsOutDil": 1256800000,
    "link": "https://www.sec.gov/Archives/edgar/data/820313/000110465916118327/0001104659-16-118327-index.htm",
    "finalLink": "https://www.sec.gov/Archives/edgar/data/820313/000110465916118327/a16-6550_110q.htm"
  },
  {
    "date": "2015-12-31",
    "symbol": "APH",
    "reportedCurrency": "USD",
    "cik": "0000820313",
    "fillingDate": "2016-02-19",
    "acceptedDate": "2016-02-19 16:13:34",
    "calendarYear": "2015",
    "period": "Q4",
    "revenue": 1430500000,
    "costOfRevenue": 972000000,
    "grossProfit": 458500000,
    "grossProfitRatio": 0.3205173016,
    "researchAndDevelopmentExpenses": 124700000,
    "generalAndAdministrativeExpenses": 169400000,
    "sellingAndMarketingExpenses": 100000,
    "sellingGeneralAndAdministrativeExpenses": 169500000,
    "otherExpenses": 3800000,
    "operatingExpenses": 169500000,
    "costAndExpenses": 1141500000,
    "interestIncome": 0,
    "interestExpense": 17200000,
    "depreciationAndAmortization": 43500000,
    "ebitda": 336400000,
    "ebitdaratio": 0.2351625306,
    "operatingIncome": 289000000,
    "operatingIncomeRatio": 0.2020272632,
    "totalOtherIncomeExpensesNet": -13300000,
    "incomeBeforeTax": 275600000,
    "incomeBeforeTaxRatio": 0.1926599091,
    "incomeTaxExpense": 73000000,
    "netIncome": 200100000,
    "netIncomeRatio": 0.1398811604,
    "eps": 0.17,
    "epsdiluted": 0.16,
    "weightedAverageShsOut": 1234141852,
    "weightedAverageShsOutDil": 1261590272,
    "link": "https://www.sec.gov/Archives/edgar/data/820313/000110465916098503/0001104659-16-098503-index.htm",
    "finalLink": "https://www.sec.gov/Archives/edgar/data/820313/000110465916098503/a15-23486_110k.htm"
  },
  {
    "date": "2015-09-30",
    "symbol": "APH",
    "reportedCurrency": "USD",
    "cik": "0000820313",
    "fillingDate": "2015-11-05",
    "acceptedDate": "2015-11-05 11:58:33",
    "calendarYear": "2015",
    "period": "Q3",
    "revenue": 1459600000,
    "costOfRevenue": 995600000,
    "grossProfit": 464000000,
    "grossProfitRatio": 0.3178953138,
    "researchAndDevelopmentExpenses": 0,
    "generalAndAdministrativeExpenses": 169200000,
    "sellingAndMarketingExpenses": 0,
    "sellingGeneralAndAdministrativeExpenses": 169200000,
    "otherExpenses": 0,
    "operatingExpenses": 169200000,
    "costAndExpenses": 1164800000,
    "interestIncome": 0,
    "interestExpense": 17000000,
    "depreciationAndAmortization": 44600000,
    "ebitda": 343600000,
    "ebitdaratio": 0.2354069608,
    "operatingIncome": 294800000,
    "operatingIncomeRatio": 0.2019731433,
    "totalOtherIncomeExpensesNet": -12800000,
    "incomeBeforeTax": 282000000,
    "incomeBeforeTaxRatio": 0.1932036174,
    "incomeTaxExpense": 74700000,
    "netIncome": 204500000,
    "netIncomeRatio": 0.1401068786,
    "eps": 0.17,
    "epsdiluted": 0.17,
    "weightedAverageShsOut": 1235414568,
    "weightedAverageShsOutDil": 1263546384,
    "link": "https://www.sec.gov/Archives/edgar/data/820313/000110465915076130/0001104659-15-076130-index.htm",
    "finalLink": "https://www.sec.gov/Archives/edgar/data/820313/000110465915076130/a15-17907_110q.htm"
  },
  {
    "date": "2015-06-30",
    "symbol": "APH",
    "reportedCurrency": "USD",
    "cik": "0000820313",
    "fillingDate": "2015-08-07",
    "acceptedDate": "2015-08-07 10:07:47",
    "calendarYear": "2015",
    "period": "Q2",
    "revenue": 1351500000,
    "costOfRevenue": 919000000,
    "grossProfit": 432500000,
    "grossProfitRatio": 0.3200147984,
    "researchAndDevelopmentExpenses": 0,
    "generalAndAdministrativeExpenses": 166100000,
    "sellingAndMarketingExpenses": 0,
    "sellingGeneralAndAdministrativeExpenses": 166100000,
    "otherExpenses": 0,
    "operatingExpenses": 166100000,
    "costAndExpenses": 1085100000,
    "interestIncome": 0,
    "interestExpense": 17100000,
    "depreciationAndAmortization": 43400000,
    "ebitda": 308300000,
    "ebitdaratio": 0.2281169071,
    "operatingIncome": 260700000,
    "operatingIncomeRatio": 0.1928967814,
    "totalOtherIncomeExpensesNet": -12900000,
    "incomeBeforeTax": 247800000,
    "incomeBeforeTaxRatio": 0.1833518313,
    "incomeTaxExpense": 67200000,
    "netIncome": 179000000,
    "netIncomeRatio": 0.132445431,
    "eps": 0.14,
    "epsdiluted": 0.14,
    "weightedAverageShsOut": 1235599748,
    "weightedAverageShsOutDil": 1267512400,
    "link": "https://www.sec.gov/Archives/edgar/data/820313/000110465915057512/0001104659-15-057512-index.htm",
    "finalLink": "https://www.sec.gov/Archives/edgar/data/820313/000110465915057512/a15-11991_110q.htm"
  },
  {
    "date": "2015-03-31",
    "symbol": "APH",
    "reportedCurrency": "USD",
    "cik": "0000820313",
    "fillingDate": "2015-05-08",
    "acceptedDate": "2015-05-08 13:21:17",
    "calendarYear": "2015",
    "period": "Q1",
    "revenue": 1327100000,
    "costOfRevenue": 902500000,
    "grossProfit": 424600000,
    "grossProfitRatio": 0.3199457464,
    "researchAndDevelopmentExpenses": 0,
    "generalAndAdministrativeExpenses": 164400000,
    "sellingAndMarketingExpenses": 0,
    "sellingGeneralAndAdministrativeExpenses": 164400000,
    "otherExpenses": 0,
    "operatingExpenses": 164400000,
    "costAndExpenses": 1066900000,
    "interestIncome": 0,
    "interestExpense": 17000000,
    "depreciationAndAmortization": 40100000,
    "ebitda": 304400000,
    "ebitdaratio": 0.2293723156,
    "operatingIncome": 260200000,
    "operatingIncomeRatio": 0.1960666114,
    "totalOtherIncomeExpensesNet": -12900000,
    "incomeBeforeTax": 247300000,
    "incomeBeforeTaxRatio": 0.1863461683,
    "incomeTaxExpense": 65500000,
    "netIncome": 179800000,
    "netIncomeRatio": 0.1354833848,
    "eps": 0.14,
    "epsdiluted": 0.14,
    "weightedAverageShsOut": 1240186136,
    "weightedAverageShsOutDil": 1271942580,
    "link": "https://www.sec.gov/Archives/edgar/data/820313/000110465915036125/0001104659-15-036125-index.htm",
    "finalLink": "https://www.sec.gov/Archives/edgar/data/820313/000110465915036125/a15-7228_110q.htm"
  },
  {
    "date": "2014-12-31",
    "symbol": "APH",
    "reportedCurrency": "USD",
    "cik": "0000820313",
    "fillingDate": "2015-02-20",
    "acceptedDate": "2015-02-20 14:49:55",
    "calendarYear": "2014",
    "period": "Q4",
    "revenue": 1426500000,
    "costOfRevenue": 969800000,
    "grossProfit": 456700000,
    "grossProfitRatio": 0.3201542236,
    "researchAndDevelopmentExpenses": 114800000,
    "generalAndAdministrativeExpenses": 168155000,
    "sellingAndMarketingExpenses": 45000,
    "sellingGeneralAndAdministrativeExpenses": 168200000,
    "otherExpenses": 5200000,
    "operatingExpenses": 168200000,
    "costAndExpenses": 1138000000,
    "interestIncome": 0,
    "interestExpense": 20159000,
    "depreciationAndAmortization": 50123000,
    "ebitda": 334153000,
    "ebitdaratio": 0.2342467578,
    "operatingIncome": 278900000,
    "operatingIncomeRatio": 0.1955134946,
    "totalOtherIncomeExpensesNet": -14962999.99999988,
    "incomeBeforeTax": 263900000,
    "incomeBeforeTaxRatio": 0.1849982475,
    "incomeTaxExpense": 69100000,
    "netIncome": 193500000,
    "netIncomeRatio": 0.1356466877,
    "eps": 0.16,
    "epsdiluted": 0.16,
    "weightedAverageShsOut": 1240120824,
    "weightedAverageShsOutDil": 1268807700,
    "link": "https://www.sec.gov/Archives/edgar/data/820313/000110465915012575/0001104659-15-012575-index.htm",
    "finalLink": "https://www.sec.gov/Archives/edgar/data/820313/000110465915012575/a14-25561_110k.htm"
  },
  {
    "date": "2014-09-30",
    "symbol": "APH",
    "reportedCurrency": "USD",
    "cik": "0000820313",
    "fillingDate": "2014-11-05",
    "acceptedDate": "2014-11-05 08:56:25",
    "calendarYear": "2014",
    "period": "Q3",
    "revenue": 1358742000,
    "costOfRevenue": 927087000,
    "grossProfit": 431655000,
    "grossProfitRatio": 0.3176872431,
    "researchAndDevelopmentExpenses": 0,
    "generalAndAdministrativeExpenses": 161287000,
    "sellingAndMarketingExpenses": 0,
    "sellingGeneralAndAdministrativeExpenses": 161287000,
    "otherExpenses": 0,
    "operatingExpenses": 161287000,
    "costAndExpenses": 1088374000,
    "interestIncome": 0,
    "interestExpense": 21100000,
    "depreciationAndAmortization": 40359000,
    "ebitda": 313000000,
    "ebitdaratio": 0.230360142,
    "operatingIncome": 267821000,
    "operatingIncomeRatio": 0.1971095322,
    "totalOtherIncomeExpensesNet": -18800000,
    "incomeBeforeTax": 251478000,
    "incomeBeforeTaxRatio": 0.1850814945,
    "incomeTaxExpense": 67318000,
    "netIncome": 182207000,
    "netIncomeRatio": 0.1340997776,
    "eps": 0.14,
    "epsdiluted": 0.14,
    "weightedAverageShsOut": 1253136968,
    "weightedAverageShsOutDil": 1282545620,
    "link": "https://www.sec.gov/Archives/edgar/data/820313/000110465914076813/0001104659-14-076813-index.htm",
    "finalLink": "https://www.sec.gov/Archives/edgar/data/820313/000110465914076813/a14-19652_110q.htm"
  },
  {
    "date": "2014-06-30",
    "symbol": "APH",
    "reportedCurrency": "USD",
    "cik": "0000820313",
    "fillingDate": "2014-08-06",
    "acceptedDate": "2014-08-06 10:33:17",
    "calendarYear": "2014",
    "period": "Q2",
    "revenue": 1314172000,
    "costOfRevenue": 897405000,
    "grossProfit": 416767000,
    "grossProfitRatio": 0.317132765,
    "researchAndDevelopmentExpenses": 0,
    "generalAndAdministrativeExpenses": 160957000,
    "sellingAndMarketingExpenses": 0,
    "sellingGeneralAndAdministrativeExpenses": 160957000,
    "otherExpenses": 0,
    "operatingExpenses": 160957000,
    "costAndExpenses": 1058362000,
    "interestIncome": 0,
    "interestExpense": 20100000,
    "depreciationAndAmortization": 37745000,
    "ebitda": 297800000,
    "ebitdaratio": 0.2266065629,
    "operatingIncome": 255810000,
    "operatingIncomeRatio": 0.1946548854,
    "totalOtherIncomeExpensesNet": -15800000,
    "incomeBeforeTax": 240022000,
    "incomeBeforeTaxRatio": 0.1826412372,
    "incomeTaxExpense": 63605000,
    "netIncome": 174932000,
    "netIncomeRatio": 0.1331119519,
    "eps": 0.14,
    "epsdiluted": 0.14,
    "weightedAverageShsOut": 1256917480,
    "weightedAverageShsOutDil": 1286329080,
    "link": "https://www.sec.gov/Archives/edgar/data/820313/000110465914057288/0001104659-14-057288-index.htm",
    "finalLink": "https://www.sec.gov/Archives/edgar/data/820313/000110465914057288/a14-13902_110q.htm"
  },
  {
    "date": "2014-03-31",
    "symbol": "APH",
    "reportedCurrency": "USD",
    "cik": "0000820313",
    "fillingDate": "2014-05-07",
    "acceptedDate": "2014-05-07 09:10:16",
    "calendarYear": "2014",
    "period": "Q1",
    "revenue": 1246074000,
    "costOfRevenue": 857218000,
    "grossProfit": 388856000,
    "grossProfitRatio": 0.3120649335,
    "researchAndDevelopmentExpenses": 0,
    "generalAndAdministrativeExpenses": 154701000,
    "sellingAndMarketingExpenses": 0,
    "sellingGeneralAndAdministrativeExpenses": 154701000,
    "otherExpenses": 0,
    "operatingExpenses": 154701000,
    "costAndExpenses": 1011919000,
    "interestIncome": 0,
    "interestExpense": 19100000,
    "depreciationAndAmortization": 39873000,
    "ebitda": 276100000,
    "ebitdaratio": 0.2215759257,
    "operatingIncome": 232135000,
    "operatingIncomeRatio": 0.1862931094,
    "totalOtherIncomeExpensesNet": -17000000,
    "incomeBeforeTax": 217129000,
    "incomeBeforeTaxRatio": 0.1742504859,
    "incomeTaxExpense": 57327000,
    "netIncome": 158483000,
    "netIncomeRatio": 0.1271858654,
    "eps": 0.13,
    "epsdiluted": 0.13,
    "weightedAverageShsOut": 1260227856,
    "weightedAverageShsOutDil": 1289417248,
    "link": "https://www.sec.gov/Archives/edgar/data/820313/000110465914035493/0001104659-14-035493-index.htm",
    "finalLink": "https://www.sec.gov/Archives/edgar/data/820313/000110465914035493/a14-8715_110q.htm"
  },
  {
    "date": "2013-12-31",
    "symbol": "APH",
    "reportedCurrency": "USD",
    "cik": "0000820313",
    "fillingDate": "2014-02-21",
    "acceptedDate": "2014-02-21 14:10:50",
    "calendarYear": "2013",
    "period": "Q4",
    "revenue": 1245735000,
    "costOfRevenue": 856429000,
    "grossProfit": 389306000,
    "grossProfitRatio": 0.3125110878,
    "researchAndDevelopmentExpenses": 103400000,
    "generalAndAdministrativeExpenses": 144500000,
    "sellingAndMarketingExpenses": 0,
    "sellingGeneralAndAdministrativeExpenses": 144500000,
    "otherExpenses": 3942000,
    "operatingExpenses": 144500000,
    "costAndExpenses": 1000929000,
    "interestIncome": 0,
    "interestExpense": 16427000,
    "depreciationAndAmortization": 34951000,
    "ebitda": 280253000,
    "ebitdaratio": 0.2249699976,
    "operatingIncome": 241360000,
    "operatingIncomeRatio": 0.1937490718,
    "totalOtherIncomeExpensesNet": -12485000,
    "incomeBeforeTax": 228875000,
    "incomeBeforeTaxRatio": 0.1837268761,
    "incomeTaxExpense": 59996000,
    "netIncome": 167879000,
    "netIncomeRatio": 0.1347630114,
    "eps": 0.14,
    "epsdiluted": 0.13,
    "weightedAverageShsOut": 1266265008,
    "weightedAverageShsOutDil": 1293387968,
    "link": "https://www.sec.gov/Archives/edgar/data/820313/000110465914012225/0001104659-14-012225-index.htm",
    "finalLink": "https://www.sec.gov/Archives/edgar/data/820313/000110465914012225/a13-24862_110k.htm"
  },
  {
    "date": "2013-09-30",
    "symbol": "APH",
    "reportedCurrency": "USD",
    "cik": "0000820313",
    "fillingDate": "2013-11-01",
    "acceptedDate": "2013-11-01 10:39:49",
    "calendarYear": "2013",
    "period": "Q3",
    "revenue": 1153062000,
    "costOfRevenue": 789214000,
    "grossProfit": 363848000,
    "grossProfitRatio": 0.3155493807,
    "researchAndDevelopmentExpenses": 0,
    "generalAndAdministrativeExpenses": 136828000,
    "sellingAndMarketingExpenses": 0,
    "sellingGeneralAndAdministrativeExpenses": 136828000,
    "otherExpenses": 0,
    "operatingExpenses": 136828000,
    "costAndExpenses": 926042000,
    "interestIncome": 0,
    "interestExpense": 16048000,
    "depreciationAndAmortization": 34769000,
    "ebitda": 262877000,
    "ebitdaratio": 0.2279816697,
    "operatingIncome": 224483000,
    "operatingIncomeRatio": 0.1946842407,
    "totalOtherIncomeExpensesNet": -12423000,
    "incomeBeforeTax": 212060000,
    "incomeBeforeTaxRatio": 0.1839103188,
    "incomeTaxExpense": 50671000,
    "netIncome": 160798000,
    "netIncomeRatio": 0.139453039,
    "eps": 0.13,
    "epsdiluted": 0.13,
    "weightedAverageShsOut": 1269324160,
    "weightedAverageShsOutDil": 1294342288,
    "link": "https://www.sec.gov/Archives/edgar/data/820313/000110465913079916/0001104659-13-079916-index.htm",
    "finalLink": "https://www.sec.gov/Archives/edgar/data/820313/000110465913079916/a13-19632_110q.htm"
  },
  {
    "date": "2013-06-30",
    "symbol": "APH",
    "reportedCurrency": "USD",
    "cik": "0000820313",
    "fillingDate": "2013-08-02",
    "acceptedDate": "2013-08-02 10:55:07",
    "calendarYear": "2013",
    "period": "Q2",
    "revenue": 1136067000,
    "costOfRevenue": 776279000,
    "grossProfit": 359788000,
    "grossProfitRatio": 0.3166961104,
    "researchAndDevelopmentExpenses": 0,
    "generalAndAdministrativeExpenses": 135775000,
    "sellingAndMarketingExpenses": 0,
    "sellingGeneralAndAdministrativeExpenses": 135775000,
    "otherExpenses": 0,
    "operatingExpenses": 135775000,
    "costAndExpenses": 912054000,
    "interestIncome": 0,
    "interestExpense": 15621000,
    "depreciationAndAmortization": 34170000,
    "ebitda": 261216000,
    "ebitdaratio": 0.229930101,
    "operatingIncome": 224013000,
    "operatingIncomeRatio": 0.1971829126,
    "totalOtherIncomeExpensesNet": -12588000,
    "incomeBeforeTax": 211425000,
    "incomeBeforeTaxRatio": 0.1861025802,
    "incomeTaxExpense": 56557000,
    "netIncome": 153988000,
    "netIncomeRatio": 0.1355448226,
    "eps": 0.12,
    "epsdiluted": 0.12,
    "weightedAverageShsOut": 1277640168,
    "weightedAverageShsOutDil": 1303483424,
    "link": "https://www.sec.gov/Archives/edgar/data/820313/000110465913059242/0001104659-13-059242-index.htm",
    "finalLink": "https://www.sec.gov/Archives/edgar/data/820313/000110465913059242/a13-13753_110q.htm"
  },
  {
    "date": "2013-03-31",
    "symbol": "APH",
    "reportedCurrency": "USD",
    "cik": "0000820313",
    "fillingDate": "2013-05-03",
    "acceptedDate": "2013-05-03 14:22:29",
    "calendarYear": "2013",
    "period": "Q1",
    "revenue": 1079805000,
    "costOfRevenue": 741913000,
    "grossProfit": 337892000,
    "grossProfitRatio": 0.3129194623,
    "researchAndDevelopmentExpenses": 0,
    "generalAndAdministrativeExpenses": 130935000,
    "sellingAndMarketingExpenses": 0,
    "sellingGeneralAndAdministrativeExpenses": 130935000,
    "otherExpenses": 0,
    "operatingExpenses": 130935000,
    "costAndExpenses": 872848000,
    "interestIncome": 0,
    "interestExpense": 15457000,
    "depreciationAndAmortization": 32592000,
    "ebitda": 242334000,
    "ebitdaratio": 0.2244238543,
    "operatingIncome": 206957000,
    "operatingIncomeRatio": 0.1916614574,
    "totalOtherIncomeExpensesNet": -12672000,
    "incomeBeforeTax": 194285000,
    "incomeBeforeTaxRatio": 0.1799260052,
    "incomeTaxExpense": 40672000,
    "netIncome": 153007000,
    "netIncomeRatio": 0.1416987326,
    "eps": 0.12,
    "epsdiluted": 0.12,
    "weightedAverageShsOut": 1277905344,
    "weightedAverageShsOutDil": 1301704016,
    "link": "https://www.sec.gov/Archives/edgar/data/820313/000110465913037040/0001104659-13-037040-index.htm",
    "finalLink": "https://www.sec.gov/Archives/edgar/data/820313/000110465913037040/a13-8433_110q.htm"
  },
  {
    "date": "2012-12-31",
    "symbol": "APH",
    "reportedCurrency": "USD",
    "cik": "0000820313",
    "fillingDate": "2013-02-22",
    "acceptedDate": "2013-02-22 14:14:39",
    "calendarYear": "2012",
    "period": "Q4",
    "revenue": 1145978000,
    "costOfRevenue": 790527000,
    "grossProfit": 355451000,
    "grossProfitRatio": 0.3101726211,
    "researchAndDevelopmentExpenses": 92480000,
    "generalAndAdministrativeExpenses": 132231000,
    "sellingAndMarketingExpenses": 0,
    "sellingGeneralAndAdministrativeExpenses": 132231000,
    "otherExpenses": 2652000,
    "operatingExpenses": 132231000,
    "costAndExpenses": 922758000,
    "interestIncome": 0,
    "interestExpense": 15599000,
    "depreciationAndAmortization": 32440000,
    "ebitda": 256312000,
    "ebitdaratio": 0.2236622344,
    "operatingIncome": 221220000,
    "operatingIncomeRatio": 0.1930403551,
    "totalOtherIncomeExpensesNet": -12947000,
    "incomeBeforeTax": 208273000,
    "incomeBeforeTaxRatio": 0.1817425814,
    "incomeTaxExpense": 66706000,
    "netIncome": 140362000,
    "netIncomeRatio": 0.1224822815,
    "eps": 0.11,
    "epsdiluted": 0.11,
    "weightedAverageShsOut": 1283038912,
    "weightedAverageShsOutDil": 1302318864,
    "link": "https://www.sec.gov/Archives/edgar/data/820313/000110465913013180/0001104659-13-013180-index.htm",
    "finalLink": "https://www.sec.gov/Archives/edgar/data/820313/000110465913013180/a12-28965_110k.htm"
  },
  {
    "date": "2012-09-30",
    "symbol": "APH",
    "reportedCurrency": "USD",
    "cik": "0000820313",
    "fillingDate": "2012-11-02",
    "acceptedDate": "2012-11-02 12:28:17",
    "calendarYear": "2012",
    "period": "Q3",
    "revenue": 1103376000,
    "costOfRevenue": 759047000,
    "grossProfit": 344329000,
    "grossProfitRatio": 0.3120685967,
    "researchAndDevelopmentExpenses": 0,
    "generalAndAdministrativeExpenses": 128659000,
    "sellingAndMarketingExpenses": 0,
    "sellingGeneralAndAdministrativeExpenses": 128659000,
    "otherExpenses": 0,
    "operatingExpenses": 128659000,
    "costAndExpenses": 887706000,
    "interestIncome": 0,
    "interestExpense": 15166000,
    "depreciationAndAmortization": 30748000,
    "ebitda": 249054000,
    "ebitdaratio": 0.2257199722,
    "operatingIncome": 215670000,
    "operatingIncomeRatio": 0.1954637404,
    "totalOtherIncomeExpensesNet": -12530000,
    "incomeBeforeTax": 203140000,
    "incomeBeforeTaxRatio": 0.1841076841,
    "incomeTaxExpense": 54340000,
    "netIncome": 147450000,
    "netIncomeRatio": 0.1336353156,
    "eps": 0.12,
    "epsdiluted": 0.12,
    "weightedAverageShsOut": 1290795944,
    "weightedAverageShsOutDil": 1310241368,
    "link": "https://www.sec.gov/Archives/edgar/data/820313/000110465912073553/0001104659-12-073553-index.htm",
    "finalLink": "https://www.sec.gov/Archives/edgar/data/820313/000110465912073553/a12-19909_110q.htm"
  },
  {
    "date": "2012-06-30",
    "symbol": "APH",
    "reportedCurrency": "USD",
    "cik": "0000820313",
    "fillingDate": "2012-08-03",
    "acceptedDate": "2012-08-03 11:30:52",
    "calendarYear": "2012",
    "period": "Q2",
    "revenue": 1061107000,
    "costOfRevenue": 726946000,
    "grossProfit": 334161000,
    "grossProfitRatio": 0.3149173458,
    "researchAndDevelopmentExpenses": 0,
    "generalAndAdministrativeExpenses": 127985000,
    "sellingAndMarketingExpenses": 0,
    "sellingGeneralAndAdministrativeExpenses": 127985000,
    "otherExpenses": 0,
    "operatingExpenses": 127985000,
    "costAndExpenses": 854931000,
    "interestIncome": 0,
    "interestExpense": 15099000,
    "depreciationAndAmortization": 29592000,
    "ebitda": 238402000,
    "ebitdaratio": 0.2246729123,
    "operatingIncome": 206176000,
    "operatingIncomeRatio": 0.1943027423,
    "totalOtherIncomeExpensesNet": -12465000,
    "incomeBeforeTax": 193711000,
    "incomeBeforeTaxRatio": 0.1825555764,
    "incomeTaxExpense": 51818000,
    "netIncome": 140942000,
    "netIncomeRatio": 0.1328254361,
    "eps": 0.11,
    "epsdiluted": 0.11,
    "weightedAverageShsOut": 1292092400,
    "weightedAverageShsOutDil": 1310972520,
    "link": "https://www.sec.gov/Archives/edgar/data/820313/000110465912054022/0001104659-12-054022-index.htm",
    "finalLink": "https://www.sec.gov/Archives/edgar/data/820313/000110465912054022/a12-13710_110q.htm"
  },
  {
    "date": "2012-03-31",
    "symbol": "APH",
    "reportedCurrency": "USD",
    "cik": "0000820313",
    "fillingDate": "2012-05-04",
    "acceptedDate": "2012-05-04 11:16:33",
    "calendarYear": "2012",
    "period": "Q1",
    "revenue": 981604000,
    "costOfRevenue": 672333000,
    "grossProfit": 309271000,
    "grossProfitRatio": 0.315066972,
    "researchAndDevelopmentExpenses": 0,
    "generalAndAdministrativeExpenses": 123992000,
    "sellingAndMarketingExpenses": 0,
    "sellingGeneralAndAdministrativeExpenses": 123992000,
    "otherExpenses": 0,
    "operatingExpenses": 123992000,
    "costAndExpenses": 796325000,
    "interestIncome": 0,
    "interestExpense": 13749000,
    "depreciationAndAmortization": 28999000,
    "ebitda": 216465000,
    "ebitdaratio": 0.2205217175,
    "operatingIncome": 185279000,
    "operatingIncomeRatio": 0.1887512683,
    "totalOtherIncomeExpensesNet": -11562000,
    "incomeBeforeTax": 173717000,
    "incomeBeforeTaxRatio": 0.1769725877,
    "incomeTaxExpense": 46469000,
    "netIncome": 126563000,
    "netIncomeRatio": 0.1289348862,
    "eps": 0.1,
    "epsdiluted": 0.095,
    "weightedAverageShsOut": 1302894904,
    "weightedAverageShsOutDil": 1322841104,
    "link": "https://www.sec.gov/Archives/edgar/data/820313/000110465912032999/0001104659-12-032999-index.htm",
    "finalLink": "https://www.sec.gov/Archives/edgar/data/820313/000110465912032999/a12-7581_110q.htm"
  },
  {
    "date": "2011-12-31",
    "symbol": "APH",
    "reportedCurrency": "USD",
    "cik": "0000820313",
    "fillingDate": "2012-02-24",
    "acceptedDate": "2012-02-24 14:13:06",
    "calendarYear": "2011",
    "period": "Q4",
    "revenue": 948709000,
    "costOfRevenue": 653872000,
    "grossProfit": 294837000,
    "grossProfitRatio": 0.3107770665,
    "researchAndDevelopmentExpenses": 0,
    "generalAndAdministrativeExpenses": 128177000,
    "sellingAndMarketingExpenses": 0,
    "sellingGeneralAndAdministrativeExpenses": 128177000,
    "otherExpenses": 0,
    "operatingExpenses": 128177000,
    "costAndExpenses": 782049000,
    "interestIncome": 0,
    "interestExpense": 11144000,
    "depreciationAndAmortization": 31242000,
    "ebitda": 197916000,
    "ebitdaratio": 0.2086161299,
    "operatingIncome": 164660000,
    "operatingIncomeRatio": 0.1735621777,
    "totalOtherIncomeExpensesNet": -9130000,
    "incomeBeforeTax": 155530000,
    "incomeBeforeTaxRatio": 0.1639385734,
    "incomeTaxExpense": 40525000,
    "netIncome": 113859000,
    "netIncomeRatio": 0.1200146726,
    "eps": 0.09,
    "epsdiluted": 0.085,
    "weightedAverageShsOut": 1314600984,
    "weightedAverageShsOutDil": 1328937000,
    "link": "https://www.sec.gov/Archives/edgar/data/820313/000110465912012448/0001104659-12-012448-index.htm",
    "finalLink": "https://www.sec.gov/Archives/edgar/data/820313/000110465912012448/a12-1044_110k.htm"
  },
  {
    "date": "2011-09-30",
    "symbol": "APH",
    "reportedCurrency": "USD",
    "cik": "0000820313",
    "fillingDate": "2011-11-04",
    "acceptedDate": "2011-11-04 13:43:55",
    "calendarYear": "2011",
    "period": "Q3",
    "revenue": 1032754000,
    "costOfRevenue": 709277000,
    "grossProfit": 323477000,
    "grossProfitRatio": 0.3132178621,
    "researchAndDevelopmentExpenses": 0,
    "generalAndAdministrativeExpenses": 137418000,
    "sellingAndMarketingExpenses": -12831000,
    "sellingGeneralAndAdministrativeExpenses": 124587000,
    "otherExpenses": 0,
    "operatingExpenses": 137418000,
    "costAndExpenses": 846695000,
    "interestIncome": 0,
    "interestExpense": 10498000,
    "depreciationAndAmortization": 30989000,
    "ebitda": 219303000,
    "ebitdaratio": 0.2123477614,
    "operatingIncome": 186059000,
    "operatingIncomeRatio": 0.1801581015,
    "totalOtherIncomeExpensesNet": -8243000,
    "incomeBeforeTax": 177816000,
    "incomeBeforeTaxRatio": 0.1721765299,
    "incomeTaxExpense": 41758000,
    "netIncome": 134623000,
    "netIncomeRatio": 0.1303534046,
    "eps": 0.1,
    "epsdiluted": 0.1,
    "weightedAverageShsOut": 1343614928,
    "weightedAverageShsOutDil": 1358680536,
    "link": "https://www.sec.gov/Archives/edgar/data/820313/000110465911061028/0001104659-11-061028-index.htm",
    "finalLink": "https://www.sec.gov/Archives/edgar/data/820313/000110465911061028/a11-24710_110q.htm"
  },
  {
    "date": "2011-06-30",
    "symbol": "APH",
    "reportedCurrency": "USD",
    "cik": "0000820313",
    "fillingDate": "2011-08-05",
    "acceptedDate": "2011-08-05 16:12:45",
    "calendarYear": "2011",
    "period": "Q2",
    "revenue": 1017738000,
    "costOfRevenue": 696516000,
    "grossProfit": 321222000,
    "grossProfitRatio": 0.3156234709,
    "researchAndDevelopmentExpenses": 0,
    "generalAndAdministrativeExpenses": 124161000,
    "sellingAndMarketingExpenses": 0,
    "sellingGeneralAndAdministrativeExpenses": 124161000,
    "otherExpenses": 0,
    "operatingExpenses": 106348000,
    "costAndExpenses": 802864000,
    "interestIncome": 0,
    "interestExpense": 11371000,
    "depreciationAndAmortization": 29851000,
    "ebitda": 246855000,
    "ebitdaratio": 0.2425526019,
    "operatingIncome": 214874000,
    "operatingIncomeRatio": 0.2111289939,
    "totalOtherIncomeExpensesNet": -9241000,
    "incomeBeforeTax": 205633000,
    "incomeBeforeTaxRatio": 0.2020490539,
    "incomeTaxExpense": 56739000,
    "netIncome": 147751000,
    "netIncomeRatio": 0.1451758704,
    "eps": 0.11,
    "epsdiluted": 0.11,
    "weightedAverageShsOut": 1369555792,
    "weightedAverageShsOutDil": 1388739664,
    "link": "https://www.sec.gov/Archives/edgar/data/820313/000110465911044280/0001104659-11-044280-index.htm",
    "finalLink": "https://www.sec.gov/Archives/edgar/data/820313/000110465911044280/a11-13904_110q.htm"
  },
  {
    "date": "2011-03-31",
    "symbol": "APH",
    "reportedCurrency": "USD",
    "cik": "0000820313",
    "fillingDate": "2011-05-09",
    "acceptedDate": "2011-05-09 11:44:54",
    "calendarYear": "2011",
    "period": "Q1",
    "revenue": 940585000,
    "costOfRevenue": 636461000,
    "grossProfit": 304124000,
    "grossProfitRatio": 0.3233349458,
    "researchAndDevelopmentExpenses": 0,
    "generalAndAdministrativeExpenses": 118039000,
    "sellingAndMarketingExpenses": 0,
    "sellingGeneralAndAdministrativeExpenses": 118039000,
    "otherExpenses": 0,
    "operatingExpenses": 118039000,
    "costAndExpenses": 754500000,
    "interestIncome": 0,
    "interestExpense": 10016000,
    "depreciationAndAmortization": 27357000,
    "ebitda": 215146000,
    "ebitdaratio": 0.2287363715,
    "operatingIncome": 186085000,
    "operatingIncomeRatio": 0.1978396424,
    "totalOtherIncomeExpensesNet": -8312000,
    "incomeBeforeTax": 177773000,
    "incomeBeforeTaxRatio": 0.1890025888,
    "incomeTaxExpense": 48888000,
    "netIncome": 127958000,
    "netIncomeRatio": 0.1360408682,
    "eps": 0.09,
    "epsdiluted": 0.09,
    "weightedAverageShsOut": 1401346376,
    "weightedAverageShsOutDil": 1422807456,
    "link": "https://www.sec.gov/Archives/edgar/data/820313/000110465911027181/0001104659-11-027181-index.htm",
    "finalLink": "https://www.sec.gov/Archives/edgar/data/820313/000110465911027181/a11-9267_110q.htm"
  },
  {
    "date": "2010-12-31",
    "symbol": "APH",
    "reportedCurrency": "USD",
    "cik": "0000820313",
    "fillingDate": "2011-02-28",
    "acceptedDate": "2011-02-28 15:14:35",
    "calendarYear": "2010",
    "period": "Q4",
    "revenue": 949886000,
    "costOfRevenue": 639866000,
    "grossProfit": 310020000,
    "grossProfitRatio": 0.3263760072,
    "researchAndDevelopmentExpenses": 0,
    "generalAndAdministrativeExpenses": 119466000,
    "sellingAndMarketingExpenses": 0,
    "sellingGeneralAndAdministrativeExpenses": 119466000,
    "otherExpenses": 0,
    "operatingExpenses": 119466000,
    "costAndExpenses": 759332000,
    "interestIncome": 0,
    "interestExpense": 10192000,
    "depreciationAndAmortization": 26846000,
    "ebitda": 218998000,
    "ebitdaratio": 0.2305518768,
    "operatingIncome": 190554000,
    "operatingIncomeRatio": 0.2006072308,
    "totalOtherIncomeExpensesNet": -8594000,
    "incomeBeforeTax": 181960000,
    "incomeBeforeTaxRatio": 0.1915598293,
    "incomeTaxExpense": 49493000,
    "netIncome": 131113000,
    "netIncomeRatio": 0.1380302478,
    "eps": 0.095,
    "epsdiluted": 0.095,
    "weightedAverageShsOut": 1396294680,
    "weightedAverageShsOutDil": 1420892928,
    "link": "https://www.sec.gov/Archives/edgar/data/820313/000110465911010845/0001104659-11-010845-index.htm",
    "finalLink": "https://www.sec.gov/Archives/edgar/data/820313/000110465911010845/a10-22168_110k.htm"
  },
  {
    "date": "2010-09-30",
    "symbol": "APH",
    "reportedCurrency": "USD",
    "cik": "0000820313",
    "fillingDate": "2010-11-05",
    "acceptedDate": "2010-11-05 09:02:16",
    "calendarYear": "2010",
    "period": "Q3",
    "revenue": 948463000,
    "costOfRevenue": 638746000,
    "grossProfit": 309717000,
    "grossProfitRatio": 0.3265462121,
    "researchAndDevelopmentExpenses": 0,
    "generalAndAdministrativeExpenses": 120583000,
    "sellingAndMarketingExpenses": 0,
    "sellingGeneralAndAdministrativeExpenses": 120583000,
    "otherExpenses": 0,
    "operatingExpenses": 120583000,
    "costAndExpenses": 759329000,
    "interestIncome": 0,
    "interestExpense": 10568000,
    "depreciationAndAmortization": 26507000,
    "ebitda": 216892000,
    "ebitdaratio": 0.2286773443,
    "operatingIncome": 189134000,
    "operatingIncomeRatio": 0.1994110471,
    "totalOtherIncomeExpensesNet": -9317000,
    "incomeBeforeTax": 179817000,
    "incomeBeforeTaxRatio": 0.1895877857,
    "incomeTaxExpense": 41018000,
    "netIncome": 137268000,
    "netIncomeRatio": 0.1447267843,
    "eps": 0.1,
    "epsdiluted": 0.1,
    "weightedAverageShsOut": 1390510024,
    "weightedAverageShsOutDil": 1409797992,
    "link": "https://www.sec.gov/Archives/edgar/data/820313/000110465910056313/0001104659-10-056313-index.htm",
    "finalLink": "https://www.sec.gov/Archives/edgar/data/820313/000110465910056313/a10-17274_110q.htm"
  },
  {
    "date": "2010-06-30",
    "symbol": "APH",
    "reportedCurrency": "USD",
    "cik": "0000820313",
    "fillingDate": "2010-08-06",
    "acceptedDate": "2010-08-06 10:27:27",
    "calendarYear": "2010",
    "period": "Q2",
    "revenue": 884798000,
    "costOfRevenue": 595499000,
    "grossProfit": 289299000,
    "grossProfitRatio": 0.326966155,
    "researchAndDevelopmentExpenses": 0,
    "generalAndAdministrativeExpenses": 113674000,
    "sellingAndMarketingExpenses": 0,
    "sellingGeneralAndAdministrativeExpenses": 113674000,
    "otherExpenses": 0,
    "operatingExpenses": 113674000,
    "costAndExpenses": 709173000,
    "interestIncome": 0,
    "interestExpense": 9968000,
    "depreciationAndAmortization": 25149000,
    "ebitda": 201538000,
    "ebitdaratio": 0.2277785438,
    "operatingIncome": 175625000,
    "operatingIncomeRatio": 0.1984916331,
    "totalOtherIncomeExpensesNet": -9204000,
    "incomeBeforeTax": 166421000,
    "incomeBeforeTaxRatio": 0.1880892588,
    "incomeTaxExpense": 35412000,
    "netIncome": 129671000,
    "netIncomeRatio": 0.1465543548,
    "eps": 0.095,
    "epsdiluted": 0.095,
    "weightedAverageShsOut": 1388159056,
    "weightedAverageShsOutDil": 1407083720,
    "link": "https://www.sec.gov/Archives/edgar/data/820313/000110465910042600/0001104659-10-042600-index.htm",
    "finalLink": "https://www.sec.gov/Archives/edgar/data/820313/000110465910042600/a10-12612_110q.htm"
  },
  {
    "date": "2010-03-31",
    "symbol": "APH",
    "reportedCurrency": "USD",
    "cik": "0000820313",
    "fillingDate": "2010-05-06",
    "acceptedDate": "2010-05-06 15:18:34",
    "calendarYear": "2010",
    "period": "Q1",
    "revenue": 770954000,
    "costOfRevenue": 521762000,
    "grossProfit": 249192000,
    "grossProfitRatio": 0.3232255102,
    "researchAndDevelopmentExpenses": 0,
    "generalAndAdministrativeExpenses": 104148000,
    "sellingAndMarketingExpenses": 0,
    "sellingGeneralAndAdministrativeExpenses": 104148000,
    "otherExpenses": 0,
    "operatingExpenses": 104148000,
    "costAndExpenses": 625910000,
    "interestIncome": 0,
    "interestExpense": 10013000,
    "depreciationAndAmortization": 24344000,
    "ebitda": 169847000,
    "ebitdaratio": 0.220307567,
    "operatingIncome": 145044000,
    "operatingIncomeRatio": 0.1881357383,
    "totalOtherIncomeExpensesNet": -9554000,
    "incomeBeforeTax": 135490000,
    "incomeBeforeTaxRatio": 0.1757432999,
    "incomeTaxExpense": 35352000,
    "netIncome": 98353000,
    "netIncomeRatio": 0.1275731107,
    "eps": 0.07,
    "epsdiluted": 0.07,
    "weightedAverageShsOut": 1386128904,
    "weightedAverageShsOutDil": 1404600016,
    "link": "https://www.sec.gov/Archives/edgar/data/820313/000110465910026341/0001104659-10-026341-index.htm",
    "finalLink": "https://www.sec.gov/Archives/edgar/data/820313/000110465910026341/a10-5737_110q.htm"
  },
  {
    "date": "2009-12-31",
    "symbol": "APH",
    "reportedCurrency": "USD",
    "cik": "0000820313",
    "fillingDate": "2010-02-23",
    "acceptedDate": "2010-02-23 14:23:08",
    "calendarYear": "2009",
    "period": "Q4",
    "revenue": 758296000,
    "costOfRevenue": 516664000,
    "grossProfit": 241632000,
    "grossProfitRatio": 0.3186512918,
    "researchAndDevelopmentExpenses": 0,
    "generalAndAdministrativeExpenses": 103172000,
    "sellingAndMarketingExpenses": 0,
    "sellingGeneralAndAdministrativeExpenses": 103172000,
    "otherExpenses": 0,
    "operatingExpenses": 103172000,
    "costAndExpenses": 619836000,
    "interestIncome": 0,
    "interestExpense": 9496000,
    "depreciationAndAmortization": 25601000,
    "ebitda": 159203000,
    "ebitdaratio": 0.2099483579,
    "operatingIncome": 138460000,
    "operatingIncomeRatio": 0.1825936046,
    "totalOtherIncomeExpensesNet": -14354000,
    "incomeBeforeTax": 124106000,
    "incomeBeforeTaxRatio": 0.1636643211,
    "incomeTaxExpense": 34129000,
    "netIncome": 87639000,
    "netIncomeRatio": 0.1155736019,
    "eps": 0.065,
    "epsdiluted": 0.065,
    "weightedAverageShsOut": 1379978848,
    "weightedAverageShsOutDil": 1400648928,
    "link": "https://www.sec.gov/Archives/edgar/data/820313/000110465910008799/0001104659-10-008799-index.htm",
    "finalLink": "https://www.sec.gov/Archives/edgar/data/820313/000110465910008799/a09-35765_110k.htm"
  },
  {
    "date": "2009-09-30",
    "symbol": "APH",
    "reportedCurrency": "USD",
    "cik": "0000820313",
    "fillingDate": "2009-10-26",
    "acceptedDate": "2009-10-26 14:07:11",
    "calendarYear": "2009",
    "period": "Q3",
    "revenue": 716573000,
    "costOfRevenue": 492180000,
    "grossProfit": 224393000,
    "grossProfitRatio": 0.3131474393,
    "researchAndDevelopmentExpenses": 0,
    "generalAndAdministrativeExpenses": 100103000,
    "sellingAndMarketingExpenses": 0,
    "sellingGeneralAndAdministrativeExpenses": 100103000,
    "otherExpenses": 0,
    "operatingExpenses": 100103000,
    "costAndExpenses": 592283000,
    "interestIncome": 0,
    "interestExpense": 8961000,
    "depreciationAndAmortization": 25153000,
    "ebitda": 149098000,
    "ebitdaratio": 0.2080709153,
    "operatingIncome": 124290000,
    "operatingIncomeRatio": 0.1734505766,
    "totalOtherIncomeExpensesNet": -9306000,
    "incomeBeforeTax": 114984000,
    "incomeBeforeTaxRatio": 0.1604637629,
    "incomeTaxExpense": 31620000,
    "netIncome": 80915000,
    "netIncomeRatio": 0.1129194095,
    "eps": 0.06,
    "epsdiluted": 0.06,
    "weightedAverageShsOut": 1371425896,
    "weightedAverageShsOutDil": 1391428712,
    "link": "https://www.sec.gov/Archives/edgar/data/820313/000110465909060317/0001104659-09-060317-index.htm",
    "finalLink": "https://www.sec.gov/Archives/edgar/data/820313/000110465909060317/a09-30760_110q.htm"
  },
  {
    "date": "2009-06-30",
    "symbol": "APH",
    "reportedCurrency": "USD",
    "cik": "0000820313",
    "fillingDate": "2009-08-06",
    "acceptedDate": "2009-08-06 10:03:21",
    "calendarYear": "2009",
    "period": "Q2",
    "revenue": 685184000,
    "costOfRevenue": 471034000,
    "grossProfit": 214150000,
    "grossProfitRatio": 0.3125437839,
    "researchAndDevelopmentExpenses": 0,
    "generalAndAdministrativeExpenses": 98672000,
    "sellingAndMarketingExpenses": 0,
    "sellingGeneralAndAdministrativeExpenses": 98672000,
    "otherExpenses": 0,
    "operatingExpenses": 98672000,
    "costAndExpenses": 569706000,
    "interestIncome": 0,
    "interestExpense": 9131000,
    "depreciationAndAmortization": 24779000,
    "ebitda": 139875000,
    "ebitdaratio": 0.204142245,
    "operatingIncome": 115478000,
    "operatingIncomeRatio": 0.168535751,
    "totalOtherIncomeExpensesNet": -9513000,
    "incomeBeforeTax": 105965000,
    "incomeBeforeTaxRatio": 0.1546518891,
    "incomeTaxExpense": 29140000,
    "netIncome": 74870000,
    "netIncomeRatio": 0.1092699187,
    "eps": 0.055,
    "epsdiluted": 0.055,
    "weightedAverageShsOut": 1370536896,
    "weightedAverageShsOutDil": 1389197640,
    "link": "https://www.sec.gov/Archives/edgar/data/820313/000110465909047605/0001104659-09-047605-index.htm",
    "finalLink": "https://www.sec.gov/Archives/edgar/data/820313/000110465909047605/a09-14428_110q.htm"
  },
  {
    "date": "2009-03-31",
    "symbol": "APH",
    "reportedCurrency": "USD",
    "cik": "0000820313",
    "fillingDate": "2009-05-06",
    "acceptedDate": "2009-05-06 15:53:36",
    "calendarYear": "2009",
    "period": "Q1",
    "revenue": 660012000,
    "costOfRevenue": 453633000,
    "grossProfit": 206379000,
    "grossProfitRatio": 0.3126897693,
    "researchAndDevelopmentExpenses": 0,
    "generalAndAdministrativeExpenses": 95694000,
    "sellingAndMarketingExpenses": 0,
    "sellingGeneralAndAdministrativeExpenses": 95694000,
    "otherExpenses": 0,
    "operatingExpenses": 95694000,
    "costAndExpenses": 549327000,
    "interestIncome": 0,
    "interestExpense": 8998000,
    "depreciationAndAmortization": 22991000,
    "ebitda": 133461000,
    "ebitdaratio": 0.2022099598,
    "operatingIncome": 110685000,
    "operatingIncomeRatio": 0.1677014963,
    "totalOtherIncomeExpensesNet": -9213000,
    "incomeBeforeTax": 101472000,
    "incomeBeforeTaxRatio": 0.1537426592,
    "incomeTaxExpense": 24422000,
    "netIncome": 74410000,
    "netIncomeRatio": 0.1127403744,
    "eps": 0.055,
    "epsdiluted": 0.055,
    "weightedAverageShsOut": 1369481584,
    "weightedAverageShsOutDil": 1384787800,
    "link": "https://www.sec.gov/Archives/edgar/data/820313/000110465909029983/0001104659-09-029983-index.htm",
    "finalLink": "https://www.sec.gov/Archives/edgar/data/820313/000110465909029983/a09-11193_110q.htm"
  },
  {
    "date": "2008-12-31",
    "symbol": "APH",
    "reportedCurrency": "USD",
    "cik": "0000820313",
    "fillingDate": "2009-02-23",
    "acceptedDate": "2009-02-23 16:32:12",
    "calendarYear": "2008",
    "period": "Q4",
    "revenue": 755282000,
    "costOfRevenue": 514876000,
    "grossProfit": 240406000,
    "grossProfitRatio": 0.318299655,
    "researchAndDevelopmentExpenses": 0,
    "generalAndAdministrativeExpenses": 98006000,
    "sellingAndMarketingExpenses": 0,
    "sellingGeneralAndAdministrativeExpenses": 98006000,
    "otherExpenses": 0,
    "operatingExpenses": 98006000,
    "costAndExpenses": 612882000,
    "interestIncome": 0,
    "interestExpense": 0,
    "depreciationAndAmortization": 22283000,
    "ebitda": 154225000,
    "ebitdaratio": 0.2041952542,
    "operatingIncome": 142400000,
    "operatingIncomeRatio": 0.1885388504,
    "totalOtherIncomeExpensesNet": -12715000,
    "incomeBeforeTax": 129685000,
    "incomeBeforeTaxRatio": 0.1717040787,
    "incomeTaxExpense": 30952000,
    "netIncome": 98733000,
    "netIncomeRatio": 0.130723359,
    "eps": 0.07,
    "epsdiluted": 0.07,
    "weightedAverageShsOut": 1390270800,
    "weightedAverageShsOutDil": 1404174256,
    "link": "https://www.sec.gov/Archives/edgar/data/820313/000110465909011495/0001104659-09-011495-index.htm",
    "finalLink": "https://www.sec.gov/Archives/edgar/data/820313/000110465909011495/a09-1255_110k.htm"
  },
  {
    "date": "2008-09-30",
    "symbol": "APH",
    "reportedCurrency": "USD",
    "cik": "0000820313",
    "fillingDate": "2008-11-06",
    "acceptedDate": "2008-11-06 08:57:19",
    "calendarYear": "2008",
    "period": "Q3",
    "revenue": 863658000,
    "costOfRevenue": 582407000,
    "grossProfit": 281251000,
    "grossProfitRatio": 0.3256508942,
    "researchAndDevelopmentExpenses": 0,
    "generalAndAdministrativeExpenses": 109931000,
    "sellingAndMarketingExpenses": 0,
    "sellingGeneralAndAdministrativeExpenses": 109931000,
    "otherExpenses": 0,
    "operatingExpenses": 109931000,
    "costAndExpenses": 692338000,
    "interestIncome": 0,
    "interestExpense": 9772000,
    "depreciationAndAmortization": 23335000,
    "ebitda": 194834000,
    "ebitdaratio": 0.2255916115,
    "operatingIncome": 171320000,
    "operatingIncomeRatio": 0.1983655567,
    "totalOtherIncomeExpensesNet": -9593000,
    "incomeBeforeTax": 158200000,
    "incomeBeforeTaxRatio": 0.1831743584,
    "incomeTaxExpense": 45245000,
    "netIncome": 112955000,
    "netIncomeRatio": 0.1307867234,
    "eps": 0.08,
    "epsdiluted": 0.08,
    "weightedAverageShsOut": 1413731160,
    "weightedAverageShsOutDil": 1441072880,
    "link": "https://www.sec.gov/Archives/edgar/data/820313/000110465908068443/0001104659-08-068443-index.htm",
    "finalLink": "https://www.sec.gov/Archives/edgar/data/820313/000110465908068443/a08-25501_110q.htm"
  },
  {
    "date": "2008-06-30",
    "symbol": "APH",
    "reportedCurrency": "USD",
    "cik": "0000820313",
    "fillingDate": "2008-08-08",
    "acceptedDate": "2008-08-08 14:30:00",
    "calendarYear": "2008",
    "period": "Q2",
    "revenue": 846817000,
    "costOfRevenue": 570227000,
    "grossProfit": 276590000,
    "grossProfitRatio": 0.3266231075,
    "researchAndDevelopmentExpenses": 0,
    "generalAndAdministrativeExpenses": 108367000,
    "sellingAndMarketingExpenses": 0,
    "sellingGeneralAndAdministrativeExpenses": 108367000,
    "otherExpenses": 0,
    "operatingExpenses": 108367000,
    "costAndExpenses": 678594000,
    "interestIncome": 0,
    "interestExpense": 9915000,
    "depreciationAndAmortization": 22913000,
    "ebitda": 191270000,
    "ebitdaratio": 0.2258693437,
    "operatingIncome": 168223000,
    "operatingIncomeRatio": 0.19865331,
    "totalOtherIncomeExpensesNet": -9781000,
    "incomeBeforeTax": 156017000,
    "incomeBeforeTaxRatio": 0.1842393339,
    "incomeTaxExpense": 46022000,
    "netIncome": 109995000,
    "netIncomeRatio": 0.1298922908,
    "eps": 0.08,
    "epsdiluted": 0.075,
    "weightedAverageShsOut": 1403901168,
    "weightedAverageShsOutDil": 1435165832,
    "link": "https://www.sec.gov/Archives/edgar/data/820313/000110465908051275/0001104659-08-051275-index.htm",
    "finalLink": "https://www.sec.gov/Archives/edgar/data/820313/000110465908051275/a08-18814_110q.htm"
  },
  {
    "date": "2008-03-31",
    "symbol": "APH",
    "reportedCurrency": "USD",
    "cik": "0000820313",
    "fillingDate": "2008-05-09",
    "acceptedDate": "2008-05-09 08:44:42",
    "calendarYear": "2008",
    "period": "Q1",
    "revenue": 770714000,
    "costOfRevenue": 519808000,
    "grossProfit": 250906000,
    "grossProfitRatio": 0.3255500743,
    "researchAndDevelopmentExpenses": 0,
    "generalAndAdministrativeExpenses": 100610000,
    "sellingAndMarketingExpenses": 0,
    "sellingGeneralAndAdministrativeExpenses": 100610000,
    "otherExpenses": 0,
    "operatingExpenses": 100610000,
    "costAndExpenses": 620418000,
    "interestIncome": 0,
    "interestExpense": 9899000,
    "depreciationAndAmortization": 22771000,
    "ebitda": 172585000,
    "ebitdaratio": 0.2239287206,
    "operatingIncome": 150296000,
    "operatingIncomeRatio": 0.1950087841,
    "totalOtherIncomeExpensesNet": -10381000,
    "incomeBeforeTax": 138252000,
    "incomeBeforeTaxRatio": 0.1793817162,
    "incomeTaxExpense": 40784000,
    "netIncome": 97468000,
    "netIncomeRatio": 0.1264645511,
    "eps": 0.07,
    "epsdiluted": 0.07,
    "weightedAverageShsOut": 1413300928,
    "weightedAverageShsOutDil": 1441583752,
    "link": "https://www.sec.gov/Archives/edgar/data/820313/000110465908031557/0001104659-08-031557-index.htm",
    "finalLink": "https://www.sec.gov/Archives/edgar/data/820313/000110465908031557/a08-11445_110q.htm"
  },
  {
    "date": "2007-12-31",
    "symbol": "APH",
    "reportedCurrency": "USD",
    "cik": "0000820313",
    "fillingDate": "2008-02-26",
    "acceptedDate": "2008-02-26 16:05:44",
    "calendarYear": "2007",
    "period": "Q4",
    "revenue": 777270000,
    "costOfRevenue": 522463000,
    "grossProfit": 254807000,
    "grossProfitRatio": 0.3278230216,
    "researchAndDevelopmentExpenses": 0,
    "generalAndAdministrativeExpenses": 101309000,
    "sellingAndMarketingExpenses": 0,
    "sellingGeneralAndAdministrativeExpenses": 101309000,
    "otherExpenses": 0,
    "operatingExpenses": 101309000,
    "costAndExpenses": 623772000,
    "interestIncome": 0,
    "interestExpense": 0,
    "depreciationAndAmortization": 21415000,
    "ebitda": 174913000,
    "ebitdaratio": 0.2250350586,
    "operatingIncome": 153498000,
    "operatingIncomeRatio": 0.1974834999,
    "totalOtherIncomeExpensesNet": -13016000,
    "incomeBeforeTax": 140482000,
    "incomeBeforeTaxRatio": 0.1807377102,
    "incomeTaxExpense": 40489000,
    "netIncome": 99993000,
    "netIncomeRatio": 0.1286464163,
    "eps": 0.07,
    "epsdiluted": 0.07,
    "weightedAverageShsOut": 1429181264,
    "weightedAverageShsOutDil": 1460904464,
    "link": "https://www.sec.gov/Archives/edgar/data/820313/000110465908012896/0001104659-08-012896-index.htm",
    "finalLink": "https://www.sec.gov/Archives/edgar/data/820313/000110465908012896/a08-2409_110k.htm"
  },
  {
    "date": "2007-09-30",
    "symbol": "APH",
    "reportedCurrency": "USD",
    "cik": "0000820313",
    "fillingDate": "2007-11-02",
    "acceptedDate": "2007-11-02 14:13:37",
    "calendarYear": "2007",
    "period": "Q3",
    "revenue": 733851000,
    "costOfRevenue": 494709000,
    "grossProfit": 239142000,
    "grossProfitRatio": 0.3258726908,
    "researchAndDevelopmentExpenses": 0,
    "generalAndAdministrativeExpenses": 95792000,
    "sellingAndMarketingExpenses": 0,
    "sellingGeneralAndAdministrativeExpenses": 95792000,
    "otherExpenses": 0,
    "operatingExpenses": 95792000,
    "costAndExpenses": 590501000,
    "interestIncome": 0,
    "interestExpense": 0,
    "depreciationAndAmortization": 20890000,
    "ebitda": 143350000,
    "ebitdaratio": 0.1953393809,
    "operatingIncome": 143350000,
    "operatingIncomeRatio": 0.1953393809,
    "totalOtherIncomeExpensesNet": -14049000,
    "incomeBeforeTax": 129301000,
    "incomeBeforeTaxRatio": 0.1761951677,
    "incomeTaxExpense": 37800000,
    "netIncome": 91501000,
    "netIncomeRatio": 0.1246860739,
    "eps": 0.065,
    "epsdiluted": 0.065,
    "weightedAverageShsOut": 1427243400,
    "weightedAverageShsOutDil": 1457681576,
    "link": "https://www.sec.gov/Archives/edgar/data/820313/000110465907079238/0001104659-07-079238-index.htm",
    "finalLink": "https://www.sec.gov/Archives/edgar/data/820313/000110465907079238/a07-25713_110q.htm"
  },
  {
    "date": "2007-06-30",
    "symbol": "APH",
    "reportedCurrency": "USD",
    "cik": "0000820313",
    "fillingDate": "2007-08-03",
    "acceptedDate": "2007-08-03 16:35:42",
    "calendarYear": "2007",
    "period": "Q2",
    "revenue": 688836000,
    "costOfRevenue": 463212000,
    "grossProfit": 225624000,
    "grossProfitRatio": 0.3275438566,
    "researchAndDevelopmentExpenses": 0,
    "generalAndAdministrativeExpenses": 92211000,
    "sellingAndMarketingExpenses": 0,
    "sellingGeneralAndAdministrativeExpenses": 92211000,
    "otherExpenses": 0,
    "operatingExpenses": 92211000,
    "costAndExpenses": 555423000,
    "interestIncome": 0,
    "interestExpense": 0,
    "depreciationAndAmortization": 20979000,
    "ebitda": 133413000,
    "ebitdaratio": 0.1936789018,
    "operatingIncome": 133413000,
    "operatingIncomeRatio": 0.1936789018,
    "totalOtherIncomeExpensesNet": -12618000,
    "incomeBeforeTax": 120795000,
    "incomeBeforeTaxRatio": 0.1753610438,
    "incomeTaxExpense": 36799000,
    "netIncome": 83996000,
    "netIncomeRatio": 0.1219390392,
    "eps": 0.06,
    "epsdiluted": 0.06,
    "weightedAverageShsOut": 1428993216,
    "weightedAverageShsOutDil": 1461490632,
    "link": "https://www.sec.gov/Archives/edgar/data/820313/000110465907058778/0001104659-07-058778-index.htm",
    "finalLink": "https://www.sec.gov/Archives/edgar/data/820313/000110465907058778/a07-19031_110q.htm"
  },
  {
    "date": "2007-03-31",
    "symbol": "APH",
    "reportedCurrency": "USD",
    "cik": "0000820313",
    "fillingDate": "2007-05-04",
    "acceptedDate": "2007-05-04 15:21:07",
    "calendarYear": "2007",
    "period": "Q1",
    "revenue": 651084000,
    "costOfRevenue": 440516000,
    "grossProfit": 210568000,
    "grossProfitRatio": 0.3234114185,
    "researchAndDevelopmentExpenses": 0,
    "generalAndAdministrativeExpenses": 87971000,
    "sellingAndMarketingExpenses": 0,
    "sellingGeneralAndAdministrativeExpenses": 87971000,
    "otherExpenses": 0,
    "operatingExpenses": 87971000,
    "costAndExpenses": 528487000,
    "interestIncome": 0,
    "interestExpense": 0,
    "depreciationAndAmortization": 19064000,
    "ebitda": 122597000,
    "ebitdaratio": 0.1882967482,
    "operatingIncome": 122597000,
    "operatingIncomeRatio": 0.1882967482,
    "totalOtherIncomeExpensesNet": -12191000,
    "incomeBeforeTax": 110406000,
    "incomeBeforeTaxRatio": 0.1695725897,
    "incomeTaxExpense": 32702000,
    "netIncome": 77704000,
    "netIncomeRatio": 0.1193455837,
    "eps": 0.055,
    "epsdiluted": 0.055,
    "weightedAverageShsOut": 1425062112,
    "weightedAverageShsOutDil": 1460347344,
    "link": "https://www.sec.gov/Archives/edgar/data/820313/000110465907035971/0001104659-07-035971-index.htm",
    "finalLink": "https://www.sec.gov/Archives/edgar/data/820313/000110465907035971/a07-11024_110q.htm"
  },
  {
    "date": "2006-12-31",
    "symbol": "APH",
    "reportedCurrency": "USD",
    "cik": "0000820313",
    "fillingDate": "2007-02-21",
    "acceptedDate": "2007-02-21 17:16:18",
    "calendarYear": "2006",
    "period": "Q4",
    "revenue": 659423000,
    "costOfRevenue": 495170000,
    "grossProfit": 164253000,
    "grossProfitRatio": 0.2490859433,
    "researchAndDevelopmentExpenses": 0,
    "generalAndAdministrativeExpenses": 94348000,
    "sellingAndMarketingExpenses": 0,
    "sellingGeneralAndAdministrativeExpenses": 94348000,
    "otherExpenses": -54729000,
    "operatingExpenses": 39619000,
    "costAndExpenses": 534789000,
    "interestIncome": 0,
    "interestExpense": 0,
    "depreciationAndAmortization": 17999000,
    "ebitda": 142633000,
    "ebitdaratio": 0.2162997044,
    "operatingIncome": 124634000,
    "operatingIncomeRatio": 0.1890046298,
    "totalOtherIncomeExpensesNet": -12118000,
    "incomeBeforeTax": 112516000,
    "incomeBeforeTaxRatio": 0.1706279581,
    "incomeTaxExpense": 34139000,
    "netIncome": 78377000,
    "netIncomeRatio": 0.1188569401,
    "eps": 0.055,
    "epsdiluted": 0.055,
    "weightedAverageShsOut": 1431065472,
    "weightedAverageShsOutDil": 1468041920,
    "link": "https://www.sec.gov/Archives/edgar/data/820313/000110465907012769/0001104659-07-012769-index.htm",
    "finalLink": "https://www.sec.gov/Archives/edgar/data/820313/000110465907012769/a07-4878_110k.htm"
  },
  {
    "date": "2006-09-30",
    "symbol": "APH",
    "reportedCurrency": "USD",
    "cik": "0000820313",
    "fillingDate": "2006-11-03",
    "acceptedDate": "2006-11-03 15:31:39",
    "calendarYear": "2006",
    "period": "Q3",
    "revenue": 636418000,
    "costOfRevenue": 418123000,
    "grossProfit": 218295000,
    "grossProfitRatio": 0.3430056975,
    "researchAndDevelopmentExpenses": 0,
    "generalAndAdministrativeExpenses": 85742000,
    "sellingAndMarketingExpenses": 0,
    "sellingGeneralAndAdministrativeExpenses": 85742000,
    "otherExpenses": 23996000,
    "operatingExpenses": 109738000,
    "costAndExpenses": 527861000,
    "interestIncome": 0,
    "interestExpense": 0,
    "depreciationAndAmortization": 18383000,
    "ebitda": 126940000,
    "ebitdaratio": 0.1994601033,
    "operatingIncome": 108557000,
    "operatingIncomeRatio": 0.1705749995,
    "totalOtherIncomeExpensesNet": -12898000,
    "incomeBeforeTax": 95659000,
    "incomeBeforeTaxRatio": 0.1503084451,
    "incomeTaxExpense": 28960000,
    "netIncome": 66699000,
    "netIncomeRatio": 0.1048037611,
    "eps": 0.0463,
    "epsdiluted": 0.045,
    "weightedAverageShsOut": 1430756464,
    "weightedAverageShsOutDil": 1466716544,
    "link": "https://www.sec.gov/Archives/edgar/data/820313/000110465906071177/0001104659-06-071177-index.htm",
    "finalLink": "https://www.sec.gov/Archives/edgar/data/820313/000110465906071177/a06-21908_110q.htm"
  },
  {
    "date": "2006-06-30",
    "symbol": "APH",
    "reportedCurrency": "USD",
    "cik": "0000820313",
    "fillingDate": "2006-08-04",
    "acceptedDate": "2006-08-04 17:00:43",
    "calendarYear": "2006",
    "period": "Q2",
    "revenue": 606598000,
    "costOfRevenue": 396934000,
    "grossProfit": 209664000,
    "grossProfitRatio": 0.3456391218,
    "researchAndDevelopmentExpenses": 0,
    "generalAndAdministrativeExpenses": 82950000,
    "sellingAndMarketingExpenses": 0,
    "sellingGeneralAndAdministrativeExpenses": 82950000,
    "otherExpenses": 33704000,
    "operatingExpenses": 116654000,
    "costAndExpenses": 513588000,
    "interestIncome": 0,
    "interestExpense": 0,
    "depreciationAndAmortization": 18835000,
    "ebitda": 111845000,
    "ebitdaratio": 0.1843807596,
    "operatingIncome": 93010000,
    "operatingIncomeRatio": 0.1533305418,
    "totalOtherIncomeExpensesNet": -13396000,
    "incomeBeforeTax": 79614000,
    "incomeBeforeTaxRatio": 0.1312467235,
    "incomeTaxExpense": 26273000,
    "netIncome": 53341000,
    "netIncomeRatio": 0.0879346783,
    "eps": 0.0375,
    "epsdiluted": 0.0363,
    "weightedAverageShsOut": 1432712496,
    "weightedAverageShsOutDil": 1467852768,
    "link": "https://www.sec.gov/Archives/edgar/data/820313/000110465906051646/0001104659-06-051646-index.htm",
    "finalLink": "https://www.sec.gov/Archives/edgar/data/820313/000110465906051646/a06-15599_110q.htm"
  },
  {
    "date": "2006-03-31",
    "symbol": "APH",
    "reportedCurrency": "USD",
    "cik": "0000820313",
    "fillingDate": "2006-05-08",
    "acceptedDate": "2006-05-08 16:26:37",
    "calendarYear": "2006",
    "period": "Q1",
    "revenue": 568991000,
    "costOfRevenue": 373023000,
    "grossProfit": 195968000,
    "grossProfitRatio": 0.3444131805,
    "researchAndDevelopmentExpenses": 0,
    "generalAndAdministrativeExpenses": 79801000,
    "sellingAndMarketingExpenses": 0,
    "sellingGeneralAndAdministrativeExpenses": 79801000,
    "otherExpenses": 17776000,
    "operatingExpenses": 97577000,
    "costAndExpenses": 470600000,
    "interestIncome": 0,
    "interestExpense": 0,
    "depreciationAndAmortization": 17907000,
    "ebitda": 116298000,
    "ebitdaratio": 0.2043933911,
    "operatingIncome": 98391000,
    "operatingIncomeRatio": 0.1729218916,
    "totalOtherIncomeExpensesNet": -12908000,
    "incomeBeforeTax": 85483000,
    "incomeBeforeTaxRatio": 0.1502361197,
    "incomeTaxExpense": 28209000,
    "netIncome": 57274000,
    "netIncomeRatio": 0.1006588856,
    "eps": 0.04,
    "epsdiluted": 0.0394,
    "weightedAverageShsOut": 1431154560,
    "weightedAverageShsOutDil": 1464482784,
    "link": "https://www.sec.gov/Archives/edgar/data/820313/000110465906032085/0001104659-06-032085-index.htm",
    "finalLink": "https://www.sec.gov/Archives/edgar/data/820313/000110465906032085/a06-9753_110q.htm"
  },
  {
    "date": "2005-12-31",
    "symbol": "APH",
    "reportedCurrency": "USD",
    "cik": "0000820313",
    "fillingDate": "2006-03-16",
    "acceptedDate": "2006-03-15 18:01:51",
    "calendarYear": "2005",
    "period": "Q4",
    "revenue": 508115000,
    "costOfRevenue": 330738000,
    "grossProfit": 177377000,
    "grossProfitRatio": 0.3490882969,
    "researchAndDevelopmentExpenses": 0,
    "generalAndAdministrativeExpenses": 69429000,
    "sellingAndMarketingExpenses": 0,
    "sellingGeneralAndAdministrativeExpenses": 69429000,
    "otherExpenses": 14089000,
    "operatingExpenses": 83518000,
    "costAndExpenses": 414256000,
    "interestIncome": 0,
    "interestExpense": 0,
    "depreciationAndAmortization": 14209000,
    "ebitda": 108068000,
    "ebitdaratio": 0.2126841365,
    "operatingIncome": 93859000,
    "operatingIncomeRatio": 0.1847199945,
    "totalOtherIncomeExpensesNet": -10549000,
    "incomeBeforeTax": 83310000,
    "incomeBeforeTaxRatio": 0.1639589463,
    "incomeTaxExpense": 27492000,
    "netIncome": 55818000,
    "netIncomeRatio": 0.1098530844,
    "eps": 0.0394,
    "epsdiluted": 0.0382,
    "weightedAverageShsOut": 1424691408,
    "weightedAverageShsOutDil": 1456055360,
    "link": "https://www.sec.gov/Archives/edgar/data/820313/000110465906016969/0001104659-06-016969-index.htm",
    "finalLink": "https://www.sec.gov/Archives/edgar/data/820313/000110465906016969/a06-1867_110k.htm"
  },
  {
    "date": "2005-09-30",
    "symbol": "APH",
    "reportedCurrency": "USD",
    "cik": "0000820313",
    "fillingDate": "2005-11-09",
    "acceptedDate": "2005-11-09 15:15:04",
    "calendarYear": "2005",
    "period": "Q3",
    "revenue": 446995000,
    "costOfRevenue": 285420000,
    "grossProfit": 161575000,
    "grossProfitRatio": 0.3614693677,
    "researchAndDevelopmentExpenses": 0,
    "generalAndAdministrativeExpenses": 62422000,
    "sellingAndMarketingExpenses": 0,
    "sellingGeneralAndAdministrativeExpenses": 62422000,
    "otherExpenses": 13064000,
    "operatingExpenses": 75486000,
    "costAndExpenses": 360906000,
    "interestIncome": 0,
    "interestExpense": 0,
    "depreciationAndAmortization": 13191000,
    "ebitda": 99280000,
    "ebitdaratio": 0.2221053927,
    "operatingIncome": 86089000,
    "operatingIncomeRatio": 0.1925949955,
    "totalOtherIncomeExpensesNet": -10570000,
    "incomeBeforeTax": 75519000,
    "incomeBeforeTaxRatio": 0.1689481985,
    "incomeTaxExpense": 23430000,
    "netIncome": 52089000,
    "netIncomeRatio": 0.1165315048,
    "eps": 0.0369,
    "epsdiluted": 0.0356,
    "weightedAverageShsOut": 1420406480,
    "weightedAverageShsOutDil": 1451165040,
    "link": "https://www.sec.gov/Archives/edgar/data/820313/000110465905054023/0001104659-05-054023-index.htm",
    "finalLink": "https://www.sec.gov/Archives/edgar/data/820313/000110465905054023/a05-18548_110q.htm"
  },
  {
    "date": "2005-06-30",
    "symbol": "APH",
    "reportedCurrency": "USD",
    "cik": "0000820313",
    "fillingDate": "2005-08-09",
    "acceptedDate": "2005-08-09 15:51:18",
    "calendarYear": "2005",
    "period": "Q2",
    "revenue": 443642000,
    "costOfRevenue": 282421000,
    "grossProfit": 161221000,
    "grossProfitRatio": 0.3634033748,
    "researchAndDevelopmentExpenses": 0,
    "generalAndAdministrativeExpenses": 62476000,
    "sellingAndMarketingExpenses": 0,
    "sellingGeneralAndAdministrativeExpenses": 62476000,
    "otherExpenses": 12699000,
    "operatingExpenses": 75175000,
    "costAndExpenses": 357596000,
    "interestIncome": 0,
    "interestExpense": 0,
    "depreciationAndAmortization": 13064000,
    "ebitda": 99110000,
    "ebitdaratio": 0.2234008502,
    "operatingIncome": 86046000,
    "operatingIncomeRatio": 0.1939536834,
    "totalOtherIncomeExpensesNet": -7173000,
    "incomeBeforeTax": 78873000,
    "incomeBeforeTaxRatio": 0.1777852413,
    "incomeTaxExpense": 26817000,
    "netIncome": 52056000,
    "netIncomeRatio": 0.1173378535,
    "eps": 0.0369,
    "epsdiluted": 0.0363,
    "weightedAverageShsOut": 1413804832,
    "weightedAverageShsOutDil": 1444356656,
    "link": "https://www.sec.gov/Archives/edgar/data/820313/000110465905037860/0001104659-05-037860-index.htm",
    "finalLink": "https://www.sec.gov/Archives/edgar/data/820313/000110465905037860/a05-14444_110q.htm"
  },
  {
    "date": "2005-03-31",
    "symbol": "APH",
    "reportedCurrency": "USD",
    "cik": "0000820313",
    "fillingDate": "2005-05-10",
    "acceptedDate": "2005-05-10 12:25:19",
    "calendarYear": "2005",
    "period": "Q1",
    "revenue": 409395000,
    "costOfRevenue": 263425000,
    "grossProfit": 145970000,
    "grossProfitRatio": 0.3565505197,
    "researchAndDevelopmentExpenses": 0,
    "generalAndAdministrativeExpenses": 57823000,
    "sellingAndMarketingExpenses": 0,
    "sellingGeneralAndAdministrativeExpenses": 57823000,
    "otherExpenses": 10814000,
    "operatingExpenses": 68637000,
    "costAndExpenses": 332062000,
    "interestIncome": 0,
    "interestExpense": 0,
    "depreciationAndAmortization": 11178000,
    "ebitda": 88511000,
    "ebitdaratio": 0.2161995139,
    "operatingIncome": 77333000,
    "operatingIncomeRatio": 0.1888958097,
    "totalOtherIncomeExpensesNet": -7067000,
    "incomeBeforeTax": 70266000,
    "incomeBeforeTaxRatio": 0.1716337522,
    "incomeTaxExpense": 23890000,
    "netIncome": 46376000,
    "netIncomeRatio": 0.1132793512,
    "eps": 0.0332,
    "epsdiluted": 0.0325,
    "weightedAverageShsOut": 1408267776,
    "weightedAverageShsOutDil": 1438474656,
    "link": "https://www.sec.gov/Archives/edgar/data/820313/000104746905014115/0001047469-05-014115-index.htm",
    "finalLink": "https://www.sec.gov/Archives/edgar/data/820313/000104746905014115/a2157800z10-q.htm"
  },
  {
    "date": "2004-12-31",
    "symbol": "APH",
    "reportedCurrency": "USD",
    "cik": "0000820313",
    "fillingDate": "2005-03-15",
    "acceptedDate": "2005-03-15 16:01:55",
    "calendarYear": "2004",
    "period": "Q4",
    "revenue": 403963000,
    "costOfRevenue": 262287000,
    "grossProfit": 141676000,
    "grossProfitRatio": 0.3507152883,
    "researchAndDevelopmentExpenses": 0,
    "generalAndAdministrativeExpenses": 55745000,
    "sellingAndMarketingExpenses": 0,
    "sellingGeneralAndAdministrativeExpenses": 55745000,
    "otherExpenses": 9927000,
    "operatingExpenses": 65672000,
    "costAndExpenses": 327959000,
    "interestIncome": 0,
    "interestExpense": 0,
    "depreciationAndAmortization": 10289000,
    "ebitda": 86293000,
    "ebitdaratio": 0.2136160985,
    "operatingIncome": 76004000,
    "operatingIncomeRatio": 0.1881459441,
    "totalOtherIncomeExpensesNet": -6852000,
    "incomeBeforeTax": 69152000,
    "incomeBeforeTaxRatio": 0.1711839946,
    "incomeTaxExpense": 23512000,
    "netIncome": 45640000,
    "netIncomeRatio": 0.1129806443,
    "eps": 0.0325,
    "epsdiluted": 0.0319,
    "weightedAverageShsOut": 1407676192,
    "weightedAverageShsOutDil": 1435829840,
    "link": "https://www.sec.gov/Archives/edgar/data/820313/000110465905011114/0001104659-05-011114-index.htm",
    "finalLink": "https://www.sec.gov/Archives/edgar/data/820313/000110465905011114/a05-3932_110k.htm"
  },
  {
    "date": "2004-09-30",
    "symbol": "APH",
    "reportedCurrency": "USD",
    "cik": "0000820313",
    "fillingDate": "2004-11-05",
    "acceptedDate": "2004-11-05 08:50:08",
    "calendarYear": "2004",
    "period": "Q3",
    "revenue": 384103000,
    "costOfRevenue": 250417000,
    "grossProfit": 133686000,
    "grossProfitRatio": 0.3480472686,
    "researchAndDevelopmentExpenses": 0,
    "generalAndAdministrativeExpenses": 53647000,
    "sellingAndMarketingExpenses": 0,
    "sellingGeneralAndAdministrativeExpenses": 53647000,
    "otherExpenses": 9736000,
    "operatingExpenses": 63383000,
    "costAndExpenses": 313800000,
    "interestIncome": 0,
    "interestExpense": 0,
    "depreciationAndAmortization": 10091000,
    "ebitda": 80394000,
    "ebitdaratio": 0.2093032338,
    "operatingIncome": 70303000,
    "operatingIncomeRatio": 0.1830316347,
    "totalOtherIncomeExpensesNet": -7204000,
    "incomeBeforeTax": 63099000,
    "incomeBeforeTaxRatio": 0.1642762488,
    "incomeTaxExpense": 21453000,
    "netIncome": 41646000,
    "netIncomeRatio": 0.1084240425,
    "eps": 0.0294,
    "epsdiluted": 0.0294,
    "weightedAverageShsOut": 1407376000,
    "weightedAverageShsOutDil": 1431476944,
    "link": "https://www.sec.gov/Archives/edgar/data/820313/000104746904033181/0001047469-04-033181-index.htm",
    "finalLink": "https://www.sec.gov/Archives/edgar/data/820313/000104746904033181/a2146112z10-q.htm"
  },
  {
    "date": "2004-06-30",
    "symbol": "APH",
    "reportedCurrency": "USD",
    "cik": "0000820313",
    "fillingDate": "2004-08-09",
    "acceptedDate": "2004-08-09 14:32:34",
    "calendarYear": "2004",
    "period": "Q2",
    "revenue": 387119000,
    "costOfRevenue": 254031000,
    "grossProfit": 133088000,
    "grossProfitRatio": 0.3437909273,
    "researchAndDevelopmentExpenses": 0,
    "generalAndAdministrativeExpenses": 54301000,
    "sellingAndMarketingExpenses": 0,
    "sellingGeneralAndAdministrativeExpenses": 54301000,
    "otherExpenses": 9733000,
    "operatingExpenses": 64034000,
    "costAndExpenses": 318065000,
    "interestIncome": 0,
    "interestExpense": 0,
    "depreciationAndAmortization": 10088000,
    "ebitda": 79142000,
    "ebitdaratio": 0.2044384285,
    "operatingIncome": 69054000,
    "operatingIncomeRatio": 0.1783792581,
    "totalOtherIncomeExpensesNet": -7892000,
    "incomeBeforeTax": 61162000,
    "incomeBeforeTaxRatio": 0.1579927619,
    "incomeTaxExpense": 20795000,
    "netIncome": 40367000,
    "netIncomeRatio": 0.1042754295,
    "eps": 0.0288,
    "epsdiluted": 0.0282,
    "weightedAverageShsOut": 1410793664,
    "weightedAverageShsOutDil": 1437835744,
    "link": "https://www.sec.gov/Archives/edgar/data/820313/000110465904023311/0001104659-04-023311-index.htm",
    "finalLink": "https://www.sec.gov/Archives/edgar/data/820313/000110465904023311/a04-9054_110q.htm"
  },
  {
    "date": "2004-03-31",
    "symbol": "APH",
    "reportedCurrency": "USD",
    "cik": "0000820313",
    "fillingDate": "2004-05-07",
    "acceptedDate": "2004-05-07 14:40:30",
    "calendarYear": "2004",
    "period": "Q1",
    "revenue": 355261000,
    "costOfRevenue": 233230000,
    "grossProfit": 122031000,
    "grossProfitRatio": 0.3434967531,
    "researchAndDevelopmentExpenses": 0,
    "generalAndAdministrativeExpenses": 51315000,
    "sellingAndMarketingExpenses": 0,
    "sellingGeneralAndAdministrativeExpenses": 51315000,
    "otherExpenses": 9433000,
    "operatingExpenses": 60748000,
    "costAndExpenses": 293978000,
    "interestIncome": 0,
    "interestExpense": 0,
    "depreciationAndAmortization": 9789000,
    "ebitda": 71072000,
    "ebitdaratio": 0.2000557337,
    "operatingIncome": 61283000,
    "operatingIncomeRatio": 0.1725013441,
    "totalOtherIncomeExpensesNet": -7255000,
    "incomeBeforeTax": 54028000,
    "incomeBeforeTaxRatio": 0.1520797386,
    "incomeTaxExpense": 18370000,
    "netIncome": 35658000,
    "netIncomeRatio": 0.1003712763,
    "eps": 0.0257,
    "epsdiluted": 0.025,
    "weightedAverageShsOut": 1407644864,
    "weightedAverageShsOutDil": 1438050624,
    "link": "https://www.sec.gov/Archives/edgar/data/820313/000104746904016384/0001047469-04-016384-index.htm",
    "finalLink": "https://www.sec.gov/Archives/edgar/data/820313/000104746904016384/a2136002z10-q.htm"
  },
  {
    "date": "2003-12-31",
    "symbol": "APH",
    "reportedCurrency": "USD",
    "cik": "0000820313",
    "fillingDate": "2004-02-09",
    "acceptedDate": "2004-02-09 17:24:00",
    "calendarYear": "2003",
    "period": "Q4",
    "revenue": 342039000,
    "costOfRevenue": 226194000,
    "grossProfit": 115845000,
    "grossProfitRatio": 0.3386894477,
    "researchAndDevelopmentExpenses": 0,
    "generalAndAdministrativeExpenses": 48727000,
    "sellingAndMarketingExpenses": 0,
    "sellingGeneralAndAdministrativeExpenses": 48727000,
    "otherExpenses": 9500000,
    "operatingExpenses": 58227000,
    "costAndExpenses": 284421000,
    "interestIncome": 0,
    "interestExpense": 0,
    "depreciationAndAmortization": 9877000,
    "ebitda": 67495000,
    "ebitdaratio": 0.1973312985,
    "operatingIncome": 57618000,
    "operatingIncomeRatio": 0.1684544745,
    "totalOtherIncomeExpensesNet": -7639000,
    "incomeBeforeTax": 49979000,
    "incomeBeforeTaxRatio": 0.146120764,
    "incomeTaxExpense": 16993000,
    "netIncome": 32986000,
    "netIncomeRatio": 0.0964392949,
    "eps": 0.0238,
    "epsdiluted": 0.0232,
    "weightedAverageShsOut": 1401838720,
    "weightedAverageShsOutDil": 1433689152,
    "link": "https://www.sec.gov/Archives/edgar/data/820313/000104746904003700/0001047469-04-003700-index.htm",
    "finalLink": "https://www.sec.gov/Archives/edgar/data/820313/000104746904003700/a2128068z10-k.htm"
  },
  {
    "date": "2003-09-30",
    "symbol": "APH",
    "reportedCurrency": "USD",
    "cik": "0000820313",
    "fillingDate": "2003-11-14",
    "acceptedDate": "2003-11-14 14:59:27",
    "calendarYear": "2003",
    "period": "Q3",
    "revenue": 314798000,
    "costOfRevenue": 208677000,
    "grossProfit": 106121000,
    "grossProfitRatio": 0.3371082408,
    "researchAndDevelopmentExpenses": 0,
    "generalAndAdministrativeExpenses": 44616000,
    "sellingAndMarketingExpenses": 0,
    "sellingGeneralAndAdministrativeExpenses": 44616000,
    "otherExpenses": 9133000,
    "operatingExpenses": 53749000,
    "costAndExpenses": 262426000,
    "interestIncome": 0,
    "interestExpense": 0,
    "depreciationAndAmortization": 9511000,
    "ebitda": 61883000,
    "ebitdaratio": 0.1965800291,
    "operatingIncome": 52372000,
    "operatingIncomeRatio": 0.1663670036,
    "totalOtherIncomeExpensesNet": -9626000,
    "incomeBeforeTax": 42746000,
    "incomeBeforeTaxRatio": 0.1357886645,
    "incomeTaxExpense": 14534000,
    "netIncome": 28212000,
    "netIncomeRatio": 0.089619375,
    "eps": 0.0203,
    "epsdiluted": 0.02,
    "weightedAverageShsOut": 1382085632,
    "weightedAverageShsOutDil": 1416607264,
    "link": "https://www.sec.gov/Archives/edgar/data/820313/000104746903037469/0001047469-03-037469-index.htm",
    "finalLink": "https://www.sec.gov/Archives/edgar/data/820313/000104746903037469/a2122558z10-q.htm"
  },
  {
    "date": "2003-06-30",
    "symbol": "APH",
    "reportedCurrency": "USD",
    "cik": "0000820313",
    "fillingDate": "2003-08-05",
    "acceptedDate": "2003-08-05 16:54:59",
    "calendarYear": "2003",
    "period": "Q2",
    "revenue": 304893000,
    "costOfRevenue": 203200000,
    "grossProfit": 101693000,
    "grossProfitRatio": 0.3335366834,
    "researchAndDevelopmentExpenses": 0,
    "generalAndAdministrativeExpenses": 42868000,
    "sellingAndMarketingExpenses": 0,
    "sellingGeneralAndAdministrativeExpenses": 42868000,
    "otherExpenses": 9566000,
    "operatingExpenses": 52434000,
    "costAndExpenses": 255634000,
    "interestIncome": 0,
    "interestExpense": 0,
    "depreciationAndAmortization": 9933000,
    "ebitda": 59192000,
    "ebitdaratio": 0.1941402394,
    "operatingIncome": 49259000,
    "operatingIncomeRatio": 0.161561597,
    "totalOtherIncomeExpensesNet": -19746000,
    "incomeBeforeTax": 29513000,
    "incomeBeforeTaxRatio": 0.096797893,
    "incomeTaxExpense": 10034000,
    "netIncome": 19479000,
    "netIncomeRatio": 0.0638879869,
    "eps": 0.0144,
    "epsdiluted": 0.0141,
    "weightedAverageShsOut": 1363976768,
    "weightedAverageShsOutDil": 1397513760,
    "link": "https://www.sec.gov/Archives/edgar/data/820313/000104746903026318/0001047469-03-026318-index.htm",
    "finalLink": "https://www.sec.gov/Archives/edgar/data/820313/000104746903026318/a2115740z10-q.htm"
  },
  {
    "date": "2003-03-31",
    "symbol": "APH",
    "reportedCurrency": "USD",
    "cik": "0000820313",
    "fillingDate": "2003-04-22",
    "acceptedDate": "2003-04-22 16:28:01",
    "calendarYear": "2003",
    "period": "Q1",
    "revenue": 277774000,
    "costOfRevenue": 182653000,
    "grossProfit": 95121000,
    "grossProfitRatio": 0.3424402572,
    "researchAndDevelopmentExpenses": 0,
    "generalAndAdministrativeExpenses": 41142000,
    "sellingAndMarketingExpenses": 0,
    "sellingGeneralAndAdministrativeExpenses": 41142000,
    "otherExpenses": 8808000,
    "operatingExpenses": 49950000,
    "costAndExpenses": 232603000,
    "interestIncome": 0,
    "interestExpense": 0,
    "depreciationAndAmortization": 9159000,
    "ebitda": 54330000,
    "ebitdaratio": 0.19559066,
    "operatingIncome": 45171000,
    "operatingIncomeRatio": 0.1626178116,
    "totalOtherIncomeExpensesNet": -9848000,
    "incomeBeforeTax": 35323000,
    "incomeBeforeTaxRatio": 0.1271645294,
    "incomeTaxExpense": 12010000,
    "netIncome": 23313000,
    "netIncomeRatio": 0.0839279414,
    "eps": 0.0172,
    "epsdiluted": 0.0169,
    "weightedAverageShsOut": 1362325760,
    "weightedAverageShsOutDil": 1392353344,
    "link": "https://www.sec.gov/Archives/edgar/data/820313/000104746903014150/0001047469-03-014150-index.htm",
    "finalLink": "https://www.sec.gov/Archives/edgar/data/820313/000104746903014150/a2109055z10-q.htm"
  },
  {
    "date": "2002-12-31",
    "symbol": "APH",
    "reportedCurrency": "USD",
    "cik": "0000820313",
    "fillingDate": "2003-03-28",
    "acceptedDate": "2003-03-28 17:17:05",
    "calendarYear": "2002",
    "period": "Q4",
    "revenue": 267046000,
    "costOfRevenue": 175019000,
    "grossProfit": 92027000,
    "grossProfitRatio": 0.3446110408,
    "researchAndDevelopmentExpenses": 0,
    "generalAndAdministrativeExpenses": 38772000,
    "sellingAndMarketingExpenses": 0,
    "sellingGeneralAndAdministrativeExpenses": 38772000,
    "otherExpenses": 8813000,
    "operatingExpenses": 47585000,
    "costAndExpenses": 222604000,
    "interestIncome": 0,
    "interestExpense": 0,
    "depreciationAndAmortization": 9168000,
    "ebitda": 53610000,
    "ebitdaratio": 0.2007519304,
    "operatingIncome": 44442000,
    "operatingIncomeRatio": 0.1664207665,
    "totalOtherIncomeExpensesNet": -10119000,
    "incomeBeforeTax": 34323000,
    "incomeBeforeTaxRatio": 0.1285284183,
    "incomeTaxExpense": 11841000,
    "netIncome": 22482000,
    "netIncomeRatio": 0.0841877429,
    "eps": 0.0166,
    "epsdiluted": 0.0163,
    "weightedAverageShsOut": 1361910752,
    "weightedAverageShsOutDil": 1390897408,
    "link": "https://www.sec.gov/Archives/edgar/data/820313/000110465903005299/0001104659-03-005299-index.htm",
    "finalLink": "https://www.sec.gov/Archives/edgar/data/820313/000110465903005299/j8892_10k.htm"
  },
  {
    "date": "2002-09-30",
    "symbol": "APH",
    "reportedCurrency": "USD",
    "cik": "0000820313",
    "fillingDate": "2002-11-14",
    "acceptedDate": "2002-11-14 12:52:16",
    "calendarYear": "2002",
    "period": "Q3",
    "revenue": 268115000,
    "costOfRevenue": 176063000,
    "grossProfit": 92052000,
    "grossProfitRatio": 0.3433302874,
    "researchAndDevelopmentExpenses": 0,
    "generalAndAdministrativeExpenses": 38780000,
    "sellingAndMarketingExpenses": 0,
    "sellingGeneralAndAdministrativeExpenses": 38780000,
    "otherExpenses": 9072000,
    "operatingExpenses": 47852000,
    "costAndExpenses": 223915000,
    "interestIncome": 0,
    "interestExpense": 0,
    "depreciationAndAmortization": 9426000,
    "ebitda": 53626000,
    "ebitdaratio": 0.2000111892,
    "operatingIncome": 44200000,
    "operatingIncomeRatio": 0.1648546333,
    "totalOtherIncomeExpensesNet": -12649000,
    "incomeBeforeTax": 31551000,
    "incomeBeforeTaxRatio": 0.1176771162,
    "incomeTaxExpense": 10885000,
    "netIncome": 20666000,
    "netIncomeRatio": 0.0770788654,
    "eps": 0.0153,
    "epsdiluted": 0.015,
    "weightedAverageShsOut": 1360819840,
    "weightedAverageShsOutDil": 1389456192,
    "link": "https://www.sec.gov/Archives/edgar/data/820313/000091205702042317/0000912057-02-042317-index.htm",
    "finalLink": "https://www.sec.gov/Archives/edgar/data/820313/000091205702042317/a2093482z10-q.txt"
  },
  {
    "date": "2002-06-30",
    "symbol": "APH",
    "reportedCurrency": "USD",
    "cik": "0000820313",
    "fillingDate": "2002-08-14",
    "acceptedDate": "2002-08-14 12:17:04",
    "calendarYear": "2002",
    "period": "Q2",
    "revenue": 270865000,
    "costOfRevenue": 178485000,
    "grossProfit": 92380000,
    "grossProfitRatio": 0.3410555074,
    "researchAndDevelopmentExpenses": 0,
    "generalAndAdministrativeExpenses": 38806000,
    "sellingAndMarketingExpenses": 0,
    "sellingGeneralAndAdministrativeExpenses": 38806000,
    "otherExpenses": 8542000,
    "operatingExpenses": 47348000,
    "costAndExpenses": 225833000,
    "interestIncome": 0,
    "interestExpense": 0,
    "depreciationAndAmortization": 8895000,
    "ebitda": 53927000,
    "ebitdaratio": 0.1990917985,
    "operatingIncome": 45032000,
    "operatingIncomeRatio": 0.1662525612,
    "totalOtherIncomeExpensesNet": -14493000,
    "incomeBeforeTax": 30539000,
    "incomeBeforeTaxRatio": 0.112746202,
    "incomeTaxExpense": 10536000,
    "netIncome": 20003000,
    "netIncomeRatio": 0.0738485962,
    "eps": 0.0147,
    "epsdiluted": 0.0144,
    "weightedAverageShsOut": 1356616064,
    "weightedAverageShsOutDil": 1390535520,
    "link": "https://www.sec.gov/Archives/edgar/data/820313/000091205702031862/0000912057-02-031862-index.htm",
    "finalLink": "https://www.sec.gov/Archives/edgar/data/820313/000091205702031862/a2086914z10-q.txt"
  },
  {
    "date": "2002-03-31",
    "symbol": "APH",
    "reportedCurrency": "USD",
    "cik": "0000820313",
    "fillingDate": "2002-05-15",
    "acceptedDate": "2002-05-15 12:47:51",
    "calendarYear": "2002",
    "period": "Q1",
    "revenue": 255976000,
    "costOfRevenue": 170735000,
    "grossProfit": 85241000,
    "grossProfitRatio": 0.3330038754,
    "researchAndDevelopmentExpenses": 0,
    "generalAndAdministrativeExpenses": 36570000,
    "sellingAndMarketingExpenses": 0,
    "sellingGeneralAndAdministrativeExpenses": 36570000,
    "otherExpenses": 8398000,
    "operatingExpenses": 44968000,
    "costAndExpenses": 215703000,
    "interestIncome": 0,
    "interestExpense": 0,
    "depreciationAndAmortization": 8749000,
    "ebitda": 49022000,
    "ebitdaratio": 0.1915101416,
    "operatingIncome": 40273000,
    "operatingIncomeRatio": 0.157331156,
    "totalOtherIncomeExpensesNet": -14024000,
    "incomeBeforeTax": 26249000,
    "incomeBeforeTaxRatio": 0.1025447698,
    "incomeTaxExpense": 9056000,
    "netIncome": 17193000,
    "netIncomeRatio": 0.0671664531,
    "eps": 0.0128,
    "epsdiluted": 0.0125,
    "weightedAverageShsOut": 1353643168,
    "weightedAverageShsOutDil": 1390155392,
    "link": "https://www.sec.gov/Archives/edgar/data/820313/000091205702020578/0000912057-02-020578-index.htm",
    "finalLink": "https://www.sec.gov/Archives/edgar/data/820313/000091205702020578/a2079937z10-q.txt"
  },
  {
    "date": "2001-12-31",
    "symbol": "APH",
    "reportedCurrency": "USD",
    "cik": "0000820313",
    "fillingDate": "2002-03-28",
    "acceptedDate": "2002-03-28 00:00:00",
    "calendarYear": "2001",
    "period": "Q4",
    "revenue": 260372000,
    "costOfRevenue": 170947000,
    "grossProfit": 89425000,
    "grossProfitRatio": 0.3434509087,
    "researchAndDevelopmentExpenses": 0,
    "generalAndAdministrativeExpenses": 36610000,
    "sellingAndMarketingExpenses": 0,
    "sellingGeneralAndAdministrativeExpenses": 36610000,
    "otherExpenses": 11501000,
    "operatingExpenses": 48111000,
    "costAndExpenses": 219058000,
    "interestIncome": 0,
    "interestExpense": 0,
    "depreciationAndAmortization": 12061000,
    "ebitda": 53375000,
    "ebitdaratio": 0.2049951608,
    "operatingIncome": 41314000,
    "operatingIncomeRatio": 0.1586729756,
    "totalOtherIncomeExpensesNet": -14907000,
    "incomeBeforeTax": 26407000,
    "incomeBeforeTaxRatio": 0.1014202756,
    "incomeTaxExpense": 10371000,
    "netIncome": 16036000,
    "netIncomeRatio": 0.0615888037,
    "eps": 0.0119,
    "epsdiluted": 0.0116,
    "weightedAverageShsOut": 1353695680,
    "weightedAverageShsOutDil": 1390213696,
    "link": "https://www.sec.gov/Archives/edgar/data/820313/000091205702012175/0000912057-02-012175-index.htm",
    "finalLink": "https://www.sec.gov/Archives/edgar/data/820313/000091205702012175/a2073881z10-k.txt"
  },
  {
    "date": "2001-09-30",
    "symbol": "APH",
    "reportedCurrency": "USD",
    "cik": "0000820313",
    "fillingDate": "2001-11-14",
    "acceptedDate": "2001-11-14 00:00:00",
    "calendarYear": "2001",
    "period": "Q3",
    "revenue": 252581000,
    "costOfRevenue": 161659000,
    "grossProfit": 90922000,
    "grossProfitRatio": 0.3599716527,
    "researchAndDevelopmentExpenses": 0,
    "generalAndAdministrativeExpenses": 36398000,
    "sellingAndMarketingExpenses": 0,
    "sellingGeneralAndAdministrativeExpenses": 36398000,
    "otherExpenses": 11950000,
    "operatingExpenses": 48348000,
    "costAndExpenses": 210007000,
    "interestIncome": 0,
    "interestExpense": 0,
    "depreciationAndAmortization": 12510000,
    "ebitda": 55084000,
    "ebitdaratio": 0.2180844957,
    "operatingIncome": 42574000,
    "operatingIncomeRatio": 0.1685558296,
    "totalOtherIncomeExpensesNet": -15260000,
    "incomeBeforeTax": 27314000,
    "incomeBeforeTaxRatio": 0.1081395671,
    "incomeTaxExpense": 10681000,
    "netIncome": 16633000,
    "netIncomeRatio": 0.0658521425,
    "eps": 0.0125,
    "epsdiluted": 0.0122,
    "weightedAverageShsOut": 1344009856,
    "weightedAverageShsOutDil": 1376997696,
    "link": "https://www.sec.gov/Archives/edgar/data/820313/000091205701539484/0000912057-01-539484-index.htm",
    "finalLink": "https://www.sec.gov/Archives/edgar/data/820313/000091205701539484/a2063540z10-q.txt"
  },
  {
    "date": "2001-06-30",
    "symbol": "APH",
    "reportedCurrency": "USD",
    "cik": "0000820313",
    "fillingDate": "2001-08-14",
    "acceptedDate": "2001-08-14 00:00:00",
    "calendarYear": "2001",
    "period": "Q2",
    "revenue": 274146000,
    "costOfRevenue": 172171000,
    "grossProfit": 101975000,
    "grossProfitRatio": 0.3719733281,
    "researchAndDevelopmentExpenses": 0,
    "generalAndAdministrativeExpenses": 38814000,
    "sellingAndMarketingExpenses": 0,
    "sellingGeneralAndAdministrativeExpenses": 38814000,
    "otherExpenses": 11540000,
    "operatingExpenses": 50354000,
    "costAndExpenses": 222525000,
    "interestIncome": 0,
    "interestExpense": 0,
    "depreciationAndAmortization": 12099000,
    "ebitda": 63720000,
    "ebitdaratio": 0.2324308945,
    "operatingIncome": 51621000,
    "operatingIncomeRatio": 0.1882974765,
    "totalOtherIncomeExpensesNet": -15357000,
    "incomeBeforeTax": 36264000,
    "incomeBeforeTaxRatio": 0.1322798801,
    "incomeTaxExpense": 13728000,
    "netIncome": 22536000,
    "netIncomeRatio": 0.0822043729,
    "eps": 0.0169,
    "epsdiluted": 0.0166,
    "weightedAverageShsOut": 1334042048,
    "weightedAverageShsOutDil": 1369246048,
    "link": "https://www.sec.gov/Archives/edgar/data/820313/000091205701528581/0000912057-01-528581-index.htm",
    "finalLink": "https://www.sec.gov/Archives/edgar/data/820313/000091205701528581/a2057150z10-q.txt"
  },
  {
    "date": "2001-03-31",
    "symbol": "APH",
    "reportedCurrency": "USD",
    "cik": "0000820313",
    "fillingDate": "2001-05-14",
    "acceptedDate": "2001-05-14 00:00:00",
    "calendarYear": "2001",
    "period": "Q1",
    "revenue": 316672000,
    "costOfRevenue": 199501000,
    "grossProfit": 117171000,
    "grossProfitRatio": 0.3700074525,
    "researchAndDevelopmentExpenses": 0,
    "generalAndAdministrativeExpenses": 43988000,
    "sellingAndMarketingExpenses": 0,
    "sellingGeneralAndAdministrativeExpenses": 43988000,
    "otherExpenses": 11665000,
    "operatingExpenses": 55653000,
    "costAndExpenses": 255154000,
    "interestIncome": 0,
    "interestExpense": 0,
    "depreciationAndAmortization": 12221000,
    "ebitda": 73739000,
    "ebitdaratio": 0.2328560782,
    "operatingIncome": 61518000,
    "operatingIncomeRatio": 0.1942640966,
    "totalOtherIncomeExpensesNet": -16148000,
    "incomeBeforeTax": 45370000,
    "incomeBeforeTaxRatio": 0.1432712712,
    "incomeTaxExpense": 16865000,
    "netIncome": 28505000,
    "netIncomeRatio": 0.0900142734,
    "eps": 0.0213,
    "epsdiluted": 0.021,
    "weightedAverageShsOut": 1333981056,
    "weightedAverageShsOutDil": 1367064928,
    "link": "https://www.sec.gov/Archives/edgar/data/820313/000091205701515394/0000912057-01-515394-index.htm",
    "finalLink": "https://www.sec.gov/Archives/edgar/data/820313/000091205701515394/a2049267z10-q.txt"
  },
  {
    "date": "2000-12-31",
    "symbol": "APH",
    "reportedCurrency": "USD",
    "cik": "0000820313",
    "fillingDate": "2001-03-30",
    "acceptedDate": "2001-03-30 00:00:00",
    "calendarYear": "2000",
    "period": "Q4",
    "revenue": 369449000,
    "costOfRevenue": 237765000,
    "grossProfit": 131684000,
    "grossProfitRatio": 0.3564334996,
    "researchAndDevelopmentExpenses": 0,
    "generalAndAdministrativeExpenses": 49931000,
    "sellingAndMarketingExpenses": 0,
    "sellingGeneralAndAdministrativeExpenses": 49931000,
    "otherExpenses": 11843000,
    "operatingExpenses": 61774000,
    "costAndExpenses": 299539000,
    "interestIncome": 0,
    "interestExpense": 0,
    "depreciationAndAmortization": 11843000,
    "ebitda": 81753000,
    "ebitdaratio": 0.2212835872,
    "operatingIncome": 69910000,
    "operatingIncomeRatio": 0.1892277419,
    "totalOtherIncomeExpensesNet": -17901000,
    "incomeBeforeTax": 52009000,
    "incomeBeforeTaxRatio": 0.1407745047,
    "incomeTaxExpense": 19413000,
    "netIncome": 32596000,
    "netIncomeRatio": 0.0882286865,
    "eps": 0.0244,
    "epsdiluted": 0.0238,
    "weightedAverageShsOut": 1333821824,
    "weightedAverageShsOutDil": 1375942272,
    "link": "https://www.sec.gov/Archives/edgar/data/820313/000091205701505632/0000912057-01-505632-index.htm",
    "finalLink": "https://www.sec.gov/Archives/edgar/data/820313/000091205701505632/a2042863z10-k.txt"
  },
  {
    "date": "2000-09-30",
    "symbol": "APH",
    "reportedCurrency": "USD",
    "cik": "0000820313",
    "fillingDate": "2000-11-14",
    "acceptedDate": "2000-11-14 00:00:00",
    "calendarYear": "2000",
    "period": "Q3",
    "revenue": 354694000,
    "costOfRevenue": 230715000,
    "grossProfit": 123979000,
    "grossProfitRatio": 0.3495379116,
    "researchAndDevelopmentExpenses": 0,
    "generalAndAdministrativeExpenses": 48353000,
    "sellingAndMarketingExpenses": 0,
    "sellingGeneralAndAdministrativeExpenses": 48353000,
    "otherExpenses": 11236000,
    "operatingExpenses": 59589000,
    "costAndExpenses": 290304000,
    "interestIncome": 0,
    "interestExpense": 0,
    "depreciationAndAmortization": 11119000,
    "ebitda": 75626000,
    "ebitdaratio": 0.213214771,
    "operatingIncome": 64390000,
    "operatingIncomeRatio": 0.1815367613,
    "totalOtherIncomeExpensesNet": -18234000,
    "incomeBeforeTax": 46156000,
    "incomeBeforeTaxRatio": 0.130129069,
    "incomeTaxExpense": 17322000,
    "netIncome": 28834000,
    "netIncomeRatio": 0.0812926071,
    "eps": 0.0216,
    "epsdiluted": 0.021,
    "weightedAverageShsOut": 1332905120,
    "weightedAverageShsOutDil": 1378804096,
    "link": "https://www.sec.gov/Archives/edgar/data/820313/000091205700049494/0000912057-00-049494-index.htm",
    "finalLink": "https://www.sec.gov/Archives/edgar/data/820313/000091205700049494/a2030597z10-q.txt"
  },
  {
    "date": "2000-06-30",
    "symbol": "APH",
    "reportedCurrency": "USD",
    "cik": "0000820313",
    "fillingDate": "2000-08-11",
    "acceptedDate": "2000-08-11 00:00:00",
    "calendarYear": "2000",
    "period": "Q2",
    "revenue": 335510000,
    "costOfRevenue": 218933000,
    "grossProfit": 116577000,
    "grossProfitRatio": 0.3474620727,
    "researchAndDevelopmentExpenses": 0,
    "generalAndAdministrativeExpenses": 45895000,
    "sellingAndMarketingExpenses": 0,
    "sellingGeneralAndAdministrativeExpenses": 45895000,
    "otherExpenses": 11245000,
    "operatingExpenses": 57140000,
    "costAndExpenses": 276073000,
    "interestIncome": 0,
    "interestExpense": 0,
    "depreciationAndAmortization": 11245000,
    "ebitda": 70682000,
    "ebitdaratio": 0.2106703228,
    "operatingIncome": 59437000,
    "operatingIncomeRatio": 0.1771541832,
    "totalOtherIncomeExpensesNet": -17323000,
    "incomeBeforeTax": 42114000,
    "incomeBeforeTaxRatio": 0.1255223391,
    "incomeTaxExpense": 15904000,
    "netIncome": 26210000,
    "netIncomeRatio": 0.0781198772,
    "eps": 0.0197,
    "epsdiluted": 0.0191,
    "weightedAverageShsOut": 1329093888,
    "weightedAverageShsOutDil": 1371123968,
    "link": "https://www.sec.gov/Archives/edgar/data/820313/000091205700036735/0000912057-00-036735-index.htm",
    "finalLink": "https://www.sec.gov/Archives/edgar/data/820313/000091205700036735/form_10-q.txt"
  },
  {
    "date": "2000-03-31",
    "symbol": "APH",
    "reportedCurrency": "USD",
    "cik": "0000820313",
    "fillingDate": "2000-05-01",
    "acceptedDate": "2000-05-01 00:00:00",
    "calendarYear": "2000",
    "period": "Q1",
    "revenue": 300049000,
    "costOfRevenue": 196618000,
    "grossProfit": 103431000,
    "grossProfitRatio": 0.3447136968,
    "researchAndDevelopmentExpenses": 0,
    "generalAndAdministrativeExpenses": 41873000,
    "sellingAndMarketingExpenses": 0,
    "sellingGeneralAndAdministrativeExpenses": 41873000,
    "otherExpenses": 10872000,
    "operatingExpenses": 52745000,
    "costAndExpenses": 249363000,
    "interestIncome": 0,
    "interestExpense": 0,
    "depreciationAndAmortization": 10872000,
    "ebitda": 61558000,
    "ebitdaratio": 0.2051598239,
    "operatingIncome": 50686000,
    "operatingIncomeRatio": 0.1689257421,
    "totalOtherIncomeExpensesNet": -17747000,
    "incomeBeforeTax": 32939000,
    "incomeBeforeTaxRatio": 0.1097787361,
    "incomeTaxExpense": 12675000,
    "netIncome": 20264000,
    "netIncomeRatio": 0.0675356358,
    "eps": 0.0153,
    "epsdiluted": 0.015,
    "weightedAverageShsOut": 1326904192,
    "weightedAverageShsOutDil": 1362571008,
    "link": "https://www.sec.gov/Archives/edgar/data/820313/000091205700020535/0000912057-00-020535-index.html",
    "finalLink": "https://www.sec.gov/Archives/edgar/data/820313/000091205700020535/"
  },
  {
    "date": "1999-12-31",
    "symbol": "APH",
    "reportedCurrency": "USD",
    "cik": "0000820313",
    "fillingDate": "2000-03-29",
    "acceptedDate": "2000-03-29 00:00:00",
    "calendarYear": "1999",
    "period": "Q4",
    "revenue": 269100000,
    "costOfRevenue": 175600000,
    "grossProfit": 93500000,
    "grossProfitRatio": 0.3474544779,
    "researchAndDevelopmentExpenses": 0,
    "generalAndAdministrativeExpenses": 38500000,
    "sellingAndMarketingExpenses": 0,
    "sellingGeneralAndAdministrativeExpenses": 38500000,
    "otherExpenses": 10400000,
    "operatingExpenses": 48900000,
    "costAndExpenses": 224500000,
    "interestIncome": 0,
    "interestExpense": 0,
    "depreciationAndAmortization": 10400000,
    "ebitda": 55000000,
    "ebitdaratio": 0.204384987,
    "operatingIncome": 44600000,
    "operatingIncomeRatio": 0.165737644,
    "totalOtherIncomeExpensesNet": -20900000,
    "incomeBeforeTax": 23700000,
    "incomeBeforeTaxRatio": 0.0880713489,
    "incomeTaxExpense": 9700000,
    "netIncome": 5300000,
    "netIncomeRatio": 0.0196952806,
    "eps": 0.0044,
    "epsdiluted": 0.0041,
    "weightedAverageShsOut": 1185829248,
    "weightedAverageShsOutDil": 1216353664,
    "link": "https://www.sec.gov/Archives/edgar/data/820313/000100547700002600/0001005477-00-002600-index.html",
    "finalLink": "https://www.sec.gov/Archives/edgar/data/820313/000100547700002600/"
  },
  {
    "date": "1999-09-30",
    "symbol": "APH",
    "reportedCurrency": "USD",
    "cik": "0000820313",
    "fillingDate": "1999-11-15",
    "acceptedDate": "1999-11-15 00:00:00",
    "calendarYear": "1999",
    "period": "Q3",
    "revenue": 256900000,
    "costOfRevenue": 167500000,
    "grossProfit": 89400000,
    "grossProfitRatio": 0.3479953289,
    "researchAndDevelopmentExpenses": 0,
    "generalAndAdministrativeExpenses": 37400000,
    "sellingAndMarketingExpenses": 0,
    "sellingGeneralAndAdministrativeExpenses": 37400000,
    "otherExpenses": 10900000,
    "operatingExpenses": 48300000,
    "costAndExpenses": 215800000,
    "interestIncome": 0,
    "interestExpense": 0,
    "depreciationAndAmortization": 10900000,
    "ebitda": 52000000,
    "ebitdaratio": 0.2024133904,
    "operatingIncome": 41100000,
    "operatingIncomeRatio": 0.1599844297,
    "totalOtherIncomeExpensesNet": -21200000,
    "incomeBeforeTax": 19900000,
    "incomeBeforeTaxRatio": 0.0774620475,
    "incomeTaxExpense": 8300000,
    "netIncome": 11600000,
    "netIncomeRatio": 0.0451537563,
    "eps": 0.0103,
    "epsdiluted": 0.01,
    "weightedAverageShsOut": 1143337344,
    "weightedAverageShsOutDil": 1164546304,
    "link": "https://www.sec.gov/Archives/edgar/data/820313/000091205799006033/0000912057-99-006033-index.html",
    "finalLink": "https://www.sec.gov/Archives/edgar/data/820313/000091205799006033/"
  },
  {
    "date": "1999-06-30",
    "symbol": "APH",
    "reportedCurrency": "USD",
    "cik": "0000820313",
    "fillingDate": "1999-08-13",
    "acceptedDate": "1999-08-13 00:00:00",
    "calendarYear": "1999",
    "period": "Q2",
    "revenue": 247400000,
    "costOfRevenue": 161500000,
    "grossProfit": 85900000,
    "grossProfitRatio": 0.3472109943,
    "researchAndDevelopmentExpenses": 0,
    "generalAndAdministrativeExpenses": 35800000,
    "sellingAndMarketingExpenses": 0,
    "sellingGeneralAndAdministrativeExpenses": 35800000,
    "otherExpenses": 10800000,
    "operatingExpenses": 46600000,
    "costAndExpenses": 208100000,
    "interestIncome": 0,
    "interestExpense": 0,
    "depreciationAndAmortization": 10800000,
    "ebitda": 50100000,
    "ebitdaratio": 0.2025060631,
    "operatingIncome": 39300000,
    "operatingIncomeRatio": 0.1588520614,
    "totalOtherIncomeExpensesNet": -21200000,
    "incomeBeforeTax": 18100000,
    "incomeBeforeTaxRatio": 0.0731608731,
    "incomeTaxExpense": 7600000,
    "netIncome": 10500000,
    "netIncomeRatio": 0.0424413905,
    "eps": 0.0094,
    "epsdiluted": 0.0091,
    "weightedAverageShsOut": 1143265024,
    "weightedAverageShsOutDil": 1157973504,
    "link": "https://www.sec.gov/Archives/edgar/data/820313/000104746999031984/0001047469-99-031984-index.html",
    "finalLink": "https://www.sec.gov/Archives/edgar/data/820313/000104746999031984/"
  },
  {
    "date": "1999-03-31",
    "symbol": "APH",
    "reportedCurrency": "USD",
    "cik": "0000820313",
    "fillingDate": "1999-05-14",
    "acceptedDate": "1999-05-14 00:00:00",
    "calendarYear": "1999",
    "period": "Q1",
    "revenue": 237200000,
    "costOfRevenue": 156600000,
    "grossProfit": 80600000,
    "grossProfitRatio": 0.3397976391,
    "researchAndDevelopmentExpenses": 0,
    "generalAndAdministrativeExpenses": 34300000,
    "sellingAndMarketingExpenses": 0,
    "sellingGeneralAndAdministrativeExpenses": 34300000,
    "otherExpenses": 10700000,
    "operatingExpenses": 45000000,
    "costAndExpenses": 201600000,
    "interestIncome": 0,
    "interestExpense": 0,
    "depreciationAndAmortization": 10700000,
    "ebitda": 46264000,
    "ebitdaratio": 0.1950421585,
    "operatingIncome": 35600000,
    "operatingIncomeRatio": 0.150084317,
    "totalOtherIncomeExpensesNet": -20964000,
    "incomeBeforeTax": 14600000,
    "incomeBeforeTaxRatio": 0.0615514334,
    "incomeTaxExpense": 6400000,
    "netIncome": 8200000,
    "netIncomeRatio": 0.0345699831,
    "eps": 0.0072,
    "epsdiluted": 0.0072,
    "weightedAverageShsOut": 1140869566,
    "weightedAverageShsOutDil": 1140869566,
    "link": "https://www.sec.gov/Archives/edgar/data/820313/000104746999020646/0001047469-99-020646-index.html",
    "finalLink": "https://www.sec.gov/Archives/edgar/data/820313/"
  },
  {
    "date": "1998-12-31",
    "symbol": "APH",
    "reportedCurrency": "USD",
    "cik": "0000820313",
    "fillingDate": "1999-03-30",
    "acceptedDate": "1999-03-30 00:00:00",
    "calendarYear": "1998",
    "period": "Q4",
    "revenue": 233400000,
    "costOfRevenue": 153800000,
    "grossProfit": 79600000,
    "grossProfitRatio": 0.3410454156,
    "researchAndDevelopmentExpenses": 0,
    "generalAndAdministrativeExpenses": 33800000,
    "sellingAndMarketingExpenses": 0,
    "sellingGeneralAndAdministrativeExpenses": 33800000,
    "otherExpenses": 10100000,
    "operatingExpenses": 43900000,
    "costAndExpenses": 197700000,
    "interestIncome": 0,
    "interestExpense": 0,
    "depreciationAndAmortization": 10100000,
    "ebitda": 45800000,
    "ebitdaratio": 0.1962296487,
    "operatingIncome": 35700000,
    "operatingIncomeRatio": 0.1529562982,
    "totalOtherIncomeExpensesNet": -21900000,
    "incomeBeforeTax": 13800000,
    "incomeBeforeTaxRatio": 0.059125964,
    "incomeTaxExpense": 5500000,
    "netIncome": 8300000,
    "netIncomeRatio": 0.0355612682,
    "eps": 0.0074,
    "epsdiluted": 0.0071,
    "weightedAverageShsOut": 1137782272,
    "weightedAverageShsOutDil": 1166418188,
    "link": "https://www.sec.gov/Archives/edgar/data/820313/000100547799001481/0001005477-99-001481-index.html",
    "finalLink": "https://www.sec.gov/Archives/edgar/data/820313/"
  },
  {
    "date": "1998-09-30",
    "symbol": "APH",
    "reportedCurrency": "USD",
    "cik": "0000820313",
    "fillingDate": "1998-11-16",
    "acceptedDate": "1998-11-16 00:00:00",
    "calendarYear": "1998",
    "period": "Q3",
    "revenue": 229000000,
    "costOfRevenue": 149900000,
    "grossProfit": 79100000,
    "grossProfitRatio": 0.3454148472,
    "researchAndDevelopmentExpenses": 0,
    "generalAndAdministrativeExpenses": 33200000,
    "sellingAndMarketingExpenses": 0,
    "sellingGeneralAndAdministrativeExpenses": 33200000,
    "otherExpenses": 9600000,
    "operatingExpenses": 42800000,
    "costAndExpenses": 192700000,
    "interestIncome": 0,
    "interestExpense": 0,
    "depreciationAndAmortization": 9600000,
    "ebitda": 45900000,
    "ebitdaratio": 0.2004366812,
    "operatingIncome": 36300000,
    "operatingIncomeRatio": 0.1585152838,
    "totalOtherIncomeExpensesNet": -21500000,
    "incomeBeforeTax": 14800000,
    "incomeBeforeTaxRatio": 0.064628821,
    "incomeTaxExpense": 6600000,
    "netIncome": 8200000,
    "netIncomeRatio": 0.0358078603,
    "eps": 0.0072,
    "epsdiluted": 0.0072,
    "weightedAverageShsOut": 1140869566,
    "weightedAverageShsOutDil": 1140869566,
    "link": "https://www.sec.gov/Archives/edgar/data/820313/000104746998041226/0001047469-98-041226-index.html",
    "finalLink": "https://www.sec.gov/Archives/edgar/data/820313/"
  },
  {
    "date": "1998-06-30",
    "symbol": "APH",
    "reportedCurrency": "USD",
    "cik": "0000820313",
    "fillingDate": "1998-08-14",
    "acceptedDate": "1998-08-14 00:00:00",
    "calendarYear": "1998",
    "period": "Q2",
    "revenue": 227900000,
    "costOfRevenue": 147000000,
    "grossProfit": 80900000,
    "grossProfitRatio": 0.3549802545,
    "researchAndDevelopmentExpenses": 0,
    "generalAndAdministrativeExpenses": 32300000,
    "sellingAndMarketingExpenses": 0,
    "sellingGeneralAndAdministrativeExpenses": 32300000,
    "otherExpenses": 9400000,
    "operatingExpenses": 41700000,
    "costAndExpenses": 188700000,
    "interestIncome": 0,
    "interestExpense": 0,
    "depreciationAndAmortization": 9400000,
    "ebitda": 48600000,
    "ebitdaratio": 0.2132514261,
    "operatingIncome": 39200000,
    "operatingIncomeRatio": 0.1720052655,
    "totalOtherIncomeExpensesNet": -20900000,
    "incomeBeforeTax": 18300000,
    "incomeBeforeTaxRatio": 0.0802983765,
    "incomeTaxExpense": 7900000,
    "netIncome": 10400000,
    "netIncomeRatio": 0.04563405,
    "eps": 0.0094,
    "epsdiluted": 0.0091,
    "weightedAverageShsOut": 1109333334,
    "weightedAverageShsOutDil": 1147586206,
    "link": "https://www.sec.gov/Archives/edgar/data/820313/000104746998031358/0001047469-98-031358-index.html",
    "finalLink": "https://www.sec.gov/Archives/edgar/data/820313/"
  },
  {
    "date": "1998-03-31",
    "symbol": "APH",
    "reportedCurrency": "USD",
    "cik": "0000820313",
    "fillingDate": "1998-05-15",
    "acceptedDate": "1998-05-15 00:00:00",
    "calendarYear": "1998",
    "period": "Q1",
    "revenue": 228500000,
    "costOfRevenue": 148400000,
    "grossProfit": 80100000,
    "grossProfitRatio": 0.350547046,
    "researchAndDevelopmentExpenses": 0,
    "generalAndAdministrativeExpenses": 32700000,
    "sellingAndMarketingExpenses": 0,
    "sellingGeneralAndAdministrativeExpenses": 32700000,
    "otherExpenses": 8900000,
    "operatingExpenses": 41600000,
    "costAndExpenses": 190000000,
    "interestIncome": 0,
    "interestExpense": 0,
    "depreciationAndAmortization": 8900000,
    "ebitda": 47400000,
    "ebitdaratio": 0.2074398249,
    "operatingIncome": 38500000,
    "operatingIncomeRatio": 0.1684901532,
    "totalOtherIncomeExpensesNet": -21300000,
    "incomeBeforeTax": 17200000,
    "incomeBeforeTaxRatio": 0.075273523,
    "incomeTaxExpense": 7500000,
    "netIncome": 9700000,
    "netIncomeRatio": 0.0424507659,
    "eps": 0.0088,
    "epsdiluted": 0.0084,
    "weightedAverageShsOut": 1108571428,
    "weightedAverageShsOutDil": 1149629630,
    "link": "https://www.sec.gov/Archives/edgar/data/820313/000100547798001667/0001005477-98-001667-index.html",
    "finalLink": "https://www.sec.gov/Archives/edgar/data/820313/"
  },
  {
    "date": "1997-12-31",
    "symbol": "APH",
    "reportedCurrency": "USD",
    "cik": "0000820313",
    "fillingDate": "1998-03-30",
    "acceptedDate": "1998-03-30 00:00:00",
    "calendarYear": "1997",
    "period": "Q4",
    "revenue": 222000000,
    "costOfRevenue": 142800000,
    "grossProfit": 79200000,
    "grossProfitRatio": 0.3567567568,
    "researchAndDevelopmentExpenses": 0,
    "generalAndAdministrativeExpenses": 31400000,
    "sellingAndMarketingExpenses": 0,
    "sellingGeneralAndAdministrativeExpenses": 31400000,
    "otherExpenses": 8300000,
    "operatingExpenses": 39700000,
    "costAndExpenses": 182500000,
    "interestIncome": 0,
    "interestExpense": 0,
    "depreciationAndAmortization": 8300000,
    "ebitda": 47800000,
    "ebitdaratio": 0.2153153153,
    "operatingIncome": 39500000,
    "operatingIncomeRatio": 0.1779279279,
    "totalOtherIncomeExpensesNet": -22800000,
    "incomeBeforeTax": 16700000,
    "incomeBeforeTaxRatio": 0.0752252252,
    "incomeTaxExpense": 7300000,
    "netIncome": -2300000,
    "netIncomeRatio": -0.0103603604,
    "eps": -0.002,
    "epsdiluted": -0.002,
    "weightedAverageShsOut": 1122112000,
    "weightedAverageShsOutDil": 1122112000,
    "link": "https://www.sec.gov/Archives/edgar/data/820313/000100547798000987/0001005477-98-000987-index.html",
    "finalLink": "https://www.sec.gov/Archives/edgar/data/820313/"
  },
  {
    "date": "1997-09-30",
    "symbol": "APH",
    "reportedCurrency": "USD",
    "cik": "0000820313",
    "fillingDate": "1997-11-14",
    "acceptedDate": "1997-11-14 00:00:00",
    "calendarYear": "1997",
    "period": "Q3",
    "revenue": 223500000,
    "costOfRevenue": 143100000,
    "grossProfit": 80400000,
    "grossProfitRatio": 0.3597315436,
    "researchAndDevelopmentExpenses": 0,
    "generalAndAdministrativeExpenses": 31700000,
    "sellingAndMarketingExpenses": 0,
    "sellingGeneralAndAdministrativeExpenses": 31700000,
    "otherExpenses": 9600000,
    "operatingExpenses": 41300000,
    "costAndExpenses": 184400000,
    "interestIncome": 0,
    "interestExpense": 0,
    "depreciationAndAmortization": 9600000,
    "ebitda": 48700000,
    "ebitdaratio": 0.2178970917,
    "operatingIncome": 39100000,
    "operatingIncomeRatio": 0.1749440716,
    "totalOtherIncomeExpensesNet": -24000000,
    "incomeBeforeTax": 15100000,
    "incomeBeforeTaxRatio": 0.0675615213,
    "incomeTaxExpense": 6500000,
    "netIncome": 8600000,
    "netIncomeRatio": 0.0384787472,
    "eps": 0.0078,
    "epsdiluted": 0.0075,
    "weightedAverageShsOut": 1100800000,
    "weightedAverageShsOutDil": 1146666666,
    "link": "https://www.sec.gov/Archives/edgar/data/820313/000104746997004565/0001047469-97-004565-index.html",
    "finalLink": "https://www.sec.gov/Archives/edgar/data/820313/"
  },
  {
    "date": "1997-06-30",
    "symbol": "APH",
    "reportedCurrency": "USD",
    "cik": "0000820313",
    "fillingDate": "1997-08-14",
    "acceptedDate": "1997-08-14 00:00:00",
    "calendarYear": "1997",
    "period": "Q2",
    "revenue": 227000000,
    "costOfRevenue": 145700000,
    "grossProfit": 81300000,
    "grossProfitRatio": 0.3581497797,
    "researchAndDevelopmentExpenses": 0,
    "generalAndAdministrativeExpenses": 32000000,
    "sellingAndMarketingExpenses": 0,
    "sellingGeneralAndAdministrativeExpenses": 32000000,
    "otherExpenses": 8700000,
    "operatingExpenses": 40700000,
    "costAndExpenses": 186400000,
    "interestIncome": 0,
    "interestExpense": 0,
    "depreciationAndAmortization": 8700000,
    "ebitda": 49300000,
    "ebitdaratio": 0.2171806167,
    "operatingIncome": 40600000,
    "operatingIncomeRatio": 0.1788546256,
    "totalOtherIncomeExpensesNet": -13700000,
    "incomeBeforeTax": 26900000,
    "incomeBeforeTaxRatio": 0.1185022026,
    "incomeTaxExpense": 11100000,
    "netIncome": 3000000,
    "netIncomeRatio": 0.013215859,
    "eps": 0.0013,
    "epsdiluted": 0.0013,
    "weightedAverageShsOut": 2800000000,
    "weightedAverageShsOutDil": 2800000000,
    "link": "https://www.sec.gov/Archives/edgar/data/820313/000091205797027935/0000912057-97-027935-index.html",
    "finalLink": "https://www.sec.gov/Archives/edgar/data/820313/"
  },
  {
    "date": "1997-03-31",
    "symbol": "APH",
    "reportedCurrency": "USD",
    "cik": "0000820313",
    "fillingDate": "1997-05-05",
    "acceptedDate": "1997-05-05 00:00:00",
    "calendarYear": "1997",
    "period": "Q1",
    "revenue": 211800000,
    "costOfRevenue": 137500000,
    "grossProfit": 74300000,
    "grossProfitRatio": 0.350802644,
    "researchAndDevelopmentExpenses": 0,
    "generalAndAdministrativeExpenses": 30500000,
    "sellingAndMarketingExpenses": 0,
    "sellingGeneralAndAdministrativeExpenses": 30500000,
    "otherExpenses": 7700000,
    "operatingExpenses": 38200000,
    "costAndExpenses": 175700000,
    "interestIncome": 0,
    "interestExpense": 0,
    "depreciationAndAmortization": 7700000,
    "ebitda": 43800000,
    "ebitdaratio": 0.2067988669,
    "operatingIncome": 36100000,
    "operatingIncomeRatio": 0.1704438149,
    "totalOtherIncomeExpensesNet": -7600000,
    "incomeBeforeTax": 28500000,
    "incomeBeforeTaxRatio": 0.1345609065,
    "incomeTaxExpense": 11000000,
    "netIncome": 17500000,
    "netIncomeRatio": 0.082625118,
    "eps": 0.0063,
    "epsdiluted": 0.0063,
    "weightedAverageShsOut": 2800000000,
    "weightedAverageShsOutDil": 2800000000,
    "link": "https://www.sec.gov/Archives/edgar/data/820313/000082031397000001/0000820313-97-000001-index.html",
    "finalLink": "https://www.sec.gov/Archives/edgar/data/820313/"
  },
  {
    "date": "1996-12-31",
    "symbol": "APH",
    "reportedCurrency": "USD",
    "cik": "0000820313",
    "fillingDate": "1997-02-19",
    "acceptedDate": "1997-02-19 00:00:00",
    "calendarYear": "1996",
    "period": "Q4",
    "revenue": 197600000,
    "costOfRevenue": 126600000,
    "grossProfit": 71000000,
    "grossProfitRatio": 0.3593117409,
    "researchAndDevelopmentExpenses": 0,
    "generalAndAdministrativeExpenses": 29300000,
    "sellingAndMarketingExpenses": 0,
    "sellingGeneralAndAdministrativeExpenses": 29300000,
    "otherExpenses": 7500000,
    "operatingExpenses": 36800000,
    "costAndExpenses": 163400000,
    "interestIncome": 0,
    "interestExpense": 0,
    "depreciationAndAmortization": 7500000,
    "ebitda": 41700000,
    "ebitdaratio": 0.2110323887,
    "operatingIncome": 34200000,
    "operatingIncomeRatio": 0.1730769231,
    "totalOtherIncomeExpensesNet": -7500000,
    "incomeBeforeTax": 26700000,
    "incomeBeforeTaxRatio": 0.1351214575,
    "incomeTaxExpense": 10100000,
    "netIncome": 16600000,
    "netIncomeRatio": 0.0840080972,
    "eps": 0.0055,
    "epsdiluted": 0.0055,
    "weightedAverageShsOut": 3040464314,
    "weightedAverageShsOutDil": 3795348838,
    "link": "https://www.sec.gov/Archives/edgar/data/820313/000091205797006052/0000912057-97-006052-index.html",
    "finalLink": "https://www.sec.gov/Archives/edgar/data/820313/"
  },
  {
    "date": "1996-09-30",
    "symbol": "APH",
    "reportedCurrency": "USD",
    "cik": "0000820313",
    "fillingDate": "1996-11-14",
    "acceptedDate": "1996-11-14 00:00:00",
    "calendarYear": "1996",
    "period": "Q3",
    "revenue": 184900000,
    "costOfRevenue": 116900000,
    "grossProfit": 68000000,
    "grossProfitRatio": 0.3677663602,
    "researchAndDevelopmentExpenses": 0,
    "generalAndAdministrativeExpenses": 27100000,
    "sellingAndMarketingExpenses": 0,
    "sellingGeneralAndAdministrativeExpenses": 27100000,
    "otherExpenses": 7300000,
    "operatingExpenses": 34400000,
    "costAndExpenses": 151300000,
    "interestIncome": 0,
    "interestExpense": 0,
    "depreciationAndAmortization": 7300000,
    "ebitda": 40900000,
    "ebitdaratio": 0.221200649,
    "operatingIncome": 33600000,
    "operatingIncomeRatio": 0.1817198486,
    "totalOtherIncomeExpensesNet": -7200000,
    "incomeBeforeTax": 26400000,
    "incomeBeforeTaxRatio": 0.142779881,
    "incomeTaxExpense": 9700000,
    "netIncome": 16700000,
    "netIncomeRatio": 0.0903190914,
    "eps": 0.0056,
    "epsdiluted": 0.005,
    "weightedAverageShsOut": 2968888888,
    "weightedAverageShsOutDil": 3340000000,
    "link": "https://www.sec.gov/Archives/edgar/data/820313/000082031396000007/0000820313-96-000007-index.html",
    "finalLink": "https://www.sec.gov/Archives/edgar/data/820313/"
  },
  {
    "date": "1996-06-30",
    "symbol": "APH",
    "reportedCurrency": "USD",
    "cik": "0000820313",
    "fillingDate": "1996-08-14",
    "acceptedDate": "1996-08-14 00:00:00",
    "calendarYear": "1996",
    "period": "Q2",
    "revenue": 198900000,
    "costOfRevenue": 126700000,
    "grossProfit": 72200000,
    "grossProfitRatio": 0.3629964806,
    "researchAndDevelopmentExpenses": 0,
    "generalAndAdministrativeExpenses": 29600000,
    "sellingAndMarketingExpenses": 0,
    "sellingGeneralAndAdministrativeExpenses": 29600000,
    "otherExpenses": 7300000,
    "operatingExpenses": 36900000,
    "costAndExpenses": 163600000,
    "interestIncome": 0,
    "interestExpense": 0,
    "depreciationAndAmortization": 7300000,
    "ebitda": 42600000,
    "ebitdaratio": 0.2141779789,
    "operatingIncome": 35300000,
    "operatingIncomeRatio": 0.1774761187,
    "totalOtherIncomeExpensesNet": -7000000,
    "incomeBeforeTax": 28300000,
    "incomeBeforeTaxRatio": 0.142282554,
    "incomeTaxExpense": 10900000,
    "netIncome": 17400000,
    "netIncomeRatio": 0.0874811463,
    "eps": 0.006,
    "epsdiluted": 0.0044,
    "weightedAverageShsOut": 2930526316,
    "weightedAverageShsOutDil": 2930526316,
    "link": "https://www.sec.gov/Archives/edgar/data/820313/000082031396000006/0000820313-96-000006-index.html",
    "finalLink": "https://www.sec.gov/Archives/edgar/data/820313/"
  },
  {
    "date": "1996-03-31",
    "symbol": "APH",
    "reportedCurrency": "USD",
    "cik": "0000820313",
    "fillingDate": "1996-05-15",
    "acceptedDate": "1996-05-15 00:00:00",
    "calendarYear": "1996",
    "period": "Q1",
    "revenue": 194800000,
    "costOfRevenue": 123700000,
    "grossProfit": 71100000,
    "grossProfitRatio": 0.3649897331,
    "researchAndDevelopmentExpenses": 0,
    "generalAndAdministrativeExpenses": 28700000,
    "sellingAndMarketingExpenses": 0,
    "sellingGeneralAndAdministrativeExpenses": 28700000,
    "otherExpenses": 7400000,
    "operatingExpenses": 36100000,
    "costAndExpenses": 159800000,
    "interestIncome": 0,
    "interestExpense": 0,
    "depreciationAndAmortization": 7400000,
    "ebitda": 42400000,
    "ebitdaratio": 0.2176591376,
    "operatingIncome": 35000000,
    "operatingIncomeRatio": 0.1796714579,
    "totalOtherIncomeExpensesNet": -6800000,
    "incomeBeforeTax": 28200000,
    "incomeBeforeTaxRatio": 0.1447638604,
    "incomeTaxExpense": 11300000,
    "netIncome": 16900000,
    "netIncomeRatio": 0.0867556468,
    "eps": 0.0056,
    "epsdiluted": 0.0041,
    "weightedAverageShsOut": 3004444444,
    "weightedAverageShsOutDil": 3004444444,
    "link": "https://www.sec.gov/Archives/edgar/data/820313/000082031396000005/0000820313-96-000005-index.html",
    "finalLink": "https://www.sec.gov/Archives/edgar/data/820313/"
  },
  {
    "date": "1995-12-31",
    "symbol": "APH",
    "reportedCurrency": "USD",
    "cik": "0000820313",
    "fillingDate": "1995-12-31",
    "acceptedDate": "1995-12-31 00:00:00",
    "calendarYear": "1995",
    "period": "Q4",
    "revenue": 188600000,
    "costOfRevenue": 119900000,
    "grossProfit": 68700000,
    "grossProfitRatio": 0.3642629905,
    "researchAndDevelopmentExpenses": 0,
    "generalAndAdministrativeExpenses": 0,
    "sellingAndMarketingExpenses": 0,
    "sellingGeneralAndAdministrativeExpenses": 27700000,
    "otherExpenses": 6900000,
    "operatingExpenses": 34600000,
    "costAndExpenses": 154500000,
    "interestIncome": 0,
    "interestExpense": 0,
    "depreciationAndAmortization": 6900000,
    "ebitda": 41000000,
    "ebitdaratio": 0.2173913043,
    "operatingIncome": 34100000,
    "operatingIncomeRatio": 0.1808059385,
    "totalOtherIncomeExpensesNet": -6700000,
    "incomeBeforeTax": 27400000,
    "incomeBeforeTaxRatio": 0.145281018,
    "incomeTaxExpense": 10900000,
    "netIncome": 16500000,
    "netIncomeRatio": 0.0874867444,
    "eps": 0.0056,
    "epsdiluted": 0.0056,
    "weightedAverageShsOut": 2926104174,
    "weightedAverageShsOutDil": 2926104174,
    "link": "",
    "finalLink": ""
  },
  {
    "date": "1995-09-30",
    "symbol": "APH",
    "reportedCurrency": "USD",
    "cik": "0000820313",
    "fillingDate": "1995-09-30",
    "acceptedDate": "1995-09-30 00:00:00",
    "calendarYear": "1995",
    "period": "Q3",
    "revenue": 189000000,
    "costOfRevenue": 120200000,
    "grossProfit": 68800000,
    "grossProfitRatio": 0.364021164,
    "researchAndDevelopmentExpenses": 0,
    "generalAndAdministrativeExpenses": 27800000,
    "sellingAndMarketingExpenses": 0,
    "sellingGeneralAndAdministrativeExpenses": 27800000,
    "otherExpenses": 7100000,
    "operatingExpenses": 34900000,
    "costAndExpenses": 155100000,
    "interestIncome": 0,
    "interestExpense": 0,
    "depreciationAndAmortization": 7100000,
    "ebitda": 41000000,
    "ebitdaratio": 0.2169312169,
    "operatingIncome": 33900000,
    "operatingIncomeRatio": 0.1793650794,
    "totalOtherIncomeExpensesNet": -7100000,
    "incomeBeforeTax": 26800000,
    "incomeBeforeTaxRatio": 0.1417989418,
    "incomeTaxExpense": 10700000,
    "netIncome": 16100000,
    "netIncomeRatio": 0.0851851852,
    "eps": 0.0053,
    "epsdiluted": 0.0053,
    "weightedAverageShsOut": 3030588236,
    "weightedAverageShsOutDil": 3030588236,
    "link": "",
    "finalLink": ""
  }
]