[
  {
    "date": "2024-12-31",
    "symbol": "APH",
    "reportedCurrency": "USD",
    "cik": "0000820313",
    "fillingDate": "2025-02-07",
    "acceptedDate": "2025-02-07 16:43:42",
    "calendarYear": "2024",
    "period": "FY",
    "revenue": 15222700000,
    "costOfRevenue": 10083000000,
    "grossProfit": 5139700000,
    "grossProfitRatio": 0.3376339283,
    "researchAndDevelopmentExpenses": 453000000,
    "generalAndAdministrativeExpenses": 0,
    "sellingAndMarketingExpenses": 0,
    "sellingGeneralAndAdministrativeExpenses": 1402400000,
    "otherExpenses": 0,
    "operatingExpenses": 1855400000,
    "costAndExpenses": 11938400000,
    "interestIncome": 0,
    "interestExpense": 217000000,
    "depreciationAndAmortization": 572500000,
    "ebitda": 3801400000,
    "ebitdaratio": 0.2497191694,
    "operatingIncome": 3284300000,
    "operatingIncomeRatio": 0.2157501626,
    "totalOtherIncomeExpensesNet": -272400000,
    "incomeBeforeTax": 3011900000,
    "incomeBeforeTaxRatio": 0.1978558337,
    "incomeTaxExpense": 570300000,
    "netIncome": 2424000000,
    "netIncomeRatio": 0.159235878,
    "eps": 2.01,
    "epsdiluted": 1.92,
    "weightedAverageShsOut": 1203800000,
    "weightedAverageShsOutDil": 1263600000,
    "link": "https://www.sec.gov/Archives/edgar/data/820313/000155837025000714/0001558370-25-000714-index.htm",
    "finalLink": "https://www.sec.gov/Archives/edgar/data/820313/000155837025000714/aph-20241231x10k.htm"
  },
  {
    "date": "2023-12-31",
    "symbol": "APH",
    "reportedCurrency": "USD",
    "cik": "0000820313",
    "fillingDate": "2024-02-07",
    "acceptedDate": "2024-02-07 16:41:10",
    "calendarYear": "2023",
    "period": "FY",
    "revenue": 12554700000,
    "costOfRevenue": 8470600000,
    "grossProfit": 4084100000,
    "grossProfitRatio": 0.3253044676,
    "researchAndDevelopmentExpenses": 342200000,
    "generalAndAdministrativeExpenses": 0,
    "sellingAndMarketingExpenses": 0,
    "sellingGeneralAndAdministrativeExpenses": 1147700000,
    "otherExpenses": 0,
    "operatingExpenses": 1489900000,
    "costAndExpenses": 9960500000,
    "interestIncome": 0,
    "interestExpense": 139500000,
    "depreciationAndAmortization": 406400000,
    "ebitda": 3000700000,
    "ebitdaratio": 0.2390100918,
    "operatingIncome": 2594200000,
    "operatingIncomeRatio": 0.2066317793,
    "totalOtherIncomeExpensesNet": -139400000,
    "incomeBeforeTax": 2454800000,
    "incomeBeforeTaxRatio": 0.1955283679,
    "incomeTaxExpense": 509300000,
    "netIncome": 1928000000,
    "netIncomeRatio": 0.1535679865,
    "eps": 1.62,
    "epsdiluted": 1.55,
    "weightedAverageShsOut": 1193000000,
    "weightedAverageShsOutDil": 1241200000,
    "link": "https://www.sec.gov/Archives/edgar/data/820313/000155837024000866/0001558370-24-000866-index.htm",
    "finalLink": "https://www.sec.gov/Archives/edgar/data/820313/000155837024000866/aph-20231231x10k.htm"
  },
  {
    "date": "2022-12-31",
    "symbol": "APH",
    "reportedCurrency": "USD",
    "cik": "0000820313",
    "fillingDate": "2023-02-08",
    "acceptedDate": "2023-02-08 16:37:48",
    "calendarYear": "2022",
    "period": "FY",
    "revenue": 12623000000,
    "costOfRevenue": 8594800000,
    "grossProfit": 4028200000,
    "grossProfitRatio": 0.3191158995,
    "researchAndDevelopmentExpenses": 323600000,
    "generalAndAdministrativeExpenses": 0,
    "sellingAndMarketingExpenses": 0,
    "sellingGeneralAndAdministrativeExpenses": 1097300000,
    "otherExpenses": 0,
    "operatingExpenses": 1420900000,
    "costAndExpenses": 10015700000,
    "interestIncome": 0,
    "interestExpense": 128400000,
    "depreciationAndAmortization": 392900000,
    "ebitda": 2988700000,
    "ebitdaratio": 0.2367662204,
    "operatingIncome": 2607300000,
    "operatingIncomeRatio": 0.2065515329,
    "totalOtherIncomeExpensesNet": -139900000,
    "incomeBeforeTax": 2467400000,
    "incomeBeforeTaxRatio": 0.1954685891,
    "incomeTaxExpense": 550600000,
    "netIncome": 1902300000,
    "netIncomeRatio": 0.1507011012,
    "eps": 1.6,
    "epsdiluted": 1.53,
    "weightedAverageShsOut": 1192400000,
    "weightedAverageShsOutDil": 1242000000,
    "link": "https://www.sec.gov/Archives/edgar/data/820313/000155837023001036/0001558370-23-001036-index.htm",
    "finalLink": "https://www.sec.gov/Archives/edgar/data/820313/000155837023001036/aph-20221231x10k.htm"
  },
  {
    "date": "2021-12-31",
    "symbol": "APH",
    "reportedCurrency": "USD",
    "cik": "0000820313",
    "fillingDate": "2022-02-09",
    "acceptedDate": "2022-02-09 16:39:10",
    "calendarYear": "2021",
    "period": "FY",
    "revenue": 10876300000,
    "costOfRevenue": 7474500000,
    "grossProfit": 3401800000,
    "grossProfitRatio": 0.3127718066,
    "researchAndDevelopmentExpenses": 317700000,
    "generalAndAdministrativeExpenses": 0,
    "sellingAndMarketingExpenses": 0,
    "sellingGeneralAndAdministrativeExpenses": 908600000,
    "otherExpenses": 0,
    "operatingExpenses": 1226300000,
    "costAndExpenses": 8700800000,
    "interestIncome": 0,
    "interestExpense": 115500000,
    "depreciationAndAmortization": 395600000,
    "ebitda": 2500300000,
    "ebitdaratio": 0.2298851632,
    "operatingIncome": 2175500000,
    "operatingIncomeRatio": 0.2000220663,
    "totalOtherIncomeExpensesNet": -186300000,
    "incomeBeforeTax": 1989200000,
    "incomeBeforeTaxRatio": 0.1828930794,
    "incomeTaxExpense": 409100000,
    "netIncome": 1590800000,
    "netIncomeRatio": 0.1462629755,
    "eps": 1.33,
    "epsdiluted": 1.27,
    "weightedAverageShsOut": 1195800000,
    "weightedAverageShsOutDil": 1251000000,
    "link": "https://www.sec.gov/Archives/edgar/data/820313/000155837022000961/0001558370-22-000961-index.htm",
    "finalLink": "https://www.sec.gov/Archives/edgar/data/820313/000155837022000961/aph-20211231x10k.htm"
  },
  {
    "date": "2020-12-31",
    "symbol": "APH",
    "reportedCurrency": "USD",
    "cik": "0000820313",
    "fillingDate": "2021-02-10",
    "acceptedDate": "2021-02-10 17:11:44",
    "calendarYear": "2020",
    "period": "FY",
    "revenue": 8598900000,
    "costOfRevenue": 5934800000,
    "grossProfit": 2664100000,
    "grossProfitRatio": 0.3098186977,
    "researchAndDevelopmentExpenses": 260700000,
    "generalAndAdministrativeExpenses": 0,
    "sellingAndMarketingExpenses": 0,
    "sellingGeneralAndAdministrativeExpenses": 753500000,
    "otherExpenses": 0,
    "operatingExpenses": 1014200000,
    "costAndExpenses": 6949000000,
    "interestIncome": 0,
    "interestExpense": 115400000,
    "depreciationAndAmortization": 308100000,
    "ebitda": 1950100000,
    "ebitdaratio": 0.2267848213,
    "operatingIncome": 1649900000,
    "operatingIncomeRatio": 0.1918733792,
    "totalOtherIncomeExpensesNet": -123300000,
    "incomeBeforeTax": 1526600000,
    "incomeBeforeTaxRatio": 0.1775343358,
    "incomeTaxExpense": 313300000,
    "netIncome": 1203400000,
    "netIncomeRatio": 0.1399481329,
    "eps": 1.01,
    "epsdiluted": 0.98,
    "weightedAverageShsOut": 1192200000,
    "weightedAverageShsOutDil": 1230000000,
    "link": "https://www.sec.gov/Archives/edgar/data/820313/000155837021000881/0001558370-21-000881-index.htm",
    "finalLink": "https://www.sec.gov/Archives/edgar/data/820313/000155837021000881/aph-20201231x10k.htm"
  },
  {
    "date": "2019-12-31",
    "symbol": "APH",
    "reportedCurrency": "USD",
    "cik": "0000820313",
    "fillingDate": "2020-02-12",
    "acceptedDate": "2020-02-12 16:51:12",
    "calendarYear": "2019",
    "period": "FY",
    "revenue": 8225400000,
    "costOfRevenue": 5609400000,
    "grossProfit": 2616000000,
    "grossProfitRatio": 0.3180392443,
    "researchAndDevelopmentExpenses": 234200000,
    "generalAndAdministrativeExpenses": 0,
    "sellingAndMarketingExpenses": 0,
    "sellingGeneralAndAdministrativeExpenses": 737200000,
    "otherExpenses": 0,
    "operatingExpenses": 971400000,
    "costAndExpenses": 6580800000,
    "interestIncome": 0,
    "interestExpense": 117600000,
    "depreciationAndAmortization": 312100000,
    "ebitda": 1925600000,
    "ebitdaratio": 0.2341041165,
    "operatingIncome": 1644600000,
    "operatingIncomeRatio": 0.1999416442,
    "totalOtherIncomeExpensesNet": -148700000,
    "incomeBeforeTax": 1495900000,
    "incomeBeforeTaxRatio": 0.181863496,
    "incomeTaxExpense": 331900000,
    "netIncome": 1155000000,
    "netIncomeRatio": 0.140418703,
    "eps": 0.97,
    "epsdiluted": 0.94,
    "weightedAverageShsOut": 1190000000,
    "weightedAverageShsOutDil": 1231800000,
    "link": "https://www.sec.gov/Archives/edgar/data/820313/000155837020000728/0001558370-20-000728-index.htm",
    "finalLink": "https://www.sec.gov/Archives/edgar/data/820313/000155837020000728/aph-20191231x10k7e830b.htm"
  },
  {
    "date": "2018-12-31",
    "symbol": "APH",
    "reportedCurrency": "USD",
    "cik": "0000820313",
    "fillingDate": "2019-02-13",
    "acceptedDate": "2019-02-13 16:59:26",
    "calendarYear": "2018",
    "period": "FY",
    "revenue": 8202000000,
    "costOfRevenue": 5547100000,
    "grossProfit": 2654900000,
    "grossProfitRatio": 0.3236893441,
    "researchAndDevelopmentExpenses": 220900000,
    "generalAndAdministrativeExpenses": 0,
    "sellingAndMarketingExpenses": 0,
    "sellingGeneralAndAdministrativeExpenses": 738600000,
    "otherExpenses": 0,
    "operatingExpenses": 959500000,
    "costAndExpenses": 6506600000,
    "interestIncome": 0,
    "interestExpense": 101700000,
    "depreciationAndAmortization": 299700000,
    "ebitda": 1989800000,
    "ebitdaratio": 0.242599366,
    "operatingIncome": 1695400000,
    "operatingIncomeRatio": 0.2067056815,
    "totalOtherIncomeExpensesNet": -107000000,
    "incomeBeforeTax": 1588400000,
    "incomeBeforeTaxRatio": 0.1936600829,
    "incomeTaxExpense": 371500000,
    "netIncome": 1205000000,
    "netIncomeRatio": 0.1469153865,
    "eps": 1,
    "epsdiluted": 0.96,
    "weightedAverageShsOut": 1204800000,
    "weightedAverageShsOutDil": 1250400000,
    "link": "https://www.sec.gov/Archives/edgar/data/820313/000155837019000636/0001558370-19-000636-index.htm",
    "finalLink": "https://www.sec.gov/Archives/edgar/data/820313/000155837019000636/aph-20181231x10k.htm"
  },
  {
    "date": "2017-12-31",
    "symbol": "APH",
    "reportedCurrency": "USD",
    "cik": "0000820313",
    "fillingDate": "2018-02-21",
    "acceptedDate": "2018-02-21 17:28:05",
    "calendarYear": "2017",
    "period": "FY",
    "revenue": 7011300000,
    "costOfRevenue": 4701300000,
    "grossProfit": 2309900000,
    "grossProfitRatio": 0.3294538816,
    "researchAndDevelopmentExpenses": 193700000,
    "generalAndAdministrativeExpenses": 0,
    "sellingAndMarketingExpenses": 0,
    "sellingGeneralAndAdministrativeExpenses": 684600000,
    "otherExpenses": 0,
    "operatingExpenses": 878300000,
    "costAndExpenses": 5579600000,
    "interestIncome": 20200000,
    "interestExpense": 92300000,
    "depreciationAndAmortization": 226800000,
    "ebitda": 1671500000,
    "ebitdaratio": 0.2384008672,
    "operatingIncome": 1431700000,
    "operatingIncomeRatio": 0.204198936,
    "totalOtherIncomeExpensesNet": -79300000,
    "incomeBeforeTax": 1352400000,
    "incomeBeforeTaxRatio": 0.1928886227,
    "incomeTaxExpense": 691700000,
    "netIncome": 650500000,
    "netIncomeRatio": 0.0927787999,
    "eps": 0.54,
    "epsdiluted": 0.52,
    "weightedAverageShsOut": 1222800000,
    "weightedAverageShsOutDil": 1266000000,
    "link": "https://www.sec.gov/Archives/edgar/data/820313/000155837018000871/0001558370-18-000871-index.htm",
    "finalLink": "https://www.sec.gov/Archives/edgar/data/820313/000155837018000871/aph-20171231x10k.htm"
  },
  {
    "date": "2016-12-31",
    "symbol": "APH",
    "reportedCurrency": "USD",
    "cik": "0000820313",
    "fillingDate": "2017-02-17",
    "acceptedDate": "2017-02-17 14:28:24",
    "calendarYear": "2016",
    "period": "FY",
    "revenue": 6286400000,
    "costOfRevenue": 4248000000,
    "grossProfit": 2040000000,
    "grossProfitRatio": 0.3245100534,
    "researchAndDevelopmentExpenses": 166100000,
    "generalAndAdministrativeExpenses": 0,
    "sellingAndMarketingExpenses": 0,
    "sellingGeneralAndAdministrativeExpenses": 632100000,
    "otherExpenses": 0,
    "operatingExpenses": 798200000,
    "costAndExpenses": 5046200000,
    "interestIncome": 11500000,
    "interestExpense": 72600000,
    "depreciationAndAmortization": 217000000,
    "ebitda": 1430700000,
    "ebitdaratio": 0.227586536,
    "operatingIncome": 1240200000,
    "operatingIncomeRatio": 0.1972830237,
    "totalOtherIncomeExpensesNet": -99100000,
    "incomeBeforeTax": 1141100000,
    "incomeBeforeTaxRatio": 0.1815188343,
    "incomeTaxExpense": 308500000,
    "netIncome": 822900000,
    "netIncomeRatio": 0.1309016289,
    "eps": 0.67,
    "epsdiluted": 0.66,
    "weightedAverageShsOut": 1233200000,
    "weightedAverageShsOutDil": 1260800000,
    "link": "https://www.sec.gov/Archives/edgar/data/820313/000155837017000659/0001558370-17-000659-index.htm",
    "finalLink": "https://www.sec.gov/Archives/edgar/data/820313/000155837017000659/aph-20161231x10k.htm"
  },
  {
    "date": "2015-12-31",
    "symbol": "APH",
    "reportedCurrency": "USD",
    "cik": "0000820313",
    "fillingDate": "2016-02-19",
    "acceptedDate": "2016-02-19 16:13:34",
    "calendarYear": "2015",
    "period": "FY",
    "revenue": 5568700000,
    "costOfRevenue": 3788800000,
    "grossProfit": 1779500000,
    "grossProfitRatio": 0.3195539354,
    "researchAndDevelopmentExpenses": 124700000,
    "generalAndAdministrativeExpenses": 0,
    "sellingAndMarketingExpenses": 0,
    "sellingGeneralAndAdministrativeExpenses": 544400000,
    "otherExpenses": 0,
    "operatingExpenses": 669100000,
    "costAndExpenses": 4457900000,
    "interestIncome": 18400000,
    "interestExpense": 68300000,
    "depreciationAndAmortization": 171600000,
    "ebitda": 1292700000,
    "ebitdaratio": 0.2321367644,
    "operatingIncome": 1110800000,
    "operatingIncomeRatio": 0.1994720491,
    "totalOtherIncomeExpensesNet": -58000000,
    "incomeBeforeTax": 1052800000,
    "incomeBeforeTaxRatio": 0.1890566919,
    "incomeTaxExpense": 280500000,
    "netIncome": 763500000,
    "netIncomeRatio": 0.1371056081,
    "eps": 0.62,
    "epsdiluted": 0.61,
    "weightedAverageShsOut": 1236316492,
    "weightedAverageShsOutDil": 1266112420,
    "link": "https://www.sec.gov/Archives/edgar/data/820313/000110465916098503/0001104659-16-098503-index.htm",
    "finalLink": "https://www.sec.gov/Archives/edgar/data/820313/000110465916098503/a15-23486_110k.htm"
  },
  {
    "date": "2014-12-31",
    "symbol": "APH",
    "reportedCurrency": "USD",
    "cik": "0000820313",
    "fillingDate": "2015-02-20",
    "acceptedDate": "2015-02-20 14:49:55",
    "calendarYear": "2014",
    "period": "FY",
    "revenue": 5345500000,
    "costOfRevenue": 3651700000,
    "grossProfit": 1693800000,
    "grossProfitRatio": 0.3168646525,
    "researchAndDevelopmentExpenses": 114800000,
    "generalAndAdministrativeExpenses": 0,
    "sellingAndMarketingExpenses": 0,
    "sellingGeneralAndAdministrativeExpenses": 529100000,
    "otherExpenses": 0,
    "operatingExpenses": 643900000,
    "costAndExpenses": 4295600000,
    "interestIncome": 20200000,
    "interestExpense": 80400000,
    "depreciationAndAmortization": 168100000,
    "ebitda": 1221000000,
    "ebitdaratio": 0.228416425,
    "operatingIncome": 1049900000,
    "operatingIncomeRatio": 0.1964081938,
    "totalOtherIncomeExpensesNet": -77400000,
    "incomeBeforeTax": 972500000,
    "incomeBeforeTaxRatio": 0.1819287251,
    "incomeTaxExpense": 257300000,
    "netIncome": 709100000,
    "netIncomeRatio": 0.1326536339,
    "eps": 0.56,
    "epsdiluted": 0.56,
    "weightedAverageShsOut": 1252547164,
    "weightedAverageShsOutDil": 1281720560,
    "link": "https://www.sec.gov/Archives/edgar/data/820313/000110465915012575/0001104659-15-012575-index.htm",
    "finalLink": "https://www.sec.gov/Archives/edgar/data/820313/000110465915012575/a14-25561_110k.htm"
  },
  {
    "date": "2013-12-31",
    "symbol": "APH",
    "reportedCurrency": "USD",
    "cik": "0000820313",
    "fillingDate": "2014-02-21",
    "acceptedDate": "2014-02-21 14:10:50",
    "calendarYear": "2013",
    "period": "FY",
    "revenue": 4614669000,
    "costOfRevenue": 3163835000,
    "grossProfit": 1450834000,
    "grossProfitRatio": 0.3143961138,
    "researchAndDevelopmentExpenses": 103421000,
    "generalAndAdministrativeExpenses": 0,
    "sellingAndMarketingExpenses": 0,
    "sellingGeneralAndAdministrativeExpenses": 444617000,
    "otherExpenses": 0,
    "operatingExpenses": 548038000,
    "costAndExpenses": 3711873000,
    "interestIncome": 15000000,
    "interestExpense": 63553000,
    "depreciationAndAmortization": 136482000,
    "ebitda": 1046680000,
    "ebitdaratio": 0.2268158345,
    "operatingIncome": 902796000,
    "operatingIncomeRatio": 0.1956361334,
    "totalOtherIncomeExpensesNet": -56151000,
    "incomeBeforeTax": 846645000,
    "incomeBeforeTaxRatio": 0.1834681967,
    "incomeTaxExpense": 207896000,
    "netIncome": 635672000,
    "netIncomeRatio": 0.1377502915,
    "eps": 0.5,
    "epsdiluted": 0.49,
    "weightedAverageShsOut": 1272742296,
    "weightedAverageShsOutDil": 1298195992,
    "link": "https://www.sec.gov/Archives/edgar/data/820313/000110465914012225/0001104659-14-012225-index.htm",
    "finalLink": "https://www.sec.gov/Archives/edgar/data/820313/000110465914012225/a13-24862_110k.htm"
  },
  {
    "date": "2012-12-31",
    "symbol": "APH",
    "reportedCurrency": "USD",
    "cik": "0000820313",
    "fillingDate": "2013-02-22",
    "acceptedDate": "2013-02-22 14:14:39",
    "calendarYear": "2012",
    "period": "FY",
    "revenue": 4292064999,
    "costOfRevenue": 2948853000,
    "grossProfit": 1343212000,
    "grossProfitRatio": 0.3129523901,
    "researchAndDevelopmentExpenses": 92480000,
    "generalAndAdministrativeExpenses": 0,
    "sellingAndMarketingExpenses": 0,
    "sellingGeneralAndAdministrativeExpenses": 420387000,
    "otherExpenses": 0,
    "operatingExpenses": 512866999,
    "costAndExpenses": 3461720000,
    "interestIncome": 11500000,
    "interestExpense": 59613000,
    "depreciationAndAmortization": 121779000,
    "ebitda": 960233000,
    "ebitdaratio": 0.2237228467,
    "operatingIncome": 830345000,
    "operatingIncomeRatio": 0.1934604905,
    "totalOtherIncomeExpensesNet": -51504000,
    "incomeBeforeTax": 778841000,
    "incomeBeforeTaxRatio": 0.1814606722,
    "incomeTaxExpense": 219333000,
    "netIncome": 555317000,
    "netIncomeRatio": 0.1293822438,
    "eps": 0.43,
    "epsdiluted": 0.43,
    "weightedAverageShsOut": 1292176640,
    "weightedAverageShsOutDil": 1311576888,
    "link": "https://www.sec.gov/Archives/edgar/data/820313/000110465913013180/0001104659-13-013180-index.htm",
    "finalLink": "https://www.sec.gov/Archives/edgar/data/820313/000110465913013180/a12-28965_110k.htm"
  },
  {
    "date": "2011-12-31",
    "symbol": "APH",
    "reportedCurrency": "USD",
    "cik": "0000820313",
    "fillingDate": "2012-02-24",
    "acceptedDate": "2012-02-24 14:13:06",
    "calendarYear": "2011",
    "period": "FY",
    "revenue": 3939786000,
    "costOfRevenue": 2696126000,
    "grossProfit": 1243660000,
    "grossProfitRatio": 0.3156668916,
    "researchAndDevelopmentExpenses": 88877000,
    "generalAndAdministrativeExpenses": 0,
    "sellingAndMarketingExpenses": 0,
    "sellingGeneralAndAdministrativeExpenses": 397439000,
    "otherExpenses": 0,
    "operatingExpenses": 486316000,
    "costAndExpenses": 3182442000,
    "interestIncome": 10245000,
    "interestExpense": 43029000,
    "depreciationAndAmortization": 119439000,
    "ebitda": 879220000,
    "ebitdaratio": 0.2231644054,
    "operatingIncome": 757344000,
    "operatingIncomeRatio": 0.1922297302,
    "totalOtherIncomeExpensesNet": -40592000,
    "incomeBeforeTax": 716752000,
    "incomeBeforeTaxRatio": 0.1819266326,
    "incomeTaxExpense": 187910000,
    "netIncome": 524191000,
    "netIncomeRatio": 0.1330506276,
    "eps": 0.39,
    "epsdiluted": 0.38,
    "weightedAverageShsOut": 1357120920,
    "weightedAverageShsOutDil": 1374604704,
    "link": "https://www.sec.gov/Archives/edgar/data/820313/000110465912012448/0001104659-12-012448-index.htm",
    "finalLink": "https://www.sec.gov/Archives/edgar/data/820313/000110465912012448/a12-1044_110k.htm"
  },
  {
    "date": "2010-12-31",
    "symbol": "APH",
    "reportedCurrency": "USD",
    "cik": "0000820313",
    "fillingDate": "2011-02-28",
    "acceptedDate": "2011-02-28 15:14:35",
    "calendarYear": "2010",
    "period": "FY",
    "revenue": 3554101000,
    "costOfRevenue": 2395873000,
    "grossProfit": 1158228000,
    "grossProfitRatio": 0.3258849425,
    "researchAndDevelopmentExpenses": 77570000,
    "generalAndAdministrativeExpenses": 0,
    "sellingAndMarketingExpenses": 0,
    "sellingGeneralAndAdministrativeExpenses": 380301000,
    "otherExpenses": 0,
    "operatingExpenses": 457871000,
    "costAndExpenses": 2853744000,
    "interestIncome": 5046000,
    "interestExpense": 44441000,
    "depreciationAndAmortization": 102846000,
    "ebitda": 810975000,
    "ebitdaratio": 0.2281800658,
    "operatingIncome": 700357000,
    "operatingIncomeRatio": 0.1970560206,
    "totalOtherIncomeExpensesNet": -36669000,
    "incomeBeforeTax": 663688000,
    "incomeBeforeTaxRatio": 0.1867386436,
    "incomeTaxExpense": 161275000,
    "netIncome": 496405000,
    "netIncomeRatio": 0.1396710448,
    "eps": 0.36,
    "epsdiluted": 0.36,
    "weightedAverageShsOut": 1390285200,
    "weightedAverageShsOutDil": 1410607944,
    "link": "https://www.sec.gov/Archives/edgar/data/820313/000110465911010845/0001104659-11-010845-index.htm",
    "finalLink": "https://www.sec.gov/Archives/edgar/data/820313/000110465911010845/a10-22168_110k.htm"
  },
  {
    "date": "2009-12-31",
    "symbol": "APH",
    "reportedCurrency": "USD",
    "cik": "0000820313",
    "fillingDate": "2010-02-23",
    "acceptedDate": "2010-02-23 14:23:08",
    "calendarYear": "2009",
    "period": "FY",
    "revenue": 2820065000,
    "costOfRevenue": 1933511000,
    "grossProfit": 886554000,
    "grossProfitRatio": 0.3143736049,
    "researchAndDevelopmentExpenses": 63978000,
    "generalAndAdministrativeExpenses": 0,
    "sellingAndMarketingExpenses": 0,
    "sellingGeneralAndAdministrativeExpenses": 333663000,
    "otherExpenses": 0,
    "operatingExpenses": 397641000,
    "costAndExpenses": 2331152000,
    "interestIncome": 2154000,
    "interestExpense": 36586000,
    "depreciationAndAmortization": 98524000,
    "ebitda": 581637000,
    "ebitdaratio": 0.2062495013,
    "operatingIncome": 488913000,
    "operatingIncomeRatio": 0.1733694082,
    "totalOtherIncomeExpensesNet": -42386000,
    "incomeBeforeTax": 446527000,
    "incomeBeforeTaxRatio": 0.1583392581,
    "incomeTaxExpense": 119311000,
    "netIncome": 317834000,
    "netIncomeRatio": 0.1127044944,
    "eps": 0.23,
    "epsdiluted": 0.23,
    "weightedAverageShsOut": 1372861144,
    "weightedAverageShsOutDil": 1391534016,
    "link": "https://www.sec.gov/Archives/edgar/data/820313/000110465910008799/0001104659-10-008799-index.htm",
    "finalLink": "https://www.sec.gov/Archives/edgar/data/820313/000110465910008799/a09-35765_110k.htm"
  },
  {
    "date": "2008-12-31",
    "symbol": "APH",
    "reportedCurrency": "USD",
    "cik": "0000820313",
    "fillingDate": "2009-02-23",
    "acceptedDate": "2009-02-23 16:32:12",
    "calendarYear": "2008",
    "period": "FY",
    "revenue": 3236471000,
    "costOfRevenue": 2187318000,
    "grossProfit": 1049153000,
    "grossProfitRatio": 0.3241657348,
    "researchAndDevelopmentExpenses": 68058000,
    "generalAndAdministrativeExpenses": 0,
    "sellingAndMarketingExpenses": 0,
    "sellingGeneralAndAdministrativeExpenses": 348856000,
    "otherExpenses": 0,
    "operatingExpenses": 416914000,
    "costAndExpenses": 2604232000,
    "interestIncome": 4657000,
    "interestExpense": 39627000,
    "depreciationAndAmortization": 91302000,
    "ebitda": 723509000,
    "ebitdaratio": 0.2235487356,
    "operatingIncome": 632239000,
    "operatingIncomeRatio": 0.1953482667,
    "totalOtherIncomeExpensesNet": -39659000,
    "incomeBeforeTax": 592580000,
    "incomeBeforeTaxRatio": 0.1830944878,
    "incomeTaxExpense": 163003000,
    "netIncome": 419151000,
    "netIncomeRatio": 0.1295086531,
    "eps": 0.3,
    "epsdiluted": 0.3,
    "weightedAverageShsOut": 1405310376,
    "weightedAverageShsOutDil": 1430504104,
    "link": "https://www.sec.gov/Archives/edgar/data/820313/000110465909011495/0001104659-09-011495-index.htm",
    "finalLink": "https://www.sec.gov/Archives/edgar/data/820313/000110465909011495/a09-1255_110k.htm"
  },
  {
    "date": "2007-12-31",
    "symbol": "APH",
    "reportedCurrency": "USD",
    "cik": "0000820313",
    "fillingDate": "2008-02-26",
    "acceptedDate": "2008-02-26 16:05:44",
    "calendarYear": "2007",
    "period": "FY",
    "revenue": 2851041000,
    "costOfRevenue": 1920900000,
    "grossProfit": 930141000,
    "grossProfitRatio": 0.3262460975,
    "researchAndDevelopmentExpenses": 62397000,
    "generalAndAdministrativeExpenses": 0,
    "sellingAndMarketingExpenses": 0,
    "sellingGeneralAndAdministrativeExpenses": 314886000,
    "otherExpenses": 0,
    "operatingExpenses": 377283000,
    "costAndExpenses": 2298183000,
    "interestIncome": 2744000,
    "interestExpense": 36876000,
    "depreciationAndAmortization": 82348000,
    "ebitda": 630726000,
    "ebitdaratio": 0.2212265625,
    "operatingIncome": 552858000,
    "operatingIncomeRatio": 0.1939144334,
    "totalOtherIncomeExpensesNet": -41356000,
    "incomeBeforeTax": 511502000,
    "incomeBeforeTaxRatio": 0.1794088545,
    "incomeTaxExpense": 147790000,
    "netIncome": 353194000,
    "netIncomeRatio": 0.1238824696,
    "eps": 0.25,
    "epsdiluted": 0.25,
    "weightedAverageShsOut": 1427625992,
    "weightedAverageShsOutDil": 1460031752,
    "link": "https://www.sec.gov/Archives/edgar/data/820313/000110465908012896/0001104659-08-012896-index.htm",
    "finalLink": "https://www.sec.gov/Archives/edgar/data/820313/000110465908012896/a08-2409_110k.htm"
  },
  {
    "date": "2006-12-31",
    "symbol": "APH",
    "reportedCurrency": "USD",
    "cik": "0000820313",
    "fillingDate": "2007-02-21",
    "acceptedDate": "2007-02-21 17:16:18",
    "calendarYear": "2006",
    "period": "FY",
    "revenue": 2471430000,
    "costOfRevenue": 1683250000,
    "grossProfit": 788180000,
    "grossProfitRatio": 0.3189165787,
    "researchAndDevelopmentExpenses": 53730000,
    "generalAndAdministrativeExpenses": 0,
    "sellingAndMarketingExpenses": 0,
    "sellingGeneralAndAdministrativeExpenses": 289111000,
    "otherExpenses": 0,
    "operatingExpenses": 342841000,
    "costAndExpenses": 2026091000,
    "interestIncome": 0,
    "interestExpense": 38799000,
    "depreciationAndAmortization": 72592000,
    "ebitda": 490664000,
    "ebitdaratio": 0.1985344517,
    "operatingIncome": 445339000,
    "operatingIncomeRatio": 0.1801948669,
    "totalOtherIncomeExpensesNet": -66066000,
    "incomeBeforeTax": 379273000,
    "incomeBeforeTaxRatio": 0.1534629749,
    "incomeTaxExpense": 117581000,
    "netIncome": 255691000,
    "netIncomeRatio": 0.1034587263,
    "eps": 0.18,
    "epsdiluted": 0.18,
    "weightedAverageShsOut": 1431421152,
    "weightedAverageShsOutDil": 1466778608,
    "link": "https://www.sec.gov/Archives/edgar/data/820313/000110465907012769/0001104659-07-012769-index.htm",
    "finalLink": "https://www.sec.gov/Archives/edgar/data/820313/000110465907012769/a07-4878_110k.htm"
  },
  {
    "date": "2005-12-31",
    "symbol": "APH",
    "reportedCurrency": "USD",
    "cik": "0000820313",
    "fillingDate": "2006-06-08",
    "acceptedDate": "2006-06-08 16:06:30",
    "calendarYear": "2005",
    "period": "FY",
    "revenue": 1808147000,
    "costOfRevenue": 1212670000,
    "grossProfit": 646143000,
    "grossProfitRatio": 0.3573509233,
    "researchAndDevelopmentExpenses": 37510000,
    "generalAndAdministrativeExpenses": 0,
    "sellingAndMarketingExpenses": 0,
    "sellingGeneralAndAdministrativeExpenses": 205840000,
    "otherExpenses": 0,
    "operatingExpenses": 243350000,
    "costAndExpenses": 1456020000,
    "interestIncome": 0,
    "interestExpense": 24090000,
    "depreciationAndAmortization": 50666000,
    "ebitda": 386808000,
    "ebitdaratio": 0.2139250846,
    "operatingIncome": 352127000,
    "operatingIncomeRatio": 0.1947446751,
    "totalOtherIncomeExpensesNet": -40075000,
    "incomeBeforeTax": 312052000,
    "incomeBeforeTaxRatio": 0.172581101,
    "incomeTaxExpense": 101629000,
    "netIncome": 206339000,
    "netIncomeRatio": 0.1141162748,
    "eps": 0.14,
    "epsdiluted": 0.14,
    "weightedAverageShsOut": 1416826080,
    "weightedAverageShsOutDil": 1447547792,
    "link": "https://www.sec.gov/Archives/edgar/data/820313/000110465906040591/0001104659-06-040591-index.htm",
    "finalLink": "https://www.sec.gov/Archives/edgar/data/820313/000110465906040591/a06-13468_110ka.htm"
  },
  {
    "date": "2004-12-31",
    "symbol": "APH",
    "reportedCurrency": "USD",
    "cik": "0000820313",
    "fillingDate": "2005-03-15",
    "acceptedDate": "2005-03-15 16:01:55",
    "calendarYear": "2004",
    "period": "FY",
    "revenue": 1530446000,
    "costOfRevenue": 1038794000,
    "grossProfit": 530481000,
    "grossProfitRatio": 0.3466185674,
    "researchAndDevelopmentExpenses": 32459000,
    "generalAndAdministrativeExpenses": 0,
    "sellingAndMarketingExpenses": 0,
    "sellingGeneralAndAdministrativeExpenses": 182549000,
    "otherExpenses": 0,
    "operatingExpenses": 215008000,
    "costAndExpenses": 1253802000,
    "interestIncome": 0,
    "interestExpense": 22540000,
    "depreciationAndAmortization": 38829000,
    "ebitda": 311839000,
    "ebitdaratio": 0.2037569441,
    "operatingIncome": 276644000,
    "operatingIncomeRatio": 0.1807603797,
    "totalOtherIncomeExpensesNet": -26174000,
    "incomeBeforeTax": 250470000,
    "incomeBeforeTaxRatio": 0.1636581755,
    "incomeTaxExpense": 84130000,
    "netIncome": 163311000,
    "netIncomeRatio": 0.1067081099,
    "eps": 0.12,
    "epsdiluted": 0.12,
    "weightedAverageShsOut": 1408369312,
    "weightedAverageShsOutDil": 1435786496,
    "link": "https://www.sec.gov/Archives/edgar/data/820313/000110465905011114/0001104659-05-011114-index.htm",
    "finalLink": "https://www.sec.gov/Archives/edgar/data/820313/000110465905011114/a05-3932_110k.htm"
  },
  {
    "date": "2003-12-31",
    "symbol": "APH",
    "reportedCurrency": "USD",
    "cik": "0000820313",
    "fillingDate": "2004-02-09",
    "acceptedDate": "2004-02-09 17:24:00",
    "calendarYear": "2003",
    "period": "FY",
    "revenue": 1239504000,
    "costOfRevenue": 820724000,
    "grossProfit": 418780000,
    "grossProfitRatio": 0.3378609508,
    "researchAndDevelopmentExpenses": 0,
    "generalAndAdministrativeExpenses": 177353000,
    "sellingAndMarketingExpenses": 0,
    "sellingGeneralAndAdministrativeExpenses": 177353000,
    "otherExpenses": 37007000,
    "operatingExpenses": 214360000,
    "costAndExpenses": 1035084000,
    "interestIncome": 0,
    "interestExpense": 0,
    "depreciationAndAmortization": 38480000,
    "ebitda": 242900000,
    "ebitdaratio": 0.195965483,
    "operatingIncome": 204420000,
    "operatingIncomeRatio": 0.164920807,
    "totalOtherIncomeExpensesNet": -46859000,
    "incomeBeforeTax": 157561000,
    "incomeBeforeTaxRatio": 0.127116169,
    "incomeTaxExpense": 53571000,
    "netIncome": 103990000,
    "netIncomeRatio": 0.0838964618,
    "eps": 0.075,
    "epsdiluted": 0.075,
    "weightedAverageShsOut": 1377611008,
    "weightedAverageShsOutDil": 1410107520,
    "link": "https://www.sec.gov/Archives/edgar/data/820313/000104746904003700/0001047469-04-003700-index.htm",
    "finalLink": "https://www.sec.gov/Archives/edgar/data/820313/000104746904003700/a2128068z10-k.htm"
  },
  {
    "date": "2002-12-31",
    "symbol": "APH",
    "reportedCurrency": "USD",
    "cik": "0000820313",
    "fillingDate": "2003-03-28",
    "acceptedDate": "2003-03-28 17:17:05",
    "calendarYear": "2002",
    "period": "FY",
    "revenue": 1062002000,
    "costOfRevenue": 700302000,
    "grossProfit": 361700000,
    "grossProfitRatio": 0.3405831627,
    "researchAndDevelopmentExpenses": 0,
    "generalAndAdministrativeExpenses": 152928000,
    "sellingAndMarketingExpenses": 0,
    "sellingGeneralAndAdministrativeExpenses": 152928000,
    "otherExpenses": 34825000,
    "operatingExpenses": 187753000,
    "costAndExpenses": 888055000,
    "interestIncome": 0,
    "interestExpense": 0,
    "depreciationAndAmortization": 36238000,
    "ebitda": 210185000,
    "ebitdaratio": 0.1979139399,
    "operatingIncome": 173947000,
    "operatingIncomeRatio": 0.1637915936,
    "totalOtherIncomeExpensesNet": -51285000,
    "incomeBeforeTax": 122662000,
    "incomeBeforeTaxRatio": 0.1155007241,
    "incomeTaxExpense": 42318000,
    "netIncome": 80344000,
    "netIncomeRatio": 0.0756533415,
    "eps": 0.06,
    "epsdiluted": 0.06,
    "weightedAverageShsOut": 1358267168,
    "weightedAverageShsOutDil": 1390259200,
    "link": "https://www.sec.gov/Archives/edgar/data/820313/000110465903005299/0001104659-03-005299-index.htm",
    "finalLink": "https://www.sec.gov/Archives/edgar/data/820313/000110465903005299/j8892_10k.htm"
  },
  {
    "date": "2001-12-31",
    "symbol": "APH",
    "reportedCurrency": "USD",
    "cik": "0000820313",
    "fillingDate": "2002-03-28",
    "acceptedDate": "2002-03-28 00:00:00",
    "calendarYear": "2001",
    "period": "FY",
    "revenue": 1103771000,
    "costOfRevenue": 704278000,
    "grossProfit": 399493000,
    "grossProfitRatio": 0.3619346767,
    "researchAndDevelopmentExpenses": 0,
    "generalAndAdministrativeExpenses": 155810000,
    "sellingAndMarketingExpenses": 0,
    "sellingGeneralAndAdministrativeExpenses": 155810000,
    "otherExpenses": 46656000,
    "operatingExpenses": 202466000,
    "costAndExpenses": 906744000,
    "interestIncome": 0,
    "interestExpense": 0,
    "depreciationAndAmortization": 48891000,
    "ebitda": 245918000,
    "ebitdaratio": 0.222798026,
    "operatingIncome": 197027000,
    "operatingIncomeRatio": 0.1785035121,
    "totalOtherIncomeExpensesNet": -61672000,
    "incomeBeforeTax": 135355000,
    "incomeBeforeTaxRatio": 0.1226296034,
    "incomeTaxExpense": 51645000,
    "netIncome": 83710000,
    "netIncomeRatio": 0.0758400067,
    "eps": 0.065,
    "epsdiluted": 0.06,
    "weightedAverageShsOut": 1341459712,
    "weightedAverageShsOutDil": 1375907872,
    "link": "https://www.sec.gov/Archives/edgar/data/820313/000091205702012175/0000912057-02-012175-index.htm",
    "finalLink": "https://www.sec.gov/Archives/edgar/data/820313/000091205702012175/a2073881z10-k.txt"
  },
  {
    "date": "2000-12-31",
    "symbol": "APH",
    "reportedCurrency": "USD",
    "cik": "0000820313",
    "fillingDate": "2001-03-30",
    "acceptedDate": "2001-03-30 00:00:00",
    "calendarYear": "2000",
    "period": "FY",
    "revenue": 1359702000,
    "costOfRevenue": 884148000,
    "grossProfit": 475554000,
    "grossProfitRatio": 0.3497486949,
    "researchAndDevelopmentExpenses": 0,
    "generalAndAdministrativeExpenses": 186052000,
    "sellingAndMarketingExpenses": 0,
    "sellingGeneralAndAdministrativeExpenses": 186052000,
    "otherExpenses": 45079000,
    "operatingExpenses": 231131000,
    "costAndExpenses": 1115279000,
    "interestIncome": 0,
    "interestExpense": 0,
    "depreciationAndAmortization": 45079000,
    "ebitda": 289502000,
    "ebitdaratio": 0.2129157712,
    "operatingIncome": 244423000,
    "operatingIncomeRatio": 0.1797621832,
    "totalOtherIncomeExpensesNet": -71205000,
    "incomeBeforeTax": 173218000,
    "incomeBeforeTaxRatio": 0.1273940908,
    "incomeTaxExpense": 65314000,
    "netIncome": 107904000,
    "netIncomeRatio": 0.0793585653,
    "eps": 0.08,
    "epsdiluted": 0.08,
    "weightedAverageShsOut": 1330690208,
    "weightedAverageShsOutDil": 1372125504,
    "link": "https://www.sec.gov/Archives/edgar/data/820313/000091205701505632/0000912057-01-505632-index.htm",
    "finalLink": "https://www.sec.gov/Archives/edgar/data/820313/000091205701505632/a2042863z10-k.txt"
  },
  {
    "date": "1999-12-31",
    "symbol": "APH",
    "reportedCurrency": "USD",
    "cik": "0000820313",
    "fillingDate": "2000-03-29",
    "acceptedDate": "2000-03-29 00:00:00",
    "calendarYear": "1999",
    "period": "FY",
    "revenue": 1010600000,
    "costOfRevenue": 661300000,
    "grossProfit": 349300000,
    "grossProfitRatio": 0.3456362557,
    "researchAndDevelopmentExpenses": 0,
    "generalAndAdministrativeExpenses": 145900000,
    "sellingAndMarketingExpenses": 0,
    "sellingGeneralAndAdministrativeExpenses": 145900000,
    "otherExpenses": 42800000,
    "operatingExpenses": 188700000,
    "costAndExpenses": 850000000,
    "interestIncome": 0,
    "interestExpense": 0,
    "depreciationAndAmortization": 42800000,
    "ebitda": 203400000,
    "ebitdaratio": 0.2012665743,
    "operatingIncome": 160600000,
    "operatingIncomeRatio": 0.1589154957,
    "totalOtherIncomeExpensesNet": -84559000,
    "incomeBeforeTax": 76200000,
    "incomeBeforeTaxRatio": 0.075400752,
    "incomeTaxExpense": 31900000,
    "netIncome": 35600000,
    "netIncomeRatio": 0.0352265981,
    "eps": 0.031,
    "epsdiluted": 0.0303,
    "weightedAverageShsOut": 1153905792,
    "weightedAverageShsOutDil": 1173248512,
    "link": "https://www.sec.gov/Archives/edgar/data/820313/000100547700002600/0001005477-00-002600-index.html",
    "finalLink": "https://www.sec.gov/Archives/edgar/data/820313/000100547700002600/"
  },
  {
    "date": "1998-12-31",
    "symbol": "APH",
    "reportedCurrency": "USD",
    "cik": "0000820313",
    "fillingDate": "1999-11-12",
    "acceptedDate": "1999-11-12 00:00:00",
    "calendarYear": "1998",
    "period": "FY",
    "revenue": 918900000,
    "costOfRevenue": 599200000,
    "grossProfit": 319700000,
    "grossProfitRatio": 0.3479159865,
    "researchAndDevelopmentExpenses": 0,
    "generalAndAdministrativeExpenses": 132000000,
    "sellingAndMarketingExpenses": 0,
    "sellingGeneralAndAdministrativeExpenses": 132000000,
    "otherExpenses": 38000000,
    "operatingExpenses": 170000000,
    "costAndExpenses": 769200000,
    "interestIncome": 0,
    "interestExpense": 0,
    "depreciationAndAmortization": 38000000,
    "ebitda": 187700000,
    "ebitdaratio": 0.2042659702,
    "operatingIncome": 149700000,
    "operatingIncomeRatio": 0.1629121776,
    "totalOtherIncomeExpensesNet": -85700000,
    "incomeBeforeTax": 64000000,
    "incomeBeforeTaxRatio": 0.0696484928,
    "incomeTaxExpense": 27500000,
    "netIncome": 36500000,
    "netIncomeRatio": 0.039721406,
    "eps": 0.0323,
    "epsdiluted": 0.0317,
    "weightedAverageShsOut": 1130445568,
    "weightedAverageShsOutDil": 1148313408,
    "link": "https://www.sec.gov/Archives/edgar/data/820313/000091205799005029/0000912057-99-005029-index.html",
    "finalLink": "https://www.sec.gov/Archives/edgar/data/820313/000091205799005029/"
  },
  {
    "date": "1997-12-31",
    "symbol": "APH",
    "reportedCurrency": "USD",
    "cik": "0000820313",
    "fillingDate": "1998-03-30",
    "acceptedDate": "1998-03-30 00:00:00",
    "calendarYear": "1997",
    "period": "FY",
    "revenue": 884300000,
    "costOfRevenue": 569500000,
    "grossProfit": 314800000,
    "grossProfitRatio": 0.355987787,
    "researchAndDevelopmentExpenses": 0,
    "generalAndAdministrativeExpenses": 125100000,
    "sellingAndMarketingExpenses": 0,
    "sellingGeneralAndAdministrativeExpenses": 125100000,
    "otherExpenses": 34300000,
    "operatingExpenses": 159400000,
    "costAndExpenses": 728900000,
    "interestIncome": 0,
    "interestExpense": 0,
    "depreciationAndAmortization": 34300000,
    "ebitda": 189700000,
    "ebitdaratio": 0.2145199593,
    "operatingIncome": 155400000,
    "operatingIncomeRatio": 0.1757322176,
    "totalOtherIncomeExpensesNet": -68300000,
    "incomeBeforeTax": 87100000,
    "incomeBeforeTaxRatio": 0.0984959855,
    "incomeTaxExpense": 35900000,
    "netIncome": 26700000,
    "netIncomeRatio": 0.0301933733,
    "eps": 0.015,
    "epsdiluted": 0.0149,
    "weightedAverageShsOut": 1779600640,
    "weightedAverageShsOutDil": 1792190528,
    "link": "https://www.sec.gov/Archives/edgar/data/820313/000100547798000987/0001005477-98-000987-index.html",
    "finalLink": "https://www.sec.gov/Archives/edgar/data/820313/"
  },
  {
    "date": "1996-12-31",
    "symbol": "APH",
    "reportedCurrency": "USD",
    "cik": "0000820313",
    "fillingDate": "1997-02-19",
    "acceptedDate": "1997-02-19 00:00:00",
    "calendarYear": "1996",
    "period": "FY",
    "revenue": 776200000,
    "costOfRevenue": 494000000,
    "grossProfit": 282200000,
    "grossProfitRatio": 0.3635660912,
    "researchAndDevelopmentExpenses": 0,
    "generalAndAdministrativeExpenses": 114700000,
    "sellingAndMarketingExpenses": 0,
    "sellingGeneralAndAdministrativeExpenses": 114700000,
    "otherExpenses": 29500000,
    "operatingExpenses": 144200000,
    "costAndExpenses": 638200000,
    "interestIncome": 0,
    "interestExpense": 0,
    "depreciationAndAmortization": 29500000,
    "ebitda": 167500000,
    "ebitdaratio": 0.2157948982,
    "operatingIncome": 138000000,
    "operatingIncomeRatio": 0.1777892296,
    "totalOtherIncomeExpensesNet": -28300000,
    "incomeBeforeTax": 109700000,
    "incomeBeforeTaxRatio": 0.1413295542,
    "incomeTaxExpense": 42100000,
    "netIncome": 67600000,
    "netIncomeRatio": 0.0870909559,
    "eps": 0.0227,
    "epsdiluted": 0.0227,
    "weightedAverageShsOut": 2985570624,
    "weightedAverageShsOutDil": 3795348838,
    "link": "https://www.sec.gov/Archives/edgar/data/820313/000091205797006052/0000912057-97-006052-index.html",
    "finalLink": "https://www.sec.gov/Archives/edgar/data/820313/"
  },
  {
    "date": "1995-12-31",
    "symbol": "APH",
    "reportedCurrency": "USD",
    "cik": "0000820313",
    "fillingDate": "1995-12-31",
    "acceptedDate": "1995-12-30 19:00:00",
    "calendarYear": "1995",
    "period": "FY",
    "revenue": 783200000,
    "costOfRevenue": 506100000,
    "grossProfit": 277100000,
    "grossProfitRatio": 0.353804903,
    "researchAndDevelopmentExpenses": 0,
    "generalAndAdministrativeExpenses": 114000000,
    "sellingAndMarketingExpenses": 0,
    "sellingGeneralAndAdministrativeExpenses": 114000000,
    "otherExpenses": 28400000,
    "operatingExpenses": 142400000,
    "costAndExpenses": 648500000,
    "interestIncome": 0,
    "interestExpense": 0,
    "depreciationAndAmortization": 28400000,
    "ebitda": 163100000,
    "ebitdaratio": 0.2082482125,
    "operatingIncome": 134700000,
    "operatingIncomeRatio": 0.1719867211,
    "totalOtherIncomeExpensesNet": -30000000,
    "incomeBeforeTax": 104700000,
    "incomeBeforeTaxRatio": 0.1336823289,
    "incomeTaxExpense": 41800000,
    "netIncome": 62900000,
    "netIncomeRatio": 0.0803115424,
    "eps": 0.021,
    "epsdiluted": 0.021,
    "weightedAverageShsOut": 3004179104,
    "weightedAverageShsOutDil": 3004179104,
    "link": "",
    "finalLink": ""
  },
  {
    "date": "1994-12-31",
    "symbol": "APH",
    "reportedCurrency": "USD",
    "cik": "0000820313",
    "fillingDate": "1994-12-31",
    "acceptedDate": "1994-12-30 19:00:00",
    "calendarYear": "1994",
    "period": "FY",
    "revenue": 692700000,
    "costOfRevenue": 457600000,
    "grossProfit": 235100000,
    "grossProfitRatio": 0.3393965642,
    "researchAndDevelopmentExpenses": 0,
    "generalAndAdministrativeExpenses": 102200000,
    "sellingAndMarketingExpenses": 0,
    "sellingGeneralAndAdministrativeExpenses": 102200000,
    "otherExpenses": 28800000,
    "operatingExpenses": 131000000,
    "costAndExpenses": 588600000,
    "interestIncome": 0,
    "interestExpense": 0,
    "depreciationAndAmortization": 28800000,
    "ebitda": 132900000,
    "ebitdaratio": 0.1918579472,
    "operatingIncome": 104100000,
    "operatingIncomeRatio": 0.1502815071,
    "totalOtherIncomeExpensesNet": -34600000,
    "incomeBeforeTax": 69500000,
    "incomeBeforeTaxRatio": 0.1003320341,
    "incomeTaxExpense": 27100000,
    "netIncome": 38300000,
    "netIncomeRatio": 0.0552908907,
    "eps": 0.0128,
    "epsdiluted": 0.0128,
    "weightedAverageShsOut": 2989268292,
    "weightedAverageShsOutDil": 2989268292,
    "link": "",
    "finalLink": ""
  },
  {
    "date": "1993-12-31",
    "symbol": "APH",
    "reportedCurrency": "USD",
    "cik": "0000820313",
    "fillingDate": "1993-12-31",
    "acceptedDate": "1993-12-30 19:00:00",
    "calendarYear": "1993",
    "period": "FY",
    "revenue": 604000000,
    "costOfRevenue": 404700000,
    "grossProfit": 199300000,
    "grossProfitRatio": 0.3299668874,
    "researchAndDevelopmentExpenses": 0,
    "generalAndAdministrativeExpenses": 89400000,
    "sellingAndMarketingExpenses": 0,
    "sellingGeneralAndAdministrativeExpenses": 89400000,
    "otherExpenses": 28600000,
    "operatingExpenses": 118000000,
    "costAndExpenses": 522700000,
    "interestIncome": 0,
    "interestExpense": 0,
    "depreciationAndAmortization": 28600000,
    "ebitda": 109900000,
    "ebitdaratio": 0.1819536424,
    "operatingIncome": 81300000,
    "operatingIncomeRatio": 0.134602649,
    "totalOtherIncomeExpensesNet": -43300000,
    "incomeBeforeTax": 38000000,
    "incomeBeforeTaxRatio": 0.0629139073,
    "incomeTaxExpense": 13300000,
    "netIncome": 24700000,
    "netIncomeRatio": 0.0408940397,
    "eps": 0.0091,
    "epsdiluted": 0.0091,
    "weightedAverageShsOut": 2725517242,
    "weightedAverageShsOutDil": 2725517242,
    "link": "",
    "finalLink": ""
  },
  {
    "date": "1992-12-31",
    "symbol": "APH",
    "reportedCurrency": "USD",
    "cik": "0000820313",
    "fillingDate": "1992-12-31",
    "acceptedDate": "1992-12-30 19:00:00",
    "calendarYear": "1992",
    "period": "FY",
    "revenue": 457700000,
    "costOfRevenue": 313300000,
    "grossProfit": 144400000,
    "grossProfitRatio": 0.315490496,
    "researchAndDevelopmentExpenses": 0,
    "generalAndAdministrativeExpenses": 75100000,
    "sellingAndMarketingExpenses": 0,
    "sellingGeneralAndAdministrativeExpenses": 75100000,
    "otherExpenses": 26000000,
    "operatingExpenses": 101100000,
    "costAndExpenses": 414400000,
    "interestIncome": 0,
    "interestExpense": 0,
    "depreciationAndAmortization": 26000000,
    "ebitda": 69300000,
    "ebitdaratio": 0.15140922,
    "operatingIncome": 43300000,
    "operatingIncomeRatio": 0.094603452,
    "totalOtherIncomeExpensesNet": -32000000,
    "incomeBeforeTax": 11300000,
    "incomeBeforeTaxRatio": 0.0246886607,
    "incomeTaxExpense": 2700000,
    "netIncome": 8600000,
    "netIncomeRatio": 0.0187896002,
    "eps": 0.0041,
    "epsdiluted": 0.0041,
    "weightedAverageShsOut": 2116923076,
    "weightedAverageShsOutDil": 2116923076,
    "link": "",
    "finalLink": ""
  },
  {
    "date": "1991-12-31",
    "symbol": "APH",
    "reportedCurrency": "USD",
    "cik": "0000820313",
    "fillingDate": "1991-12-31",
    "acceptedDate": "1991-12-30 19:00:00",
    "calendarYear": "1991",
    "period": "FY",
    "revenue": 489100000,
    "costOfRevenue": 326900000,
    "grossProfit": 162200000,
    "grossProfitRatio": 0.3316295236,
    "researchAndDevelopmentExpenses": 0,
    "generalAndAdministrativeExpenses": 79500000,
    "sellingAndMarketingExpenses": 0,
    "sellingGeneralAndAdministrativeExpenses": 79500000,
    "otherExpenses": 29900000,
    "operatingExpenses": 109400000,
    "costAndExpenses": 436300000,
    "interestIncome": 0,
    "interestExpense": 0,
    "depreciationAndAmortization": 29900000,
    "ebitda": 82700000,
    "ebitdaratio": 0.1690860765,
    "operatingIncome": 52800000,
    "operatingIncomeRatio": 0.1079533838,
    "totalOtherIncomeExpensesNet": -56300000,
    "incomeBeforeTax": -3500000,
    "incomeBeforeTaxRatio": -0.0071560008,
    "incomeTaxExpense": 3000000,
    "netIncome": -6500000,
    "netIncomeRatio": -0.0132897158,
    "eps": -0.0061,
    "epsdiluted": -0.0061,
    "weightedAverageShsOut": 1066666666,
    "weightedAverageShsOutDil": 1066666666,
    "link": "",
    "finalLink": ""
  },
  {
    "date": "1990-12-31",
    "symbol": "APH",
    "reportedCurrency": "USD",
    "cik": "0000820313",
    "fillingDate": "1990-12-31",
    "acceptedDate": "1990-12-30 19:00:00",
    "calendarYear": "1990",
    "period": "FY",
    "revenue": 420900000,
    "costOfRevenue": 286900000,
    "grossProfit": 134000000,
    "grossProfitRatio": 0.3183654075,
    "researchAndDevelopmentExpenses": 0,
    "generalAndAdministrativeExpenses": 67400000,
    "sellingAndMarketingExpenses": 0,
    "sellingGeneralAndAdministrativeExpenses": 67400000,
    "otherExpenses": 26700000,
    "operatingExpenses": 94100000,
    "costAndExpenses": 381000000,
    "interestIncome": 0,
    "interestExpense": 0,
    "depreciationAndAmortization": 26700000,
    "ebitda": 66600000,
    "ebitdaratio": 0.1582323592,
    "operatingIncome": 39900000,
    "operatingIncomeRatio": 0.0947968639,
    "totalOtherIncomeExpensesNet": -53300000,
    "incomeBeforeTax": -13400000,
    "incomeBeforeTaxRatio": -0.0318365407,
    "incomeTaxExpense": -1300000,
    "netIncome": -12100000,
    "netIncomeRatio": -0.0287479211,
    "eps": -0.0184,
    "epsdiluted": -0.0256,
    "weightedAverageShsOut": 473120000,
    "weightedAverageShsOutDil": 473120000,
    "link": "",
    "finalLink": ""
  }
]