[
  {
    "date": "2025-06-30",
    "symbol": "APO",
    "reportedCurrency": "USD",
    "cik": "0001858681",
    "fillingDate": "2025-08-07",
    "acceptedDate": "2025-08-07 07:32:32",
    "calendarYear": "2025",
    "period": "Q2",
    "revenue": 6814000000,
    "costOfRevenue": 330000000,
    "grossProfit": 6484000000,
    "grossProfitRatio": 0.9515702964,
    "researchAndDevelopmentExpenses": 0,
    "generalAndAdministrativeExpenses": 642000000,
    "sellingAndMarketingExpenses": 0,
    "sellingGeneralAndAdministrativeExpenses": 642000000,
    "otherExpenses": 4394000000,
    "operatingExpenses": 5036000000,
    "costAndExpenses": 5366000000,
    "interestIncome": 5000000,
    "interestExpense": 79000000,
    "depreciationAndAmortization": 332000000,
    "ebitda": 1256000000,
    "ebitdaratio": 0.1843263869,
    "operatingIncome": 1448000000,
    "operatingIncomeRatio": 0.2125036689,
    "totalOtherIncomeExpensesNet": -603000000,
    "incomeBeforeTax": 845000000,
    "incomeBeforeTaxRatio": 0.1240093924,
    "incomeTaxExpense": 3000000,
    "netIncome": 630000000,
    "netIncomeRatio": 0.0924567068,
    "eps": 1.03,
    "epsdiluted": 1.02,
    "weightedAverageShsOut": 587000000,
    "weightedAverageShsOutDil": 590000000,
    "link": "https://www.sec.gov/Archives/edgar/data/1858681/000185868125000117/0001858681-25-000117-index.htm",
    "finalLink": "https://www.sec.gov/Archives/edgar/data/1858681/000185868125000117/apo-20250630.htm"
  },
  {
    "date": "2025-03-31",
    "symbol": "APO",
    "reportedCurrency": "USD",
    "cik": "0001858681",
    "fillingDate": "2025-05-07",
    "acceptedDate": "2025-05-07 07:46:42",
    "calendarYear": "2025",
    "period": "Q1",
    "revenue": 5548000000,
    "costOfRevenue": 326000000,
    "grossProfit": 5222000000,
    "grossProfitRatio": 0.9412400865,
    "researchAndDevelopmentExpenses": 0,
    "generalAndAdministrativeExpenses": 727000000,
    "sellingAndMarketingExpenses": 0,
    "sellingGeneralAndAdministrativeExpenses": 727000000,
    "otherExpenses": 2962000000,
    "operatingExpenses": 3689000000,
    "costAndExpenses": 4015000000,
    "interestIncome": 34000000,
    "interestExpense": 81000000,
    "depreciationAndAmortization": 308000000,
    "ebitda": 1570000000,
    "ebitdaratio": 0.2829848594,
    "operatingIncome": 1533000000,
    "operatingIncomeRatio": 0.2763157895,
    "totalOtherIncomeExpensesNet": -352000000,
    "incomeBeforeTax": 1181000000,
    "incomeBeforeTaxRatio": 0.2128695025,
    "incomeTaxExpense": 243000000,
    "netIncome": 425000000,
    "netIncomeRatio": 0.0766041817,
    "eps": 0.68,
    "epsdiluted": 0.68,
    "weightedAverageShsOut": 587258883,
    "weightedAverageShsOutDil": 592984841,
    "link": "https://www.sec.gov/Archives/edgar/data/1858681/000185868125000049/0001858681-25-000049-index.htm",
    "finalLink": "https://www.sec.gov/Archives/edgar/data/1858681/000185868125000049/apo-20250331.htm"
  },
  {
    "date": "2024-12-31",
    "symbol": "APO",
    "reportedCurrency": "USD",
    "cik": "0001858681",
    "fillingDate": "2025-02-24",
    "acceptedDate": "2025-02-24 16:40:05",
    "calendarYear": "2024",
    "period": "Q4",
    "revenue": 5283000000,
    "costOfRevenue": 289000000,
    "grossProfit": 4994000000,
    "grossProfitRatio": 0.9452962332,
    "researchAndDevelopmentExpenses": 0,
    "generalAndAdministrativeExpenses": 728000000,
    "sellingAndMarketingExpenses": 0,
    "sellingGeneralAndAdministrativeExpenses": 728000000,
    "otherExpenses": 2344000000,
    "operatingExpenses": 3072000000,
    "costAndExpenses": 3361000000,
    "interestIncome": 32000000,
    "interestExpense": 92000000,
    "depreciationAndAmortization": 296000000,
    "ebitda": 2112000000,
    "ebitdaratio": 0.3997728563,
    "operatingIncome": 1922000000,
    "operatingIncomeRatio": 0.3638084422,
    "totalOtherIncomeExpensesNet": -198000000,
    "incomeBeforeTax": 1724000000,
    "incomeBeforeTaxRatio": 0.3263297369,
    "incomeTaxExpense": 62000000,
    "netIncome": 1439000000,
    "netIncomeRatio": 0.2723831157,
    "eps": 2.42,
    "epsdiluted": 2.39,
    "weightedAverageShsOut": 584000000,
    "weightedAverageShsOutDil": 603000000,
    "link": "https://www.sec.gov/Archives/edgar/data/1858681/000185868125000034/0001858681-25-000034-index.htm",
    "finalLink": "https://www.sec.gov/Archives/edgar/data/1858681/000185868125000034/apo-20241231.htm"
  },
  {
    "date": "2024-09-30",
    "symbol": "APO",
    "reportedCurrency": "USD",
    "cik": "0001858681",
    "fillingDate": "2024-11-06",
    "acceptedDate": "2024-11-06 17:02:40",
    "calendarYear": "2024",
    "period": "Q3",
    "revenue": 7773000000,
    "costOfRevenue": 291000000,
    "grossProfit": 7482000000,
    "grossProfitRatio": 0.9625627171,
    "researchAndDevelopmentExpenses": 0,
    "generalAndAdministrativeExpenses": 640000000,
    "sellingAndMarketingExpenses": 0,
    "sellingGeneralAndAdministrativeExpenses": 640000000,
    "otherExpenses": 4586000000,
    "operatingExpenses": 5226000000,
    "costAndExpenses": 5517000000,
    "interestIncome": 46000000,
    "interestExpense": 82000000,
    "depreciationAndAmortization": 281000000,
    "ebitda": 2449000000,
    "ebitdaratio": 0.3150649685,
    "operatingIncome": 2256000000,
    "operatingIncomeRatio": 0.2902354303,
    "totalOtherIncomeExpensesNet": -170000000,
    "incomeBeforeTax": 2086000000,
    "incomeBeforeTaxRatio": 0.2683648527,
    "incomeTaxExpense": 317000000,
    "netIncome": 782000000,
    "netIncomeRatio": 0.1006046571,
    "eps": 1.29,
    "epsdiluted": 1.29,
    "weightedAverageShsOut": 585382685,
    "weightedAverageShsOutDil": 588541814,
    "link": "https://www.sec.gov/Archives/edgar/data/1858681/000185868124000120/0001858681-24-000120-index.htm",
    "finalLink": "https://www.sec.gov/Archives/edgar/data/1858681/000185868124000120/apo-20240930.htm"
  },
  {
    "date": "2024-06-30",
    "symbol": "APO",
    "reportedCurrency": "USD",
    "cik": "0001858681",
    "fillingDate": "2024-08-08",
    "acceptedDate": "2024-08-07 18:17:49",
    "calendarYear": "2024",
    "period": "Q2",
    "revenue": 6018000000,
    "costOfRevenue": 291000000,
    "grossProfit": 5727000000,
    "grossProfitRatio": 0.9516450648,
    "researchAndDevelopmentExpenses": 0,
    "generalAndAdministrativeExpenses": 632000000,
    "sellingAndMarketingExpenses": 0,
    "sellingGeneralAndAdministrativeExpenses": 632000000,
    "otherExpenses": 3381000000,
    "operatingExpenses": 4013000000,
    "costAndExpenses": 4304000000,
    "interestIncome": 62000000,
    "interestExpense": 89000000,
    "depreciationAndAmortization": 260000000,
    "ebitda": 1787000000,
    "ebitdaratio": 0.2969425058,
    "operatingIncome": 1714000000,
    "operatingIncomeRatio": 0.28481223,
    "totalOtherIncomeExpensesNet": -276000000,
    "incomeBeforeTax": 1438000000,
    "incomeBeforeTaxRatio": 0.2389498172,
    "incomeTaxExpense": 261000000,
    "netIncome": 822000000,
    "netIncomeRatio": 0.1365902293,
    "eps": 1.36,
    "epsdiluted": 1.35,
    "weightedAverageShsOut": 587104242,
    "weightedAverageShsOutDil": 590174236,
    "link": "https://www.sec.gov/Archives/edgar/data/1858681/000185868124000096/0001858681-24-000096-index.htm",
    "finalLink": "https://www.sec.gov/Archives/edgar/data/1858681/000185868124000096/apo-20240630.htm"
  },
  {
    "date": "2024-03-31",
    "symbol": "APO",
    "reportedCurrency": "USD",
    "cik": "0001858681",
    "fillingDate": "2024-05-07",
    "acceptedDate": "2024-05-07 16:03:22",
    "calendarYear": "2024",
    "period": "Q1",
    "revenue": 7040000000,
    "costOfRevenue": 269000000,
    "grossProfit": 6771000000,
    "grossProfitRatio": 0.9617897727,
    "researchAndDevelopmentExpenses": 0,
    "generalAndAdministrativeExpenses": 638000000,
    "sellingAndMarketingExpenses": 0,
    "sellingGeneralAndAdministrativeExpenses": 638000000,
    "otherExpenses": 3726000000,
    "operatingExpenses": 4364000000,
    "costAndExpenses": 4633000000,
    "interestIncome": 32000000,
    "interestExpense": 76000000,
    "depreciationAndAmortization": 238000000,
    "ebitda": 2501000000,
    "ebitdaratio": 0.3552556818,
    "operatingIncome": 2407000000,
    "operatingIncomeRatio": 0.3419034091,
    "totalOtherIncomeExpensesNet": -220000000,
    "incomeBeforeTax": 2187000000,
    "incomeBeforeTaxRatio": 0.3106534091,
    "incomeTaxExpense": 422000000,
    "netIncome": 1384000000,
    "netIncomeRatio": 0.1965909091,
    "eps": 2.31,
    "epsdiluted": 2.28,
    "weightedAverageShsOut": 588120328,
    "weightedAverageShsOutDil": 605378709,
    "link": "https://www.sec.gov/Archives/edgar/data/1858681/000185868124000048/0001858681-24-000048-index.htm",
    "finalLink": "https://www.sec.gov/Archives/edgar/data/1858681/000185868124000048/apo-20240331.htm"
  },
  {
    "date": "2023-12-31",
    "symbol": "APO",
    "reportedCurrency": "USD",
    "cik": "0001858681",
    "fillingDate": "2024-02-27",
    "acceptedDate": "2024-02-27 16:08:55",
    "calendarYear": "2023",
    "period": "Q4",
    "revenue": 11046000000,
    "costOfRevenue": 261000000,
    "grossProfit": 10785000000,
    "grossProfitRatio": 0.9763715372,
    "researchAndDevelopmentExpenses": 0,
    "generalAndAdministrativeExpenses": 947000000,
    "sellingAndMarketingExpenses": 0,
    "sellingGeneralAndAdministrativeExpenses": 947000000,
    "otherExpenses": 7734000000,
    "operatingExpenses": 8681000000,
    "costAndExpenses": 8942000000,
    "interestIncome": 43000000,
    "interestExpense": 80000000,
    "depreciationAndAmortization": 217000000,
    "ebitda": 2258000000,
    "ebitdaratio": 0.2044178888,
    "operatingIncome": 2104000000,
    "operatingIncomeRatio": 0.1904761905,
    "totalOtherIncomeExpensesNet": -143000000,
    "incomeBeforeTax": 1961000000,
    "incomeBeforeTaxRatio": 0.1775303277,
    "incomeTaxExpense": -1620000000,
    "netIncome": 2756000000,
    "netIncomeRatio": 0.2495020822,
    "eps": 4.75,
    "epsdiluted": 4.65,
    "weightedAverageShsOut": 584000000,
    "weightedAverageShsOutDil": 601000000,
    "link": "https://www.sec.gov/Archives/edgar/data/1858681/000185868124000031/0001858681-24-000031-index.htm",
    "finalLink": "https://www.sec.gov/Archives/edgar/data/1858681/000185868124000031/apo-20231231.htm"
  },
  {
    "date": "2023-09-30",
    "symbol": "APO",
    "reportedCurrency": "USD",
    "cik": "0001858681",
    "fillingDate": "2023-11-07",
    "acceptedDate": "2023-11-07 16:29:58",
    "calendarYear": "2023",
    "period": "Q3",
    "revenue": 2595000000,
    "costOfRevenue": 254000000,
    "grossProfit": 2341000000,
    "grossProfitRatio": 0.9021194605,
    "researchAndDevelopmentExpenses": 0,
    "generalAndAdministrativeExpenses": 523000000,
    "sellingAndMarketingExpenses": 0,
    "sellingGeneralAndAdministrativeExpenses": 523000000,
    "otherExpenses": 727000000,
    "operatingExpenses": 1250000000,
    "costAndExpenses": 1504000000,
    "interestIncome": 59000000,
    "interestExpense": 64000000,
    "depreciationAndAmortization": 241000000,
    "ebitda": 1188000000,
    "ebitdaratio": 0.4578034682,
    "operatingIncome": 1091000000,
    "operatingIncomeRatio": 0.4204238921,
    "totalOtherIncomeExpensesNet": -208000000,
    "incomeBeforeTax": 883000000,
    "incomeBeforeTaxRatio": 0.3402697495,
    "incomeTaxExpense": 243000000,
    "netIncome": 658000000,
    "netIncomeRatio": 0.2535645472,
    "eps": 1.1,
    "epsdiluted": 1.1,
    "weightedAverageShsOut": 578797225,
    "weightedAverageShsOutDil": 578797225,
    "link": "https://www.sec.gov/Archives/edgar/data/1858681/000185868123000042/0001858681-23-000042-index.htm",
    "finalLink": "https://www.sec.gov/Archives/edgar/data/1858681/000185868123000042/apo-20230930.htm"
  },
  {
    "date": "2023-06-30",
    "symbol": "APO",
    "reportedCurrency": "USD",
    "cik": "0001858681",
    "fillingDate": "2023-08-07",
    "acceptedDate": "2023-08-07 16:02:51",
    "calendarYear": "2023",
    "period": "Q2",
    "revenue": 13702000000,
    "costOfRevenue": 257000000,
    "grossProfit": 13445000000,
    "grossProfitRatio": 0.9812436141,
    "researchAndDevelopmentExpenses": 0,
    "generalAndAdministrativeExpenses": 485000000,
    "sellingAndMarketingExpenses": 0,
    "sellingGeneralAndAdministrativeExpenses": 485000000,
    "otherExpenses": 11905000000,
    "operatingExpenses": 12390000000,
    "costAndExpenses": 12647000000,
    "interestIncome": 41000000,
    "interestExpense": 54000000,
    "depreciationAndAmortization": 180000000,
    "ebitda": 1185000000,
    "ebitdaratio": 0.086483725,
    "operatingIncome": 1055000000,
    "operatingIncomeRatio": 0.076996059,
    "totalOtherIncomeExpensesNet": -104000000,
    "incomeBeforeTax": 951000000,
    "incomeBeforeTaxRatio": 0.0694059261,
    "incomeTaxExpense": 201000000,
    "netIncome": 577000000,
    "netIncomeRatio": 0.0421106408,
    "eps": 0.9966,
    "epsdiluted": 0.9966,
    "weightedAverageShsOut": 578975612,
    "weightedAverageShsOutDil": 578975612,
    "link": "https://www.sec.gov/Archives/edgar/data/1858681/000185868123000026/0001858681-23-000026-index.htm",
    "finalLink": "https://www.sec.gov/Archives/edgar/data/1858681/000185868123000026/apo-20230630.htm"
  },
  {
    "date": "2023-03-31",
    "symbol": "APO",
    "reportedCurrency": "USD",
    "cik": "0001858681",
    "fillingDate": "2023-05-09",
    "acceptedDate": "2023-05-09 16:18:23",
    "calendarYear": "2023",
    "period": "Q1",
    "revenue": 5301000000,
    "costOfRevenue": 255000000,
    "grossProfit": 5046000000,
    "grossProfitRatio": 0.9518958687,
    "researchAndDevelopmentExpenses": 0,
    "generalAndAdministrativeExpenses": 612000000,
    "sellingAndMarketingExpenses": 0,
    "sellingGeneralAndAdministrativeExpenses": 612000000,
    "otherExpenses": 2538000000,
    "operatingExpenses": 3150000000,
    "costAndExpenses": 3405000000,
    "interestIncome": 33000000,
    "interestExpense": 60000000,
    "depreciationAndAmortization": 165000000,
    "ebitda": 2016000000,
    "ebitdaratio": 0.3803056027,
    "operatingIncome": 1896000000,
    "operatingIncomeRatio": 0.3576683645,
    "totalOtherIncomeExpensesNet": -105000000,
    "incomeBeforeTax": 1791000000,
    "incomeBeforeTaxRatio": 0.337860781,
    "incomeTaxExpense": 253000000,
    "netIncome": 978000000,
    "netIncomeRatio": 0.1844934918,
    "eps": 1.6743,
    "epsdiluted": 1.674,
    "weightedAverageShsOut": 584115927,
    "weightedAverageShsOutDil": 584242571,
    "link": "https://www.sec.gov/Archives/edgar/data/1858681/000185868123000017/0001858681-23-000017-index.htm",
    "finalLink": "https://www.sec.gov/Archives/edgar/data/1858681/000185868123000017/apo-20230331.htm"
  },
  {
    "date": "2022-12-31",
    "symbol": "APO",
    "reportedCurrency": "USD",
    "cik": "0001858681",
    "fillingDate": "2023-03-01",
    "acceptedDate": "2023-02-28 21:48:07",
    "calendarYear": "2022",
    "period": "Q4",
    "revenue": 4842000000,
    "costOfRevenue": -502000000,
    "grossProfit": 5344000000,
    "grossProfitRatio": 1.1036761669,
    "researchAndDevelopmentExpenses": 0,
    "generalAndAdministrativeExpenses": 1226000000,
    "sellingAndMarketingExpenses": 0,
    "sellingGeneralAndAdministrativeExpenses": 1226000000,
    "otherExpenses": 2825000000,
    "operatingExpenses": 4051000000,
    "costAndExpenses": 3549000000,
    "interestIncome": 45000000,
    "interestExpense": 51000000,
    "depreciationAndAmortization": 161000000,
    "ebitda": 1383000000,
    "ebitdaratio": 0.2856257745,
    "operatingIncome": 1293000000,
    "operatingIncomeRatio": 0.2670384139,
    "totalOtherIncomeExpensesNet": -122000000,
    "incomeBeforeTax": 1171000000,
    "incomeBeforeTaxRatio": 0.241842214,
    "incomeTaxExpense": 211000000,
    "netIncome": 573000000,
    "netIncomeRatio": 0.1183395291,
    "eps": 0.9828,
    "epsdiluted": 0.9828,
    "weightedAverageShsOut": 583000000,
    "weightedAverageShsOutDil": 583000000,
    "link": "https://www.sec.gov/Archives/edgar/data/1858681/000185868123000007/0001858681-23-000007-index.htm",
    "finalLink": "https://www.sec.gov/Archives/edgar/data/1858681/000185868123000007/apo-20221231.htm"
  },
  {
    "date": "2022-09-30",
    "symbol": "APO",
    "reportedCurrency": "USD",
    "cik": "0001858681",
    "fillingDate": "2022-11-08",
    "acceptedDate": "2022-11-08 17:10:30",
    "calendarYear": "2022",
    "period": "Q3",
    "revenue": 2979000000,
    "costOfRevenue": 232000000,
    "grossProfit": 2747000000,
    "grossProfitRatio": 0.9221215173,
    "researchAndDevelopmentExpenses": 0,
    "generalAndAdministrativeExpenses": 321000000,
    "sellingAndMarketingExpenses": 0,
    "sellingGeneralAndAdministrativeExpenses": 321000000,
    "otherExpenses": 3325000000,
    "operatingExpenses": 3646000000,
    "costAndExpenses": 3878000000,
    "interestIncome": 40000000,
    "interestExpense": 64000000,
    "depreciationAndAmortization": 149000000,
    "ebitda": -732000000,
    "ebitdaratio": -0.2457200403,
    "operatingIncome": -899000000,
    "operatingIncomeRatio": -0.3017791205,
    "totalOtherIncomeExpensesNet": -46000000,
    "incomeBeforeTax": -945000000,
    "incomeBeforeTaxRatio": -0.3172205438,
    "incomeTaxExpense": -96000000,
    "netIncome": -574000000,
    "netIncomeRatio": -0.1926821081,
    "eps": -0.9823,
    "epsdiluted": -0.9823,
    "weightedAverageShsOut": 584317603,
    "weightedAverageShsOutDil": 584317603,
    "link": "https://www.sec.gov/Archives/edgar/data/1858681/000185868122000053/0001858681-22-000053-index.htm",
    "finalLink": "https://www.sec.gov/Archives/edgar/data/1858681/000185868122000053/apo-20220930.htm"
  },
  {
    "date": "2022-06-30",
    "symbol": "APO",
    "reportedCurrency": "USD",
    "cik": "0001858681",
    "fillingDate": "2022-08-09",
    "acceptedDate": "2022-08-09 17:12:05",
    "calendarYear": "2022",
    "period": "Q2",
    "revenue": 2286000000,
    "costOfRevenue": 234000000,
    "grossProfit": 2052000000,
    "grossProfitRatio": 0.8976377953,
    "researchAndDevelopmentExpenses": 0,
    "generalAndAdministrativeExpenses": 232000000,
    "sellingAndMarketingExpenses": 0,
    "sellingGeneralAndAdministrativeExpenses": 232000000,
    "otherExpenses": 4848000000,
    "operatingExpenses": 5080000000,
    "costAndExpenses": 5314000000,
    "interestIncome": 61000000,
    "interestExpense": 65000000,
    "depreciationAndAmortization": 121000000,
    "ebitda": -2801000000,
    "ebitdaratio": -1.2252843395,
    "operatingIncome": -3028000000,
    "operatingIncomeRatio": -1.3245844269,
    "totalOtherIncomeExpensesNet": 41000000,
    "incomeBeforeTax": -2987000000,
    "incomeBeforeTaxRatio": -1.3066491689,
    "incomeTaxExpense": -381000000,
    "netIncome": -1649000000,
    "netIncomeRatio": -0.7213473316,
    "eps": -2.8199,
    "epsdiluted": -2.8199,
    "weightedAverageShsOut": 584773771,
    "weightedAverageShsOutDil": 584773771,
    "link": "https://www.sec.gov/Archives/edgar/data/1858681/000185868122000045/0001858681-22-000045-index.htm",
    "finalLink": "https://www.sec.gov/Archives/edgar/data/1858681/000185868122000045/apo-20220630.htm"
  },
  {
    "date": "2022-03-31",
    "symbol": "APO",
    "reportedCurrency": "USD",
    "cik": "0001858681",
    "fillingDate": "2022-05-10",
    "acceptedDate": "2022-05-10 17:08:34",
    "calendarYear": "2022",
    "period": "Q1",
    "revenue": 862000000,
    "costOfRevenue": 734000000,
    "grossProfit": 128000000,
    "grossProfitRatio": 0.1484918794,
    "researchAndDevelopmentExpenses": 0,
    "generalAndAdministrativeExpenses": 148000000,
    "sellingAndMarketingExpenses": 0,
    "sellingGeneralAndAdministrativeExpenses": 148000000,
    "otherExpenses": 1772000000,
    "operatingExpenses": 1920000000,
    "costAndExpenses": 2654000000,
    "interestIncome": 208000000,
    "interestExpense": 41000000,
    "depreciationAndAmortization": 106000000,
    "ebitda": -1397000000,
    "ebitdaratio": -1.620649652,
    "operatingIncome": -1792000000,
    "operatingIncomeRatio": -2.0788863109,
    "totalOtherIncomeExpensesNet": 248000000,
    "incomeBeforeTax": -1544000000,
    "incomeBeforeTaxRatio": -1.7911832947,
    "incomeTaxExpense": -485000000,
    "netIncome": -413000000,
    "netIncomeRatio": -0.4791183295,
    "eps": -0.7042,
    "epsdiluted": -0.7042,
    "weightedAverageShsOut": 586495913,
    "weightedAverageShsOutDil": 586495913,
    "link": "https://www.sec.gov/Archives/edgar/data/1858681/000185868122000029/0001858681-22-000029-index.htm",
    "finalLink": "https://www.sec.gov/Archives/edgar/data/1858681/000185868122000029/apo-20220331.htm"
  },
  {
    "date": "2021-12-31",
    "symbol": "APO",
    "reportedCurrency": "USD",
    "cik": "0001858681",
    "fillingDate": "2021-12-31",
    "acceptedDate": "2021-12-30 19:00:00",
    "calendarYear": "2021",
    "period": "Q4",
    "revenue": 1195275000,
    "costOfRevenue": 240293000,
    "grossProfit": 954982000,
    "grossProfitRatio": 0.7989642551,
    "researchAndDevelopmentExpenses": 0,
    "generalAndAdministrativeExpenses": 1419030000,
    "sellingAndMarketingExpenses": 0,
    "sellingGeneralAndAdministrativeExpenses": 1419030000,
    "otherExpenses": 0,
    "operatingExpenses": 1419030000,
    "costAndExpenses": 1659323000,
    "interestIncome": 220715000,
    "interestExpense": 233493000,
    "depreciationAndAmortization": 7435000,
    "ebitda": 949091000,
    "ebitdaratio": 0.7940356822,
    "operatingIncome": -464048000,
    "operatingIncomeRatio": -0.3882353433,
    "totalOtherIncomeExpensesNet": 1172211000,
    "incomeBeforeTax": 708163000,
    "incomeBeforeTaxRatio": 0.5924686788,
    "incomeTaxExpense": 95648000,
    "netIncome": 239705000,
    "netIncomeRatio": 0.2005438079,
    "eps": 0.9389,
    "epsdiluted": 0.9389,
    "weightedAverageShsOut": 245553950,
    "weightedAverageShsOutDil": 245553950,
    "link": "",
    "finalLink": ""
  },
  {
    "date": "2021-09-30",
    "symbol": "APO",
    "reportedCurrency": "USD",
    "cik": "0001858681",
    "fillingDate": "2021-11-08",
    "acceptedDate": "2021-11-08 06:16:29",
    "calendarYear": "2021",
    "period": "Q3",
    "revenue": 1078000000,
    "costOfRevenue": 501000000,
    "grossProfit": 577000000,
    "grossProfitRatio": 0.5352504638,
    "researchAndDevelopmentExpenses": 0,
    "generalAndAdministrativeExpenses": 112000000,
    "sellingAndMarketingExpenses": 0,
    "sellingGeneralAndAdministrativeExpenses": 112000000,
    "otherExpenses": 0,
    "operatingExpenses": 112000000,
    "costAndExpenses": 613000000,
    "interestIncome": 163000000,
    "interestExpense": 156000000,
    "depreciationAndAmortization": 7000000,
    "ebitda": 895000000,
    "ebitdaratio": 0.8302411874,
    "operatingIncome": 465000000,
    "operatingIncomeRatio": 0.4313543599,
    "totalOtherIncomeExpensesNet": 267000000,
    "incomeBeforeTax": 732000000,
    "incomeBeforeTaxRatio": 0.6790352505,
    "incomeTaxExpense": 101000000,
    "netIncome": 254462000,
    "netIncomeRatio": 0.2360500928,
    "eps": 1.0244,
    "epsdiluted": 1.0244,
    "weightedAverageShsOut": 239451921,
    "weightedAverageShsOutDil": 239451921,
    "link": "https://www.sec.gov/Archives/edgar/data/1411494/000141149421000059/0001411494-21-000059-index.htm",
    "finalLink": "https://www.sec.gov/Archives/edgar/data/1411494/000141149421000059/apo-20210930.htm"
  },
  {
    "date": "2021-06-30",
    "symbol": "APO",
    "reportedCurrency": "USD",
    "cik": "0001858681",
    "fillingDate": "2021-08-06",
    "acceptedDate": "2021-08-06 16:09:07",
    "calendarYear": "2021",
    "period": "Q2",
    "revenue": 1383000000,
    "costOfRevenue": 596000000,
    "grossProfit": 787000000,
    "grossProfitRatio": 0.5690527838,
    "researchAndDevelopmentExpenses": 0,
    "generalAndAdministrativeExpenses": 116000000,
    "sellingAndMarketingExpenses": 0,
    "sellingGeneralAndAdministrativeExpenses": 116000000,
    "otherExpenses": 0,
    "operatingExpenses": 116000000,
    "costAndExpenses": 712000000,
    "interestIncome": 229000000,
    "interestExpense": 168000000,
    "depreciationAndAmortization": 7000000,
    "ebitda": 1874000000,
    "ebitdaratio": 1.3550253073,
    "operatingIncome": 671000000,
    "operatingIncomeRatio": 0.4851771511,
    "totalOtherIncomeExpensesNet": 1028000000,
    "incomeBeforeTax": 1699000000,
    "incomeBeforeTaxRatio": 1.2284887925,
    "incomeTaxExpense": 194000000,
    "netIncome": 653685000,
    "netIncomeRatio": 0.4726572668,
    "eps": 2.7894,
    "epsdiluted": 2.7894,
    "weightedAverageShsOut": 231058813,
    "weightedAverageShsOutDil": 231058813,
    "link": "https://www.sec.gov/Archives/edgar/data/1411494/000141149421000035/0001411494-21-000035-index.htm",
    "finalLink": "https://www.sec.gov/Archives/edgar/data/1411494/000141149421000035/apo-20210630.htm"
  },
  {
    "date": "2021-03-31",
    "symbol": "APO",
    "reportedCurrency": "USD",
    "cik": "0001858681",
    "fillingDate": "2021-05-10",
    "acceptedDate": "2021-05-10 07:05:44",
    "calendarYear": "2021",
    "period": "Q1",
    "revenue": 2295000000,
    "costOfRevenue": 887000000,
    "grossProfit": 1408000000,
    "grossProfitRatio": 0.6135076253,
    "researchAndDevelopmentExpenses": 0,
    "generalAndAdministrativeExpenses": 100000000,
    "sellingAndMarketingExpenses": 0,
    "sellingGeneralAndAdministrativeExpenses": 100000000,
    "otherExpenses": 0,
    "operatingExpenses": 100000000,
    "costAndExpenses": 987000000,
    "interestIncome": 134000000,
    "interestExpense": 351000000,
    "depreciationAndAmortization": 6000000,
    "ebitda": 2079000000,
    "ebitdaratio": 0.9058823529,
    "operatingIncome": 1308000000,
    "operatingIncomeRatio": 0.5699346405,
    "totalOtherIncomeExpensesNet": 414000000,
    "incomeBeforeTax": 1722000000,
    "incomeBeforeTaxRatio": 0.7503267974,
    "incomeTaxExpense": 203000000,
    "netIncome": 673788000,
    "netIncomeRatio": 0.2935895425,
    "eps": 2.8896,
    "epsdiluted": 2.8896,
    "weightedAverageShsOut": 230003502,
    "weightedAverageShsOutDil": 230003502,
    "link": "https://www.sec.gov/Archives/edgar/data/1411494/000141149421000023/0001411494-21-000023-index.htm",
    "finalLink": "https://www.sec.gov/Archives/edgar/data/1411494/000141149421000023/apo-20210331.htm"
  },
  {
    "date": "2020-12-31",
    "symbol": "APO",
    "reportedCurrency": "USD",
    "cik": "0001858681",
    "fillingDate": "2021-02-19",
    "acceptedDate": "2021-02-19 16:07:29",
    "calendarYear": "2020",
    "period": "Q4",
    "revenue": 1296496000,
    "costOfRevenue": 81534000,
    "grossProfit": 1214962000,
    "grossProfitRatio": 0.9371120312,
    "researchAndDevelopmentExpenses": 0,
    "generalAndAdministrativeExpenses": 555785000,
    "sellingAndMarketingExpenses": 0,
    "sellingGeneralAndAdministrativeExpenses": 555785000,
    "otherExpenses": 0,
    "operatingExpenses": 555785000,
    "costAndExpenses": 637319000,
    "interestIncome": 442011000,
    "interestExpense": 282540000,
    "depreciationAndAmortization": 5770000,
    "ebitda": 1516910000,
    "ebitdaratio": 1.1700074663,
    "operatingIncome": 659177000,
    "operatingIncomeRatio": 0.5084296442,
    "totalOtherIncomeExpensesNet": 569423000,
    "incomeBeforeTax": 1228600000,
    "incomeBeforeTaxRatio": 0.9476311535,
    "incomeTaxExpense": 153139000,
    "netIncome": 430011000,
    "netIncomeRatio": 0.331671675,
    "eps": 1.8464,
    "epsdiluted": 1.8464,
    "weightedAverageShsOut": 227931929,
    "weightedAverageShsOutDil": 227931929,
    "link": "https://www.sec.gov/Archives/edgar/data/1411494/000141149421000012/0001411494-21-000012-index.htm",
    "finalLink": "https://www.sec.gov/Archives/edgar/data/1411494/000141149421000012/apo-20201231.htm"
  },
  {
    "date": "2020-09-30",
    "symbol": "APO",
    "reportedCurrency": "USD",
    "cik": "0001858681",
    "fillingDate": "2020-11-06",
    "acceptedDate": "2020-11-06 16:04:59",
    "calendarYear": "2020",
    "period": "Q3",
    "revenue": 1018274000,
    "costOfRevenue": 163197000,
    "grossProfit": 855077000,
    "grossProfitRatio": 0.8397317421,
    "researchAndDevelopmentExpenses": 0,
    "generalAndAdministrativeExpenses": 332357000,
    "sellingAndMarketingExpenses": 0,
    "sellingGeneralAndAdministrativeExpenses": 332357000,
    "otherExpenses": 0,
    "operatingExpenses": 332357000,
    "costAndExpenses": 495554000,
    "interestIncome": 83148000,
    "interestExpense": 160929000,
    "depreciationAndAmortization": 4509000,
    "ebitda": 930894000,
    "ebitdaratio": 0.9141881262,
    "operatingIncome": 522720000,
    "operatingIncomeRatio": 0.5133392388,
    "totalOtherIncomeExpensesNet": 242736000,
    "incomeBeforeTax": 765456000,
    "incomeBeforeTaxRatio": 0.7517190854,
    "incomeTaxExpense": 89357000,
    "netIncome": 262538000,
    "netIncomeRatio": 0.2578264789,
    "eps": 1.1124,
    "epsdiluted": 1.1124,
    "weightedAverageShsOut": 227771678,
    "weightedAverageShsOutDil": 227771678,
    "link": "https://www.sec.gov/Archives/edgar/data/1411494/000141149420000045/0001411494-20-000045-index.htm",
    "finalLink": "https://www.sec.gov/Archives/edgar/data/1411494/000141149420000045/apo-20200930.htm"
  },
  {
    "date": "2020-06-30",
    "symbol": "APO",
    "reportedCurrency": "USD",
    "cik": "0001858681",
    "fillingDate": "2020-08-07",
    "acceptedDate": "2020-08-07 18:12:18",
    "calendarYear": "2020",
    "period": "Q2",
    "revenue": 1508335000,
    "costOfRevenue": 151019000,
    "grossProfit": 1357316000,
    "grossProfitRatio": 0.8998770167,
    "researchAndDevelopmentExpenses": 0,
    "generalAndAdministrativeExpenses": 519108000,
    "sellingAndMarketingExpenses": 0,
    "sellingGeneralAndAdministrativeExpenses": 519108000,
    "otherExpenses": 0,
    "operatingExpenses": 519108000,
    "costAndExpenses": 670127000,
    "interestIncome": 88603000,
    "interestExpense": 184336000,
    "depreciationAndAmortization": 4071000,
    "ebitda": 1327815000,
    "ebitdaratio": 0.8803183643,
    "operatingIncome": 838208000,
    "operatingIncomeRatio": 0.555717397,
    "totalOtherIncomeExpensesNet": 301200000,
    "incomeBeforeTax": 1139408000,
    "incomeBeforeTaxRatio": 0.7554077841,
    "incomeTaxExpense": 140323000,
    "netIncome": 428774000,
    "netIncomeRatio": 0.2842697411,
    "eps": 1.8432,
    "epsdiluted": 1.8432,
    "weightedAverageShsOut": 227653988,
    "weightedAverageShsOutDil": 227653988,
    "link": "https://www.sec.gov/Archives/edgar/data/1411494/000141149420000034/0001411494-20-000034-index.htm",
    "finalLink": "https://www.sec.gov/ix?doc=/Archives/edgar/data/1411494/000141149420000034/apo-630202010q.htm"
  },
  {
    "date": "2020-03-31",
    "symbol": "APO",
    "reportedCurrency": "USD",
    "cik": "0001858681",
    "fillingDate": "2020-05-11",
    "acceptedDate": "2020-05-11 16:50:39",
    "calendarYear": "2020",
    "period": "Q1",
    "revenue": -1469086000,
    "costOfRevenue": 139269000,
    "grossProfit": -1608355000,
    "grossProfitRatio": 1.0947997599,
    "researchAndDevelopmentExpenses": 0,
    "generalAndAdministrativeExpenses": -499354000,
    "sellingAndMarketingExpenses": 0,
    "sellingGeneralAndAdministrativeExpenses": -499354000,
    "otherExpenses": 0,
    "operatingExpenses": -499354000,
    "costAndExpenses": -360085000,
    "interestIncome": 7934000,
    "interestExpense": 31242000,
    "depreciationAndAmortization": 4478000,
    "ebitda": -2543976000,
    "ebitdaratio": 1.7316726182,
    "operatingIncome": -1109001000,
    "operatingIncomeRatio": 0.7548918171,
    "totalOtherIncomeExpensesNet": -1470695000,
    "incomeBeforeTax": -2579696000,
    "incomeBeforeTaxRatio": 1.7559870559,
    "incomeTaxExpense": -295853000,
    "netIncome": -1003465000,
    "netIncomeRatio": 0.6830539533,
    "eps": -4.4657,
    "epsdiluted": -4.4657,
    "weightedAverageShsOut": 226757519,
    "weightedAverageShsOutDil": 226757519,
    "link": "https://www.sec.gov/Archives/edgar/data/1411494/000141149420000023/0001411494-20-000023-index.htm",
    "finalLink": "https://www.sec.gov/Archives/edgar/data/1411494/000141149420000023/apo-331202010q.htm"
  },
  {
    "date": "2019-12-31",
    "symbol": "APO",
    "reportedCurrency": "USD",
    "cik": "0001858681",
    "fillingDate": "2020-02-21",
    "acceptedDate": "2020-02-21 17:07:47",
    "calendarYear": "2019",
    "period": "Q4",
    "revenue": 914772000,
    "costOfRevenue": 478821000,
    "grossProfit": 435951000,
    "grossProfitRatio": 0.4765679317,
    "researchAndDevelopmentExpenses": 0,
    "generalAndAdministrativeExpenses": 91528000,
    "sellingAndMarketingExpenses": 0,
    "sellingGeneralAndAdministrativeExpenses": 91528000,
    "otherExpenses": 0,
    "operatingExpenses": 91528000,
    "costAndExpenses": 570349000,
    "interestIncome": 9584000,
    "interestExpense": 28126000,
    "depreciationAndAmortization": 4316000,
    "ebitda": 456814000,
    "ebitdaratio": 0.4993747076,
    "operatingIncome": 344423000,
    "operatingIncomeRatio": 0.3765123987,
    "totalOtherIncomeExpensesNet": 79949000,
    "incomeBeforeTax": 424372000,
    "incomeBeforeTaxRatio": 0.4639101328,
    "incomeTaxExpense": 66351000,
    "netIncome": 160339000,
    "netIncomeRatio": 0.1752775555,
    "eps": 0.6779,
    "epsdiluted": 0.6779,
    "weightedAverageShsOut": 222994407,
    "weightedAverageShsOutDil": 222994407,
    "link": "https://www.sec.gov/Archives/edgar/data/1411494/000141149420000012/0001411494-20-000012-index.html",
    "finalLink": "https://www.sec.gov/Archives/edgar/data/1411494/000141149420000012/apo-1231201910k.htm"
  },
  {
    "date": "2019-09-30",
    "symbol": "APO",
    "reportedCurrency": "USD",
    "cik": "0001858681",
    "fillingDate": "2019-11-05",
    "acceptedDate": "2019-11-05 16:12:23",
    "calendarYear": "2019",
    "period": "Q3",
    "revenue": 702721000,
    "costOfRevenue": 257970000,
    "grossProfit": 444751000,
    "grossProfitRatio": 0.6328984049,
    "researchAndDevelopmentExpenses": 0,
    "generalAndAdministrativeExpenses": 85313000,
    "sellingAndMarketingExpenses": 0,
    "sellingGeneralAndAdministrativeExpenses": 85313000,
    "otherExpenses": 0,
    "operatingExpenses": 85313000,
    "costAndExpenses": 343283000,
    "interestIncome": 10152000,
    "interestExpense": 27833000,
    "depreciationAndAmortization": 4050000,
    "ebitda": 321081000,
    "ebitdaratio": 0.4569110643,
    "operatingIncome": 359438000,
    "operatingIncomeRatio": 0.5114946045,
    "totalOtherIncomeExpensesNet": -70240000,
    "incomeBeforeTax": 289198000,
    "incomeBeforeTaxRatio": 0.4115402841,
    "incomeTaxExpense": -231896000,
    "netIncome": 347380000,
    "netIncomeRatio": 0.4943355898,
    "eps": 1.6434,
    "epsdiluted": 1.6346,
    "weightedAverageShsOut": 205797643,
    "weightedAverageShsOutDil": 207641323,
    "link": "https://www.sec.gov/Archives/edgar/data/1411494/000141149419000054/0001411494-19-000054-index.html",
    "finalLink": "https://www.sec.gov/Archives/edgar/data/1411494/000141149419000054/apo-930201910q.htm"
  },
  {
    "date": "2019-06-30",
    "symbol": "APO",
    "reportedCurrency": "USD",
    "cik": "0001858681",
    "fillingDate": "2019-08-06",
    "acceptedDate": "2019-08-06 16:24:54",
    "calendarYear": "2019",
    "period": "Q2",
    "revenue": 636579000,
    "costOfRevenue": 236609000,
    "grossProfit": 399970000,
    "grossProfitRatio": 0.6283116471,
    "researchAndDevelopmentExpenses": 0,
    "generalAndAdministrativeExpenses": 81839000,
    "sellingAndMarketingExpenses": 0,
    "sellingGeneralAndAdministrativeExpenses": 81839000,
    "otherExpenses": 0,
    "operatingExpenses": 81839000,
    "costAndExpenses": 318448000,
    "interestIncome": 8710000,
    "interestExpense": 23302000,
    "depreciationAndAmortization": 3748000,
    "ebitda": 386108000,
    "ebitdaratio": 0.6065358738,
    "operatingIncome": 318131000,
    "operatingIncomeRatio": 0.4997510128,
    "totalOtherIncomeExpensesNet": 40927000,
    "incomeBeforeTax": 359058000,
    "incomeBeforeTaxRatio": 0.5640431117,
    "incomeTaxExpense": 16897000,
    "netIncome": 157860000,
    "netIncomeRatio": 0.2479817902,
    "eps": 0.745,
    "epsdiluted": 0.745,
    "weightedAverageShsOut": 199578950,
    "weightedAverageShsOutDil": 199578950,
    "link": "https://www.sec.gov/Archives/edgar/data/1411494/000141149419000040/0001411494-19-000040-index.htm",
    "finalLink": "https://www.sec.gov/Archives/edgar/data/1411494/000141149419000040/apo-630201910q.htm"
  },
  {
    "date": "2019-03-31",
    "symbol": "APO",
    "reportedCurrency": "USD",
    "cik": "0001858681",
    "fillingDate": "2019-05-06",
    "acceptedDate": "2019-05-06 16:25:36",
    "calendarYear": "2019",
    "period": "Q1",
    "revenue": 677777000,
    "costOfRevenue": 287687000,
    "grossProfit": 390090000,
    "grossProfitRatio": 0.5755432834,
    "researchAndDevelopmentExpenses": 0,
    "generalAndAdministrativeExpenses": 71662000,
    "sellingAndMarketingExpenses": 0,
    "sellingGeneralAndAdministrativeExpenses": 71662000,
    "otherExpenses": 0,
    "operatingExpenses": 71662000,
    "costAndExpenses": 359349000,
    "interestIncome": 7076000,
    "interestExpense": 19108000,
    "depreciationAndAmortization": 3644000,
    "ebitda": 357973000,
    "ebitdaratio": 0.5281574913,
    "operatingIncome": 318428000,
    "operatingIncomeRatio": 0.4698123424,
    "totalOtherIncomeExpensesNet": 16793000,
    "incomeBeforeTax": 335221000,
    "incomeBeforeTaxRatio": 0.4945889282,
    "incomeTaxExpense": 19654000,
    "netIncome": 142984000,
    "netIncomeRatio": 0.2109602421,
    "eps": 0.6663,
    "epsdiluted": 0.6663,
    "weightedAverageShsOut": 200832323,
    "weightedAverageShsOutDil": 200832323,
    "link": "https://www.sec.gov/Archives/edgar/data/1411494/000141149419000028/0001411494-19-000028-index.html",
    "finalLink": "https://www.sec.gov/Archives/edgar/data/1411494/000141149419000028/apo-331201910q.htm"
  },
  {
    "date": "2018-12-31",
    "symbol": "APO",
    "reportedCurrency": "USD",
    "cik": "0001858681",
    "fillingDate": "2019-03-01",
    "acceptedDate": "2019-03-01 16:08:23",
    "calendarYear": "2018",
    "period": "Q4",
    "revenue": -114885000,
    "costOfRevenue": -13594000,
    "grossProfit": -101291000,
    "grossProfitRatio": 0.8816729773,
    "researchAndDevelopmentExpenses": 0,
    "generalAndAdministrativeExpenses": 71593000,
    "sellingAndMarketingExpenses": 0,
    "sellingGeneralAndAdministrativeExpenses": 71593000,
    "otherExpenses": 0,
    "operatingExpenses": 71593000,
    "costAndExpenses": 57999000,
    "interestIncome": 7137000,
    "interestExpense": 15206000,
    "depreciationAndAmortization": 4018000,
    "ebitda": -319254000,
    "ebitdaratio": 2.7789006398,
    "operatingIncome": -172884000,
    "operatingIncomeRatio": 1.5048439744,
    "totalOtherIncomeExpensesNet": -165594000,
    "incomeBeforeTax": -338478000,
    "incomeBeforeTaxRatio": 2.9462331897,
    "incomeTaxExpense": 39425000,
    "netIncome": -191677000,
    "netIncomeRatio": 1.6684249467,
    "eps": -1.0028,
    "epsdiluted": -1.0028,
    "weightedAverageShsOut": 200269856,
    "weightedAverageShsOutDil": 200269856,
    "link": "https://www.sec.gov/Archives/edgar/data/1411494/000141149419000016/0001411494-19-000016-index.html",
    "finalLink": "https://www.sec.gov/Archives/edgar/data/1411494/000141149419000016/apo-1231201810k.htm"
  },
  {
    "date": "2018-09-30",
    "symbol": "APO",
    "reportedCurrency": "USD",
    "cik": "0001858681",
    "fillingDate": "2018-11-05",
    "acceptedDate": "2018-11-05 17:05:11",
    "calendarYear": "2018",
    "period": "Q3",
    "revenue": 517731000,
    "costOfRevenue": 226115000,
    "grossProfit": 291616000,
    "grossProfitRatio": 0.5632577535,
    "researchAndDevelopmentExpenses": 0,
    "generalAndAdministrativeExpenses": 70657000,
    "sellingAndMarketingExpenses": 0,
    "sellingGeneralAndAdministrativeExpenses": 70657000,
    "otherExpenses": 0,
    "operatingExpenses": 70657000,
    "costAndExpenses": 296772000,
    "interestIncome": 5411000,
    "interestExpense": 15209000,
    "depreciationAndAmortization": 3641000,
    "ebitda": 400634000,
    "ebitdaratio": 0.7738265624,
    "operatingIncome": 220959000,
    "operatingIncomeRatio": 0.4267834068,
    "totalOtherIncomeExpensesNet": 160825000,
    "incomeBeforeTax": 381784000,
    "incomeBeforeTaxRatio": 0.7374176937,
    "incomeTaxExpense": 19092000,
    "netIncome": 163738000,
    "netIncomeRatio": 0.3162607609,
    "eps": 0.7715,
    "epsdiluted": 0.7715,
    "weightedAverageShsOut": 200347996,
    "weightedAverageShsOutDil": 200347996,
    "link": "https://www.sec.gov/Archives/edgar/data/1411494/000141149418000051/0001411494-18-000051-index.html",
    "finalLink": "https://www.sec.gov/Archives/edgar/data/1411494/000141149418000051/apo-930201810q.htm"
  },
  {
    "date": "2018-06-30",
    "symbol": "APO",
    "reportedCurrency": "USD",
    "cik": "0001858681",
    "fillingDate": "2018-08-06",
    "acceptedDate": "2018-08-06 16:07:46",
    "calendarYear": "2018",
    "period": "Q2",
    "revenue": 523316000,
    "costOfRevenue": 223404000,
    "grossProfit": 299912000,
    "grossProfitRatio": 0.5730992364,
    "researchAndDevelopmentExpenses": 0,
    "generalAndAdministrativeExpenses": 62517000,
    "sellingAndMarketingExpenses": 0,
    "sellingGeneralAndAdministrativeExpenses": 62517000,
    "otherExpenses": 0,
    "operatingExpenses": 62517000,
    "costAndExpenses": 285921000,
    "interestIncome": 4547000,
    "interestExpense": 15162000,
    "depreciationAndAmortization": 3697000,
    "ebitda": 181593000,
    "ebitdaratio": 0.3470044868,
    "operatingIncome": 237395000,
    "operatingIncomeRatio": 0.453636044,
    "totalOtherIncomeExpensesNet": -74661000,
    "incomeBeforeTax": 162734000,
    "incomeBeforeTaxRatio": 0.3109669874,
    "incomeTaxExpense": 18924000,
    "netIncome": 59457000,
    "netIncomeRatio": 0.113615865,
    "eps": 0.25,
    "epsdiluted": 0.25,
    "weightedAverageShsOut": 200711475,
    "weightedAverageShsOutDil": 200711475,
    "link": "https://www.sec.gov/Archives/edgar/data/1411494/000141149418000035/0001411494-18-000035-index.html",
    "finalLink": "https://www.sec.gov/Archives/edgar/data/1411494/000141149418000035/apo-630201810q.htm"
  },
  {
    "date": "2018-03-31",
    "symbol": "APO",
    "reportedCurrency": "USD",
    "cik": "0001858681",
    "fillingDate": "2018-05-08",
    "acceptedDate": "2018-05-08 16:55:47",
    "calendarYear": "2018",
    "period": "Q1",
    "revenue": 166903000,
    "costOfRevenue": 139074000,
    "grossProfit": 27829000,
    "grossProfitRatio": 0.1667375661,
    "researchAndDevelopmentExpenses": 0,
    "generalAndAdministrativeExpenses": 61677000,
    "sellingAndMarketingExpenses": 0,
    "sellingGeneralAndAdministrativeExpenses": 61677000,
    "otherExpenses": 0,
    "operatingExpenses": 61677000,
    "costAndExpenses": 200751000,
    "interestIncome": 3559000,
    "interestExpense": 13797000,
    "depreciationAndAmortization": 3877000,
    "ebitda": -83094000,
    "ebitdaratio": -0.4978580373,
    "operatingIncome": -33848000,
    "operatingIncomeRatio": -0.202800429,
    "totalOtherIncomeExpensesNet": -66920000,
    "incomeBeforeTax": -100768000,
    "incomeBeforeTaxRatio": -0.6037518798,
    "incomeTaxExpense": 8580000,
    "netIncome": -63646000,
    "netIncomeRatio": -0.3813352666,
    "eps": -0.34,
    "epsdiluted": -0.34,
    "weightedAverageShsOut": 198432603,
    "weightedAverageShsOutDil": 198432603,
    "link": "https://www.sec.gov/Archives/edgar/data/1411494/000141149418000022/0001411494-18-000022-index.html",
    "finalLink": "https://www.sec.gov/Archives/edgar/data/1411494/000141149418000022/apo-331201810q.htm"
  },
  {
    "date": "2017-12-31",
    "symbol": "APO",
    "reportedCurrency": "USD",
    "cik": "0001858681",
    "fillingDate": "2018-02-12",
    "acceptedDate": "2018-02-12 16:55:08",
    "calendarYear": "2017",
    "period": "Q4",
    "revenue": 869518000,
    "costOfRevenue": 309383000,
    "grossProfit": 560135000,
    "grossProfitRatio": 0.6441902295,
    "researchAndDevelopmentExpenses": 0,
    "generalAndAdministrativeExpenses": 67940000,
    "sellingAndMarketingExpenses": 0,
    "sellingGeneralAndAdministrativeExpenses": 67940000,
    "otherExpenses": 0,
    "operatingExpenses": 67940000,
    "costAndExpenses": 377323000,
    "interestIncome": 3492000,
    "interestExpense": 13376000,
    "depreciationAndAmortization": 3138000,
    "ebitda": 748837000,
    "ebitdaratio": 0.8612093137,
    "operatingIncome": 492195000,
    "operatingIncomeRatio": 0.5660549868,
    "totalOtherIncomeExpensesNet": 240128000,
    "incomeBeforeTax": 732323000,
    "incomeBeforeTaxRatio": 0.8422171824,
    "incomeTaxExpense": 271019000,
    "netIncome": 183174000,
    "netIncomeRatio": 0.2106615389,
    "eps": 0.9156,
    "epsdiluted": 0.9132,
    "weightedAverageShsOut": 195267669,
    "weightedAverageShsOutDil": 198738458,
    "link": "https://www.sec.gov/Archives/edgar/data/1411494/000141149418000010/0001411494-18-000010-index.html",
    "finalLink": "https://www.sec.gov/Archives/edgar/data/1411494/000141149418000010/apo-1231201710k.htm"
  },
  {
    "date": "2017-09-30",
    "symbol": "APO",
    "reportedCurrency": "USD",
    "cik": "0001858681",
    "fillingDate": "2017-11-03",
    "acceptedDate": "2017-11-03 16:03:13",
    "calendarYear": "2017",
    "period": "Q3",
    "revenue": 711720000,
    "costOfRevenue": 270634000,
    "grossProfit": 441086000,
    "grossProfitRatio": 0.6197465295,
    "researchAndDevelopmentExpenses": 0,
    "generalAndAdministrativeExpenses": 68149000,
    "sellingAndMarketingExpenses": 0,
    "sellingGeneralAndAdministrativeExpenses": 68149000,
    "otherExpenses": 0,
    "operatingExpenses": 68149000,
    "costAndExpenses": 338783000,
    "interestIncome": 1504000,
    "interestExpense": 13303000,
    "depreciationAndAmortization": 6796000,
    "ebitda": 471004000,
    "ebitdaratio": 0.6617827235,
    "operatingIncome": 372937000,
    "operatingIncomeRatio": 0.5239939864,
    "totalOtherIncomeExpensesNet": 77968000,
    "incomeBeforeTax": 450905000,
    "incomeBeforeTaxRatio": 0.6335426853,
    "incomeTaxExpense": 16542000,
    "netIncome": 196469000,
    "netIncomeRatio": 0.276048165,
    "eps": 0.9959,
    "epsdiluted": 0.9959,
    "weightedAverageShsOut": 192882082,
    "weightedAverageShsOutDil": 192882082,
    "link": "https://www.sec.gov/Archives/edgar/data/1411494/000141149417000045/0001411494-17-000045-index.html",
    "finalLink": "https://www.sec.gov/Archives/edgar/data/1411494/000141149417000045/apo-930201710q.htm"
  },
  {
    "date": "2017-06-30",
    "symbol": "APO",
    "reportedCurrency": "USD",
    "cik": "0001858681",
    "fillingDate": "2017-08-09",
    "acceptedDate": "2017-08-08 17:39:51",
    "calendarYear": "2017",
    "period": "Q2",
    "revenue": 449708000,
    "costOfRevenue": 186344000,
    "grossProfit": 263364000,
    "grossProfitRatio": 0.5856333443,
    "researchAndDevelopmentExpenses": 0,
    "generalAndAdministrativeExpenses": 59729000,
    "sellingAndMarketingExpenses": 0,
    "sellingGeneralAndAdministrativeExpenses": 59729000,
    "otherExpenses": 0,
    "operatingExpenses": 59729000,
    "costAndExpenses": 246073000,
    "interestIncome": 622000,
    "interestExpense": 13195000,
    "depreciationAndAmortization": 4060000,
    "ebitda": 209420000,
    "ebitdaratio": 0.4656799523,
    "operatingIncome": 203635000,
    "operatingIncomeRatio": 0.4528160495,
    "totalOtherIncomeExpensesNet": -11470000,
    "incomeBeforeTax": 192165000,
    "incomeBeforeTaxRatio": 0.4273106104,
    "incomeTaxExpense": -777000,
    "netIncome": 88385000,
    "netIncomeRatio": 0.1965386429,
    "eps": 0.44,
    "epsdiluted": 0.44,
    "weightedAverageShsOut": 190591756,
    "weightedAverageShsOutDil": 190591756,
    "link": "https://www.sec.gov/Archives/edgar/data/1411494/000141149417000033/0001411494-17-000033-index.html",
    "finalLink": "https://www.sec.gov/Archives/edgar/data/1411494/000141149417000033/apo-630201710q.htm"
  },
  {
    "date": "2017-03-31",
    "symbol": "APO",
    "reportedCurrency": "USD",
    "cik": "0001858681",
    "fillingDate": "2017-05-05",
    "acceptedDate": "2017-05-05 16:26:12",
    "calendarYear": "2017",
    "period": "Q1",
    "revenue": 682104000,
    "costOfRevenue": 269044000,
    "grossProfit": 413060000,
    "grossProfitRatio": 0.6055674794,
    "researchAndDevelopmentExpenses": 0,
    "generalAndAdministrativeExpenses": 62040000,
    "sellingAndMarketingExpenses": 0,
    "sellingGeneralAndAdministrativeExpenses": 62040000,
    "otherExpenses": 0,
    "operatingExpenses": 62040000,
    "costAndExpenses": 331084000,
    "interestIncome": 803000,
    "interestExpense": 12999000,
    "depreciationAndAmortization": 4385000,
    "ebitda": 411575000,
    "ebitdaratio": 0.6033903921,
    "operatingIncome": 351020000,
    "operatingIncomeRatio": 0.5146136073,
    "totalOtherIncomeExpensesNet": 43171000,
    "incomeBeforeTax": 394191000,
    "incomeBeforeTaxRatio": 0.5779045424,
    "incomeTaxExpense": 39161000,
    "netIncome": 140073000,
    "netIncomeRatio": 0.2053543155,
    "eps": 0.75,
    "epsdiluted": 0.75,
    "weightedAverageShsOut": 186537367,
    "weightedAverageShsOutDil": 186537367,
    "link": "https://www.sec.gov/Archives/edgar/data/1411494/000141149417000020/0001411494-17-000020-index.html",
    "finalLink": "https://www.sec.gov/Archives/edgar/data/1411494/000141149417000020/apo-331201710q.htm"
  },
  {
    "date": "2016-12-31",
    "symbol": "APO",
    "reportedCurrency": "USD",
    "cik": "0001858681",
    "fillingDate": "2017-02-13",
    "acceptedDate": "2017-02-13 17:13:20",
    "calendarYear": "2016",
    "period": "Q4",
    "revenue": 685380000,
    "costOfRevenue": 305204000,
    "grossProfit": 380176000,
    "grossProfitRatio": 0.5546937465,
    "researchAndDevelopmentExpenses": 0,
    "generalAndAdministrativeExpenses": 73854000,
    "sellingAndMarketingExpenses": 0,
    "sellingGeneralAndAdministrativeExpenses": 73854000,
    "otherExpenses": -14139000,
    "operatingExpenses": 59715000,
    "costAndExpenses": 364919000,
    "interestIncome": 999000,
    "interestExpense": 12977000,
    "depreciationAndAmortization": 4596000,
    "ebitda": 440119000,
    "ebitdaratio": 0.642153258,
    "operatingIncome": 320461000,
    "operatingIncomeRatio": 0.4675668972,
    "totalOtherIncomeExpensesNet": 102085000,
    "incomeBeforeTax": 422546000,
    "incomeBeforeTaxRatio": 0.616513467,
    "incomeTaxExpense": 28199000,
    "netIncome": 161071000,
    "netIncomeRatio": 0.2350097756,
    "eps": 0.87,
    "epsdiluted": 0.87,
    "weightedAverageShsOut": 185146949,
    "weightedAverageShsOutDil": 185146949,
    "link": "https://www.sec.gov/Archives/edgar/data/1411494/000141149417000009/0001411494-17-000009-index.html",
    "finalLink": "https://www.sec.gov/Archives/edgar/data/1411494/000141149417000009/apo-1231201610k.htm"
  },
  {
    "date": "2016-09-30",
    "symbol": "APO",
    "reportedCurrency": "USD",
    "cik": "0001858681",
    "fillingDate": "2016-11-04",
    "acceptedDate": "2016-11-04 16:18:55",
    "calendarYear": "2016",
    "period": "Q3",
    "revenue": 503731000,
    "costOfRevenue": 208906000,
    "grossProfit": 294825000,
    "grossProfitRatio": 0.5852826211,
    "researchAndDevelopmentExpenses": 0,
    "generalAndAdministrativeExpenses": 58566000,
    "sellingAndMarketingExpenses": 0,
    "sellingGeneralAndAdministrativeExpenses": 58566000,
    "otherExpenses": 0,
    "operatingExpenses": 58566000,
    "costAndExpenses": 267472000,
    "interestIncome": 1192000,
    "interestExpense": 12832000,
    "depreciationAndAmortization": 4646000,
    "ebitda": 281863000,
    "ebitdaratio": 0.5595506332,
    "operatingIncome": 236259000,
    "operatingIncomeRatio": 0.4690181863,
    "totalOtherIncomeExpensesNet": 28126000,
    "incomeBeforeTax": 264385000,
    "incomeBeforeTaxRatio": 0.5248535429,
    "incomeTaxExpense": 29667000,
    "netIncome": 91366000,
    "netIncomeRatio": 0.1813785532,
    "eps": 0.5,
    "epsdiluted": 0.5,
    "weightedAverageShsOut": 184438515,
    "weightedAverageShsOutDil": 184438515,
    "link": "https://www.sec.gov/Archives/edgar/data/1411494/000141149416000050/0001411494-16-000050-index.html",
    "finalLink": "https://www.sec.gov/Archives/edgar/data/1411494/000141149416000050/apo-930201610q.htm"
  },
  {
    "date": "2016-06-30",
    "symbol": "APO",
    "reportedCurrency": "USD",
    "cik": "0001858681",
    "fillingDate": "2016-08-09",
    "acceptedDate": "2016-08-08 20:24:46",
    "calendarYear": "2016",
    "period": "Q2",
    "revenue": 660447000,
    "costOfRevenue": 261446000,
    "grossProfit": 399001000,
    "grossProfitRatio": 0.6041378036,
    "researchAndDevelopmentExpenses": 0,
    "generalAndAdministrativeExpenses": 70088000,
    "sellingAndMarketingExpenses": 0,
    "sellingGeneralAndAdministrativeExpenses": 70088000,
    "otherExpenses": 0,
    "operatingExpenses": 70088000,
    "costAndExpenses": 331534000,
    "interestIncome": 1296000,
    "interestExpense": 9800000,
    "depreciationAndAmortization": 4862000,
    "ebitda": 468453000,
    "ebitdaratio": 0.7092968853,
    "operatingIncome": 328913000,
    "operatingIncomeRatio": 0.4980157378,
    "totalOtherIncomeExpensesNet": 124878000,
    "incomeBeforeTax": 453791000,
    "incomeBeforeTaxRatio": 0.6870967693,
    "incomeTaxExpense": 37988000,
    "netIncome": 174092000,
    "netIncomeRatio": 0.2635972304,
    "eps": 0.91,
    "epsdiluted": 0.91,
    "weightedAverageShsOut": 183695920,
    "weightedAverageShsOutDil": 183695920,
    "link": "https://www.sec.gov/Archives/edgar/data/1411494/000141149416000043/0001411494-16-000043-index.htm",
    "finalLink": "https://www.sec.gov/Archives/edgar/data/1411494/000141149416000043/apo-630201610q.htm"
  },
  {
    "date": "2016-03-31",
    "symbol": "APO",
    "reportedCurrency": "USD",
    "cik": "0001858681",
    "fillingDate": "2016-05-10",
    "acceptedDate": "2016-05-10 16:43:59",
    "calendarYear": "2016",
    "period": "Q1",
    "revenue": 120826000,
    "costOfRevenue": 73631000,
    "grossProfit": 47195000,
    "grossProfitRatio": 0.3906030159,
    "researchAndDevelopmentExpenses": 0,
    "generalAndAdministrativeExpenses": 58631000,
    "sellingAndMarketingExpenses": 0,
    "sellingGeneralAndAdministrativeExpenses": 58631000,
    "otherExpenses": 0,
    "operatingExpenses": 58631000,
    "costAndExpenses": 132262000,
    "interestIncome": 585000,
    "interestExpense": 7873000,
    "depreciationAndAmortization": 4631000,
    "ebitda": -67204000,
    "ebitdaratio": -0.5562047904,
    "operatingIncome": -11436000,
    "operatingIncomeRatio": -0.0946485028,
    "totalOtherIncomeExpensesNet": -68272000,
    "incomeBeforeTax": -79708000,
    "incomeBeforeTaxRatio": -0.6596924503,
    "incomeTaxExpense": -5147000,
    "netIncome": -32828000,
    "netIncomeRatio": -0.2716964892,
    "eps": -0.19,
    "epsdiluted": -0.19,
    "weightedAverageShsOut": 182665330,
    "weightedAverageShsOutDil": 182665330,
    "link": "https://www.sec.gov/Archives/edgar/data/1411494/000141149416000038/0001411494-16-000038-index.html",
    "finalLink": "https://www.sec.gov/Archives/edgar/data/1411494/000141149416000038/apo-331201610q.htm"
  },
  {
    "date": "2015-12-31",
    "symbol": "APO",
    "reportedCurrency": "USD",
    "cik": "0001858681",
    "fillingDate": "2016-02-29",
    "acceptedDate": "2016-02-29 16:42:07",
    "calendarYear": "2015",
    "period": "Q4",
    "revenue": 193651000,
    "costOfRevenue": 103691000,
    "grossProfit": 89960000,
    "grossProfitRatio": 0.464547046,
    "researchAndDevelopmentExpenses": 0,
    "generalAndAdministrativeExpenses": 62482000,
    "sellingAndMarketingExpenses": 0,
    "sellingGeneralAndAdministrativeExpenses": 62482000,
    "otherExpenses": 11127000,
    "operatingExpenses": 73609000,
    "costAndExpenses": 177300000,
    "interestIncome": 829000,
    "interestExpense": 7617000,
    "depreciationAndAmortization": 11127000,
    "ebitda": 48644000,
    "ebitdaratio": 0.2511941586,
    "operatingIncome": 16351000,
    "operatingIncomeRatio": 0.0844354018,
    "totalOtherIncomeExpensesNet": 13549000,
    "incomeBeforeTax": 29900000,
    "incomeBeforeTaxRatio": 0.1544014748,
    "incomeTaxExpense": 5536000,
    "netIncome": 6091000,
    "netIncomeRatio": 0.0314534911,
    "eps": 0,
    "epsdiluted": 0,
    "weightedAverageShsOut": 0,
    "weightedAverageShsOutDil": 0,
    "link": "https://www.sec.gov/Archives/edgar/data/1411494/000141149416000030/0001411494-16-000030-index.html",
    "finalLink": "https://www.sec.gov/Archives/edgar/data/1411494/000141149416000030/apo-1231201510k.htm"
  },
  {
    "date": "2015-09-30",
    "symbol": "APO",
    "reportedCurrency": "USD",
    "cik": "0001858681",
    "fillingDate": "2015-11-09",
    "acceptedDate": "2015-11-09 16:46:09",
    "calendarYear": "2015",
    "period": "Q3",
    "revenue": 193268000,
    "costOfRevenue": 104589000,
    "grossProfit": 88679000,
    "grossProfitRatio": 0.4588395389,
    "researchAndDevelopmentExpenses": 0,
    "generalAndAdministrativeExpenses": 49000000,
    "sellingAndMarketingExpenses": 0,
    "sellingGeneralAndAdministrativeExpenses": 49000000,
    "otherExpenses": 11176000,
    "operatingExpenses": 60176000,
    "costAndExpenses": 164765000,
    "interestIncome": 818000,
    "interestExpense": 7529000,
    "depreciationAndAmortization": 11176000,
    "ebitda": 121855000,
    "ebitdaratio": 0.6304975474,
    "operatingIncome": 28503000,
    "operatingIncomeRatio": 0.1474791481,
    "totalOtherIncomeExpensesNet": 74647000,
    "incomeBeforeTax": 103150000,
    "incomeBeforeTaxRatio": 0.5337148416,
    "incomeTaxExpense": 6591000,
    "netIncome": 41051000,
    "netIncomeRatio": 0.2124045367,
    "eps": 0.2,
    "epsdiluted": 0.2,
    "weightedAverageShsOut": 176169986,
    "weightedAverageShsOutDil": 176169986,
    "link": "https://www.sec.gov/Archives/edgar/data/1411494/000141149415000024/0001411494-15-000024-index.html",
    "finalLink": "https://www.sec.gov/Archives/edgar/data/1411494/000141149415000024/apo-930201510q.htm"
  },
  {
    "date": "2015-06-30",
    "symbol": "APO",
    "reportedCurrency": "USD",
    "cik": "0001858681",
    "fillingDate": "2015-08-07",
    "acceptedDate": "2015-08-07 14:54:36",
    "calendarYear": "2015",
    "period": "Q2",
    "revenue": 351727000,
    "costOfRevenue": 172784000,
    "grossProfit": 178943000,
    "grossProfitRatio": 0.5087553699,
    "researchAndDevelopmentExpenses": 0,
    "generalAndAdministrativeExpenses": 51412000,
    "sellingAndMarketingExpenses": 0,
    "sellingGeneralAndAdministrativeExpenses": 51412000,
    "otherExpenses": 11193000,
    "operatingExpenses": 62605000,
    "costAndExpenses": 235389000,
    "interestIncome": 860000,
    "interestExpense": 7485000,
    "depreciationAndAmortization": 11193000,
    "ebitda": 175844000,
    "ebitdaratio": 0.4999445593,
    "operatingIncome": 116338000,
    "operatingIncomeRatio": 0.3307622105,
    "totalOtherIncomeExpensesNet": 40828000,
    "incomeBeforeTax": 157166000,
    "incomeBeforeTaxRatio": 0.4468408737,
    "incomeTaxExpense": 9092000,
    "netIncome": 56428000,
    "netIncomeRatio": 0.1604312435,
    "eps": 0.3,
    "epsdiluted": 0.3,
    "weightedAverageShsOut": 170431430,
    "weightedAverageShsOutDil": 170431430,
    "link": "https://www.sec.gov/Archives/edgar/data/1411494/000141149415000019/0001411494-15-000019-index.html",
    "finalLink": "https://www.sec.gov/Archives/edgar/data/1411494/000141149415000019/apo-630201510q.htm"
  },
  {
    "date": "2015-03-31",
    "symbol": "APO",
    "reportedCurrency": "USD",
    "cik": "0001858681",
    "fillingDate": "2015-05-11",
    "acceptedDate": "2015-05-11 17:14:26",
    "calendarYear": "2015",
    "period": "Q1",
    "revenue": 303024000,
    "costOfRevenue": 156365000,
    "grossProfit": 146659000,
    "grossProfitRatio": 0.4839847669,
    "researchAndDevelopmentExpenses": 0,
    "generalAndAdministrativeExpenses": 47693000,
    "sellingAndMarketingExpenses": 0,
    "sellingGeneralAndAdministrativeExpenses": 47693000,
    "otherExpenses": 10978000,
    "operatingExpenses": 58671000,
    "costAndExpenses": 215036000,
    "interestIncome": 725000,
    "interestExpense": 7440000,
    "depreciationAndAmortization": 10978000,
    "ebitda": 105430000,
    "ebitdaratio": 0.3479262369,
    "operatingIncome": 87988000,
    "operatingIncomeRatio": 0.2903664396,
    "totalOtherIncomeExpensesNet": -976000,
    "incomeBeforeTax": 87012000,
    "incomeBeforeTaxRatio": 0.2871455726,
    "incomeTaxExpense": 5514000,
    "netIncome": 30927000,
    "netIncomeRatio": 0.1020612229,
    "eps": 0.09,
    "epsdiluted": 0.09,
    "weightedAverageShsOut": 165968620,
    "weightedAverageShsOutDil": 165968620,
    "link": "https://www.sec.gov/Archives/edgar/data/1411494/000141149415000013/0001411494-15-000013-index.html",
    "finalLink": "https://www.sec.gov/Archives/edgar/data/1411494/000141149415000013/apo-331201510q.htm"
  },
  {
    "date": "2014-12-31",
    "symbol": "APO",
    "reportedCurrency": "USD",
    "cik": "0001858681",
    "fillingDate": "2015-02-27",
    "acceptedDate": "2015-02-27 16:03:21",
    "calendarYear": "2014",
    "period": "Q4",
    "revenue": 275396000,
    "costOfRevenue": 119186000,
    "grossProfit": 156210000,
    "grossProfitRatio": 0.5672195675,
    "researchAndDevelopmentExpenses": 0,
    "generalAndAdministrativeExpenses": 58663000,
    "sellingAndMarketingExpenses": 0,
    "sellingGeneralAndAdministrativeExpenses": 58663000,
    "otherExpenses": 11085000,
    "operatingExpenses": 69748000,
    "costAndExpenses": 188934000,
    "interestIncome": 2095000,
    "interestExpense": 7366000,
    "depreciationAndAmortization": 11085000,
    "ebitda": 154474000,
    "ebitdaratio": 0.5609159174,
    "operatingIncome": 86462000,
    "operatingIncomeRatio": 0.3139551773,
    "totalOtherIncomeExpensesNet": 49561000,
    "incomeBeforeTax": 136023000,
    "incomeBeforeTaxRatio": 0.4939178492,
    "incomeTaxExpense": 50283000,
    "netIncome": 22182000,
    "netIncomeRatio": 0.0805458322,
    "eps": 0.04,
    "epsdiluted": 0.04,
    "weightedAverageShsOut": 162107977,
    "weightedAverageShsOutDil": 162107977,
    "link": "https://www.sec.gov/Archives/edgar/data/1411494/000141149415000008/0001411494-15-000008-index.htm",
    "finalLink": "https://www.sec.gov/Archives/edgar/data/1411494/000141149415000008/apo-1231201410k.htm"
  },
  {
    "date": "2014-09-30",
    "symbol": "APO",
    "reportedCurrency": "USD",
    "cik": "0001858681",
    "fillingDate": "2014-11-07",
    "acceptedDate": "2014-11-07 16:36:19",
    "calendarYear": "2014",
    "period": "Q3",
    "revenue": 221135000,
    "costOfRevenue": 98585000,
    "grossProfit": 122550000,
    "grossProfitRatio": 0.5541863568,
    "researchAndDevelopmentExpenses": 0,
    "generalAndAdministrativeExpenses": 51504000,
    "sellingAndMarketingExpenses": 0,
    "sellingGeneralAndAdministrativeExpenses": 51504000,
    "otherExpenses": 11150000,
    "operatingExpenses": 62654000,
    "costAndExpenses": 161239000,
    "interestIncome": 2243000,
    "interestExpense": 7389000,
    "depreciationAndAmortization": 11150000,
    "ebitda": -19849000,
    "ebitdaratio": -0.0897596491,
    "operatingIncome": 59896000,
    "operatingIncomeRatio": 0.2708571687,
    "totalOtherIncomeExpensesNet": -98284000,
    "incomeBeforeTax": -38388000,
    "incomeBeforeTaxRatio": -0.1735953151,
    "incomeTaxExpense": 29376000,
    "netIncome": 2210000,
    "netIncomeRatio": 0.0099938951,
    "eps": -0.05,
    "epsdiluted": -0.05,
    "weightedAverageShsOut": 158466602,
    "weightedAverageShsOutDil": 158466602,
    "link": "https://www.sec.gov/Archives/edgar/data/1411494/000141149414000036/0001411494-14-000036-index.html",
    "finalLink": "https://www.sec.gov/Archives/edgar/data/1411494/000141149414000036/apo-930201410q.htm"
  },
  {
    "date": "2014-06-30",
    "symbol": "APO",
    "reportedCurrency": "USD",
    "cik": "0001858681",
    "fillingDate": "2014-08-11",
    "acceptedDate": "2014-08-11 17:07:52",
    "calendarYear": "2014",
    "period": "Q2",
    "revenue": 572152000,
    "costOfRevenue": 279321000,
    "grossProfit": 292831000,
    "grossProfitRatio": 0.5118063032,
    "researchAndDevelopmentExpenses": 0,
    "generalAndAdministrativeExpenses": 55920000,
    "sellingAndMarketingExpenses": 0,
    "sellingGeneralAndAdministrativeExpenses": 55920000,
    "otherExpenses": 11115000,
    "operatingExpenses": 67035000,
    "costAndExpenses": 346356000,
    "interestIncome": 2726000,
    "interestExpense": 4524000,
    "depreciationAndAmortization": 11115000,
    "ebitda": 302978000,
    "ebitdaratio": 0.529541101,
    "operatingIncome": 225796000,
    "operatingIncomeRatio": 0.3946433815,
    "totalOtherIncomeExpensesNet": 61543000,
    "incomeBeforeTax": 287339000,
    "incomeBeforeTaxRatio": 0.5022074554,
    "incomeTaxExpense": 35037000,
    "netIncome": 71668000,
    "netIncomeRatio": 0.1252604203,
    "eps": 0.33,
    "epsdiluted": 0.33,
    "weightedAverageShsOut": 152852427,
    "weightedAverageShsOutDil": 152852427,
    "link": "https://www.sec.gov/Archives/edgar/data/1411494/000141149414000028/0001411494-14-000028-index.html",
    "finalLink": "https://www.sec.gov/Archives/edgar/data/1411494/000141149414000028/apo-6302014x10q.htm"
  },
  {
    "date": "2014-03-31",
    "symbol": "APO",
    "reportedCurrency": "USD",
    "cik": "0001858681",
    "fillingDate": "2014-05-09",
    "acceptedDate": "2014-05-09 16:57:46",
    "calendarYear": "2014",
    "period": "Q1",
    "revenue": 491400000,
    "costOfRevenue": 243467000,
    "grossProfit": 247933000,
    "grossProfitRatio": 0.5045441595,
    "researchAndDevelopmentExpenses": 0,
    "generalAndAdministrativeExpenses": 54033000,
    "sellingAndMarketingExpenses": 0,
    "sellingGeneralAndAdministrativeExpenses": 54033000,
    "otherExpenses": 11719000,
    "operatingExpenses": 65752000,
    "costAndExpenses": 309219000,
    "interestIncome": 3328000,
    "interestExpense": 3114000,
    "depreciationAndAmortization": 11719000,
    "ebitda": 507026000,
    "ebitdaratio": 1.0317989418,
    "operatingIncome": 182181000,
    "operatingIncomeRatio": 0.3707387057,
    "totalOtherIncomeExpensesNet": 310012000,
    "incomeBeforeTax": 492193000,
    "incomeBeforeTaxRatio": 1.0016137566,
    "incomeTaxExpense": 32549000,
    "netIncome": 72169000,
    "netIncomeRatio": 0.1468640619,
    "eps": 0.32,
    "epsdiluted": 0.32,
    "weightedAverageShsOut": 147776519,
    "weightedAverageShsOutDil": 147776519,
    "link": "https://www.sec.gov/Archives/edgar/data/1411494/000141149414000021/0001411494-14-000021-index.html",
    "finalLink": "https://www.sec.gov/Archives/edgar/data/1411494/000141149414000021/apo-3312014x10q.htm"
  },
  {
    "date": "2013-12-31",
    "symbol": "APO",
    "reportedCurrency": "USD",
    "cik": "0001858681",
    "fillingDate": "2013-12-31",
    "acceptedDate": "2013-12-30 19:00:00",
    "calendarYear": "2013",
    "period": "Q4",
    "revenue": 795148000,
    "costOfRevenue": 285266000,
    "grossProfit": 509882000,
    "grossProfitRatio": 0.6412416305,
    "researchAndDevelopmentExpenses": 0,
    "generalAndAdministrativeExpenses": 64577000,
    "sellingAndMarketingExpenses": 0,
    "sellingGeneralAndAdministrativeExpenses": 64577000,
    "otherExpenses": 12638000,
    "operatingExpenses": 77215000,
    "costAndExpenses": 362481000,
    "interestIncome": 2822000,
    "interestExpense": 6969000,
    "depreciationAndAmortization": 12638000,
    "ebitda": 773423000,
    "ebitdaratio": 0.9726780423,
    "operatingIncome": 432667000,
    "operatingIncomeRatio": 0.5441339222,
    "totalOtherIncomeExpensesNet": 321149000,
    "incomeBeforeTax": 753816000,
    "incomeBeforeTaxRatio": 0.9480197397,
    "incomeTaxExpense": 23647000,
    "netIncome": 159160000,
    "netIncomeRatio": 0.2001639946,
    "eps": 0.94,
    "epsdiluted": 0.93,
    "weightedAverageShsOut": 145132700,
    "weightedAverageShsOutDil": 148542859,
    "link": "",
    "finalLink": ""
  },
  {
    "date": "2013-09-30",
    "symbol": "APO",
    "reportedCurrency": "USD",
    "cik": "0001858681",
    "fillingDate": "2013-09-30",
    "acceptedDate": "2013-09-29 20:00:00",
    "calendarYear": "2013",
    "period": "Q3",
    "revenue": 1132089000,
    "costOfRevenue": 526640000,
    "grossProfit": 605449000,
    "grossProfitRatio": 0.5348068924,
    "researchAndDevelopmentExpenses": 0,
    "generalAndAdministrativeExpenses": 50321000,
    "sellingAndMarketingExpenses": 0,
    "sellingGeneralAndAdministrativeExpenses": 50321000,
    "otherExpenses": 12790000,
    "operatingExpenses": 63111000,
    "costAndExpenses": 589751000,
    "interestIncome": 3304000,
    "interestExpense": 7179000,
    "depreciationAndAmortization": 12790000,
    "ebitda": 762763000,
    "ebitdaratio": 0.6737659318,
    "operatingIncome": 542338000,
    "operatingIncomeRatio": 0.4790595086,
    "totalOtherIncomeExpensesNet": 200456000,
    "incomeBeforeTax": 742794000,
    "incomeBeforeTaxRatio": 0.6561268593,
    "incomeTaxExpense": 47204000,
    "netIncome": 192516000,
    "netIncomeRatio": 0.1700537679,
    "eps": 1.13,
    "epsdiluted": 1.13,
    "weightedAverageShsOut": 142829913,
    "weightedAverageShsOutDil": 146212984,
    "link": "",
    "finalLink": ""
  },
  {
    "date": "2013-06-30",
    "symbol": "APO",
    "reportedCurrency": "USD",
    "cik": "0001858681",
    "fillingDate": "2013-06-30",
    "acceptedDate": "2013-06-29 20:00:00",
    "calendarYear": "2013",
    "period": "Q2",
    "revenue": 497261000,
    "costOfRevenue": 240027000,
    "grossProfit": 257234000,
    "grossProfitRatio": 0.5173017791,
    "researchAndDevelopmentExpenses": 0,
    "generalAndAdministrativeExpenses": 57851000,
    "sellingAndMarketingExpenses": 0,
    "sellingGeneralAndAdministrativeExpenses": 57851000,
    "otherExpenses": 14195000,
    "operatingExpenses": 72046000,
    "costAndExpenses": 312073000,
    "interestIncome": 3049000,
    "interestExpense": 7594000,
    "depreciationAndAmortization": 14195000,
    "ebitda": 188098000,
    "ebitdaratio": 0.3782681529,
    "operatingIncome": 185188000,
    "operatingIncomeRatio": 0.3724160954,
    "totalOtherIncomeExpensesNet": -18879000,
    "incomeBeforeTax": 166309000,
    "incomeBeforeTaxRatio": 0.3344501177,
    "incomeTaxExpense": 18139000,
    "netIncome": 58737000,
    "netIncomeRatio": 0.1181210672,
    "eps": 0.32,
    "epsdiluted": 0.32,
    "weightedAverageShsOut": 137289147,
    "weightedAverageShsOutDil": 137289147,
    "link": "",
    "finalLink": ""
  },
  {
    "date": "2013-03-31",
    "symbol": "APO",
    "reportedCurrency": "USD",
    "cik": "0001858681",
    "fillingDate": "2013-03-31",
    "acceptedDate": "2013-03-30 20:00:00",
    "calendarYear": "2013",
    "period": "Q1",
    "revenue": 1309073000,
    "costOfRevenue": 542302000,
    "grossProfit": 766771000,
    "grossProfitRatio": 0.5857358604,
    "researchAndDevelopmentExpenses": 0,
    "generalAndAdministrativeExpenses": 48806000,
    "sellingAndMarketingExpenses": 0,
    "sellingGeneralAndAdministrativeExpenses": 48806000,
    "otherExpenses": 14618000,
    "operatingExpenses": 63424000,
    "costAndExpenses": 605726000,
    "interestIncome": 3091000,
    "interestExpense": 7518000,
    "depreciationAndAmortization": 14618000,
    "ebitda": 840780000,
    "ebitdaratio": 0.6422712866,
    "operatingIncome": 703347000,
    "operatingIncomeRatio": 0.5372863087,
    "totalOtherIncomeExpensesNet": 115297000,
    "incomeBeforeTax": 818644000,
    "incomeBeforeTaxRatio": 0.6253616108,
    "incomeTaxExpense": 18579000,
    "netIncome": 248978000,
    "netIncomeRatio": 0.1901941297,
    "eps": 1.6,
    "epsdiluted": 1.59,
    "weightedAverageShsOut": 131249034,
    "weightedAverageShsOutDil": 136019801,
    "link": "",
    "finalLink": ""
  },
  {
    "date": "2012-12-31",
    "symbol": "APO",
    "reportedCurrency": "USD",
    "cik": "0001858681",
    "fillingDate": "2012-12-31",
    "acceptedDate": "2012-12-30 19:00:00",
    "calendarYear": "2012",
    "period": "Q4",
    "revenue": 1159221000,
    "costOfRevenue": 598628000,
    "grossProfit": 560593000,
    "grossProfitRatio": 0.4835945864,
    "researchAndDevelopmentExpenses": 0,
    "generalAndAdministrativeExpenses": 0,
    "sellingAndMarketingExpenses": 0,
    "sellingGeneralAndAdministrativeExpenses": 64769000,
    "otherExpenses": 16215000,
    "operatingExpenses": 80984000,
    "costAndExpenses": 679612000,
    "interestIncome": 2600000,
    "interestExpense": 8033000,
    "depreciationAndAmortization": 16215000,
    "ebitda": 626912000,
    "ebitdaratio": 0.5408045575,
    "operatingIncome": 479609000,
    "operatingIncomeRatio": 0.4137338782,
    "totalOtherIncomeExpensesNet": 123055000,
    "incomeBeforeTax": 602664000,
    "incomeBeforeTaxRatio": 0.5198870621,
    "incomeTaxExpense": 18283000,
    "netIncome": 171509000,
    "netIncomeRatio": 0.1479519436,
    "eps": 1.12,
    "epsdiluted": 1.12,
    "weightedAverageShsOut": 130027037,
    "weightedAverageShsOutDil": 132678221,
    "link": "",
    "finalLink": ""
  },
  {
    "date": "2012-09-30",
    "symbol": "APO",
    "reportedCurrency": "USD",
    "cik": "0001858681",
    "fillingDate": "2012-11-14",
    "acceptedDate": "2012-11-14 21:46:19",
    "calendarYear": "2012",
    "period": "Q3",
    "revenue": 712373000,
    "costOfRevenue": 446851000,
    "grossProfit": 265522000,
    "grossProfitRatio": 0.3727288934,
    "researchAndDevelopmentExpenses": 0,
    "generalAndAdministrativeExpenses": 45162000,
    "sellingAndMarketingExpenses": 0,
    "sellingGeneralAndAdministrativeExpenses": 45162000,
    "otherExpenses": 16567000,
    "operatingExpenses": 61729000,
    "costAndExpenses": 508580000,
    "interestIncome": 3277000,
    "interestExpense": 7136000,
    "depreciationAndAmortization": 16567000,
    "ebitda": 243416000,
    "ebitdaratio": 0.3416973973,
    "operatingIncome": 203793000,
    "operatingIncomeRatio": 0.286076255,
    "totalOtherIncomeExpensesNet": 15920000,
    "incomeBeforeTax": 219713000,
    "incomeBeforeTaxRatio": 0.308424098,
    "incomeTaxExpense": 21917000,
    "netIncome": 82791000,
    "netIncomeRatio": 0.1162186102,
    "eps": 0.55,
    "epsdiluted": 0.55,
    "weightedAverageShsOut": 128980438,
    "weightedAverageShsOutDil": 131635202,
    "link": "https://www.sec.gov/Archives/edgar/data/1411494/000119312512470963/0001193125-12-470963-index.html",
    "finalLink": "https://www.sec.gov/Archives/edgar/data/1411494/000119312512470963/d410610d10q.htm"
  },
  {
    "date": "2012-06-30",
    "symbol": "APO",
    "reportedCurrency": "USD",
    "cik": "0001858681",
    "fillingDate": "2012-08-14",
    "acceptedDate": "2012-08-14 17:24:03",
    "calendarYear": "2012",
    "period": "Q2",
    "revenue": 211628000,
    "costOfRevenue": 236886000,
    "grossProfit": -25258000,
    "grossProfitRatio": -0.1193509365,
    "researchAndDevelopmentExpenses": 0,
    "generalAndAdministrativeExpenses": 49397000,
    "sellingAndMarketingExpenses": 0,
    "sellingGeneralAndAdministrativeExpenses": 49397000,
    "otherExpenses": 11981000,
    "operatingExpenses": 61378000,
    "costAndExpenses": 298264000,
    "interestIncome": 2202000,
    "interestExpense": 10567000,
    "depreciationAndAmortization": 11982000,
    "ebitda": 1867676000,
    "ebitdaratio": 8.8252783186,
    "operatingIncome": -86636000,
    "operatingIncomeRatio": -0.4093787212,
    "totalOtherIncomeExpensesNet": 1931763000,
    "incomeBeforeTax": 1845127000,
    "incomeBeforeTaxRatio": 8.7187281456,
    "incomeTaxExpense": 10650000,
    "netIncome": -41386000,
    "netIncomeRatio": -0.1955601338,
    "eps": -0.38,
    "epsdiluted": -0.38,
    "weightedAverageShsOut": 126457443,
    "weightedAverageShsOutDil": 126457443,
    "link": "https://www.sec.gov/Archives/edgar/data/1411494/000119312512355968/0001193125-12-355968-index.html",
    "finalLink": "https://www.sec.gov/Archives/edgar/data/1411494/000119312512355968/d265814d10q.htm"
  },
  {
    "date": "2012-03-31",
    "symbol": "APO",
    "reportedCurrency": "USD",
    "cik": "0001858681",
    "fillingDate": "2012-05-11",
    "acceptedDate": "2012-05-11 16:14:45",
    "calendarYear": "2012",
    "period": "Q1",
    "revenue": 776743000,
    "costOfRevenue": 462996000,
    "grossProfit": 313747000,
    "grossProfitRatio": 0.4039263952,
    "researchAndDevelopmentExpenses": 0,
    "generalAndAdministrativeExpenses": 39460000,
    "sellingAndMarketingExpenses": 0,
    "sellingGeneralAndAdministrativeExpenses": 39460000,
    "otherExpenses": 20774000,
    "operatingExpenses": 60234000,
    "costAndExpenses": 523230000,
    "interestIncome": 1614000,
    "interestExpense": 11380000,
    "depreciationAndAmortization": 8472000,
    "ebitda": 465554000,
    "ebitdaratio": 0.5993668433,
    "operatingIncome": 253513000,
    "operatingIncomeRatio": 0.3263795103,
    "totalOtherIncomeExpensesNet": 192188000,
    "incomeBeforeTax": 445701000,
    "incomeBeforeTaxRatio": 0.5738075528,
    "incomeTaxExpense": 14560000,
    "netIncome": 98043000,
    "netIncomeRatio": 0.1262232167,
    "eps": 0.66,
    "epsdiluted": 0.66,
    "weightedAverageShsOut": 125269253,
    "weightedAverageShsOutDil": 127515663,
    "link": "https://www.sec.gov/Archives/edgar/data/1411494/000119312512228418/0001193125-12-228418-index.htm",
    "finalLink": "https://www.sec.gov/Archives/edgar/data/1411494/000119312512228418/d337216d10q.htm"
  },
  {
    "date": "2011-12-31",
    "symbol": "APO",
    "reportedCurrency": "USD",
    "cik": "0001858681",
    "fillingDate": "2012-03-09",
    "acceptedDate": "2012-03-09 16:38:14",
    "calendarYear": "2011",
    "period": "Q4",
    "revenue": 645994000,
    "costOfRevenue": 549565000,
    "grossProfit": 96429000,
    "grossProfitRatio": 0.1492722843,
    "researchAndDevelopmentExpenses": 0,
    "generalAndAdministrativeExpenses": 0,
    "sellingAndMarketingExpenses": 0,
    "sellingGeneralAndAdministrativeExpenses": 56027000,
    "otherExpenses": 3520000,
    "operatingExpenses": 59547000,
    "costAndExpenses": 609112000,
    "interestIncome": 3191000,
    "interestExpense": 9851000,
    "depreciationAndAmortization": 6625000,
    "ebitda": 329166000,
    "ebitdaratio": 0.5095496243,
    "operatingIncome": 36882000,
    "operatingIncomeRatio": 0.0570934095,
    "totalOtherIncomeExpensesNet": 275808000,
    "incomeBeforeTax": 312690000,
    "incomeBeforeTaxRatio": 0.4840447434,
    "incomeTaxExpense": 19406000,
    "netIncome": 10933000,
    "netIncomeRatio": 0.0169243058,
    "eps": 0,
    "epsdiluted": 0,
    "weightedAverageShsOut": 0,
    "weightedAverageShsOutDil": 0,
    "link": "https://www.sec.gov/Archives/edgar/data/1411494/000119312512107084/0001193125-12-107084-index.html",
    "finalLink": "https://www.sec.gov/Archives/edgar/data/1411494/000119312512107084/d281180d10k.htm"
  },
  {
    "date": "2011-09-30",
    "symbol": "APO",
    "reportedCurrency": "USD",
    "cik": "0001858681",
    "fillingDate": "2011-11-09",
    "acceptedDate": "2011-11-08 17:51:11",
    "calendarYear": "2011",
    "period": "Q3",
    "revenue": -1479580000,
    "costOfRevenue": -210490000,
    "grossProfit": -1269090000,
    "grossProfitRatio": 0.857736655,
    "researchAndDevelopmentExpenses": 0,
    "generalAndAdministrativeExpenses": 0,
    "sellingAndMarketingExpenses": 0,
    "sellingGeneralAndAdministrativeExpenses": 35913000,
    "otherExpenses": 6687000,
    "operatingExpenses": 42600000,
    "costAndExpenses": -167890000,
    "interestIncome": 670000,
    "interestExpense": 9790000,
    "depreciationAndAmortization": 6687000,
    "ebitda": -1747313000,
    "ebitdaratio": 1.1809520269,
    "operatingIncome": -1311690000,
    "operatingIncomeRatio": 0.8865286095,
    "totalOtherIncomeExpensesNet": -452100000,
    "incomeBeforeTax": -1763790000,
    "incomeBeforeTaxRatio": 1.1920882953,
    "incomeTaxExpense": -19847000,
    "netIncome": -466926000,
    "netIncomeRatio": 0.3155800971,
    "eps": -3.86,
    "epsdiluted": -3.86,
    "weightedAverageShsOut": 122381069,
    "weightedAverageShsOutDil": 122381069,
    "link": "https://www.sec.gov/Archives/edgar/data/1411494/000119312511302516/0001193125-11-302516-index.html",
    "finalLink": "https://www.sec.gov/Archives/edgar/data/1411494/000119312511302516/d237794d10q.htm"
  },
  {
    "date": "2011-06-30",
    "symbol": "APO",
    "reportedCurrency": "USD",
    "cik": "0001858681",
    "fillingDate": "2011-08-10",
    "acceptedDate": "2011-08-10 16:27:06",
    "calendarYear": "2011",
    "period": "Q2",
    "revenue": 308876000,
    "costOfRevenue": 418783000,
    "grossProfit": -109907000,
    "grossProfitRatio": -0.3558288763,
    "researchAndDevelopmentExpenses": 0,
    "generalAndAdministrativeExpenses": 0,
    "sellingAndMarketingExpenses": 0,
    "sellingGeneralAndAdministrativeExpenses": 43994000,
    "otherExpenses": 6902000,
    "operatingExpenses": 50896000,
    "costAndExpenses": 469679000,
    "interestIncome": 612000,
    "interestExpense": 10327000,
    "depreciationAndAmortization": 6902000,
    "ebitda": -83866000,
    "ebitdaratio": -0.2715199627,
    "operatingIncome": -160803000,
    "operatingIncomeRatio": -0.520606975,
    "totalOtherIncomeExpensesNet": 59708000,
    "incomeBeforeTax": -101095000,
    "incomeBeforeTaxRatio": -0.3272996283,
    "incomeTaxExpense": 3550000,
    "netIncome": -50989000,
    "netIncomeRatio": -0.1650791904,
    "eps": -0.46,
    "epsdiluted": -0.46,
    "weightedAverageShsOut": 120963248,
    "weightedAverageShsOutDil": 120963248,
    "link": "https://www.sec.gov/Archives/edgar/data/1411494/000119312511218164/0001193125-11-218164-index.html",
    "finalLink": "https://www.sec.gov/Archives/edgar/data/1411494/000119312511218164/d10q.htm"
  },
  {
    "date": "2011-03-31",
    "symbol": "APO",
    "reportedCurrency": "USD",
    "cik": "0001858681",
    "fillingDate": "2011-03-31",
    "acceptedDate": "2011-03-30 20:00:00",
    "calendarYear": "2011",
    "period": "Q1",
    "revenue": 696342000,
    "costOfRevenue": 582920000,
    "grossProfit": 113422000,
    "grossProfitRatio": 0.1628826065,
    "researchAndDevelopmentExpenses": 0,
    "generalAndAdministrativeExpenses": 624653000,
    "sellingAndMarketingExpenses": -582920000,
    "sellingGeneralAndAdministrativeExpenses": 41733000,
    "otherExpenses": 16928000,
    "operatingExpenses": 58661000,
    "costAndExpenses": 641581000,
    "interestIncome": 258000,
    "interestExpense": 10882000,
    "depreciationAndAmortization": 6046000,
    "ebitda": 276853000,
    "ebitdaratio": 0.3975819353,
    "operatingIncome": 54761000,
    "operatingIncomeRatio": 0.0786409552,
    "totalOtherIncomeExpensesNet": 205164000,
    "incomeBeforeTax": 259925000,
    "incomeBeforeTaxRatio": 0.3732720416,
    "incomeTaxExpense": 8820000,
    "netIncome": 38156000,
    "netIncomeRatio": 0.054794914,
    "eps": 0.33,
    "epsdiluted": 0.33,
    "weightedAverageShsOut": 98215736,
    "weightedAverageShsOutDil": 98509109,
    "link": "",
    "finalLink": ""
  },
  {
    "date": "2010-12-31",
    "symbol": "APO",
    "reportedCurrency": "USD",
    "cik": "0001858681",
    "fillingDate": "2010-12-31",
    "acceptedDate": "2010-12-30 19:00:00",
    "calendarYear": "2010",
    "period": "Q4",
    "revenue": 1348373000,
    "costOfRevenue": 790623000,
    "grossProfit": 557750000,
    "grossProfitRatio": 0.413646669,
    "researchAndDevelopmentExpenses": 0,
    "generalAndAdministrativeExpenses": 0,
    "sellingAndMarketingExpenses": 0,
    "sellingGeneralAndAdministrativeExpenses": 49272000,
    "otherExpenses": 13116000,
    "operatingExpenses": 62388000,
    "costAndExpenses": 853011000,
    "interestIncome": 507000,
    "interestExpense": 7772000,
    "depreciationAndAmortization": 6229000,
    "ebitda": 844313000,
    "ebitdaratio": 0.6261716899,
    "operatingIncome": 495362000,
    "operatingIncomeRatio": 0.3673775728,
    "totalOtherIncomeExpensesNet": 334950000,
    "incomeBeforeTax": 830312000,
    "incomeBeforeTaxRatio": 0.6157880646,
    "incomeTaxExpense": 44099000,
    "netIncome": 206283000,
    "netIncomeRatio": 0.1529865994,
    "eps": 0,
    "epsdiluted": 0,
    "weightedAverageShsOut": 0,
    "weightedAverageShsOutDil": 0,
    "link": "",
    "finalLink": ""
  },
  {
    "date": "2010-09-30",
    "symbol": "APO",
    "reportedCurrency": "USD",
    "cik": "0001858681",
    "fillingDate": "2010-09-30",
    "acceptedDate": "2010-09-29 20:00:00",
    "calendarYear": "2010",
    "period": "Q3",
    "revenue": 458651000,
    "costOfRevenue": 463853000,
    "grossProfit": -5202000,
    "grossProfitRatio": -0.0113419572,
    "researchAndDevelopmentExpenses": 0,
    "generalAndAdministrativeExpenses": 0,
    "sellingAndMarketingExpenses": 0,
    "sellingGeneralAndAdministrativeExpenses": 29729000,
    "otherExpenses": 5081000,
    "operatingExpenses": 34810000,
    "costAndExpenses": 498663000,
    "interestIncome": 359000,
    "interestExpense": 7340000,
    "depreciationAndAmortization": 5874000,
    "ebitda": 176402000,
    "ebitdaratio": 0.3846105209,
    "operatingIncome": -40012000,
    "operatingIncomeRatio": -0.0872384449,
    "totalOtherIncomeExpensesNet": 203200000,
    "incomeBeforeTax": 163188000,
    "incomeBeforeTaxRatio": 0.3557999437,
    "incomeTaxExpense": 30856000,
    "netIncome": 24140000,
    "netIncomeRatio": 0.0526326117,
    "eps": 0.23,
    "epsdiluted": 0.23,
    "weightedAverageShsOut": 97757567,
    "weightedAverageShsOutDil": 97757567,
    "link": "",
    "finalLink": ""
  },
  {
    "date": "2010-06-30",
    "symbol": "APO",
    "reportedCurrency": "USD",
    "cik": "0001858681",
    "fillingDate": "2010-06-30",
    "acceptedDate": "2010-06-29 20:00:00",
    "calendarYear": "2010",
    "period": "Q2",
    "revenue": 79280000,
    "costOfRevenue": 313997000,
    "grossProfit": -234717000,
    "grossProfitRatio": -2.9606079717,
    "researchAndDevelopmentExpenses": 0,
    "generalAndAdministrativeExpenses": 27209000,
    "sellingAndMarketingExpenses": 5361000,
    "sellingGeneralAndAdministrativeExpenses": 32570000,
    "otherExpenses": 6041000,
    "operatingExpenses": 38611000,
    "costAndExpenses": 352608000,
    "interestIncome": 300000,
    "interestExpense": 9502000,
    "depreciationAndAmortization": 6041000,
    "ebitda": -273872000,
    "ebitdaratio": -3.4544904137,
    "operatingIncome": -273328000,
    "operatingIncomeRatio": -3.4476286579,
    "totalOtherIncomeExpensesNet": -16087000,
    "incomeBeforeTax": -289415000,
    "incomeBeforeTaxRatio": -3.6505423814,
    "incomeTaxExpense": 12727000,
    "netIncome": -75124000,
    "netIncomeRatio": -0.9475782038,
    "eps": -0.79,
    "epsdiluted": -0.79,
    "weightedAverageShsOut": 96346032,
    "weightedAverageShsOutDil": 96346032,
    "link": "",
    "finalLink": ""
  },
  {
    "date": "2010-03-31",
    "symbol": "APO",
    "reportedCurrency": "USD",
    "cik": "0001858681",
    "fillingDate": "2010-03-31",
    "acceptedDate": "2010-03-30 20:00:00",
    "calendarYear": "2010",
    "period": "Q1",
    "revenue": 223594000,
    "costOfRevenue": 0,
    "grossProfit": 223594000,
    "grossProfitRatio": 1,
    "researchAndDevelopmentExpenses": 0,
    "generalAndAdministrativeExpenses": 411563000,
    "sellingAndMarketingExpenses": 0,
    "sellingGeneralAndAdministrativeExpenses": 411563000,
    "otherExpenses": 16927000,
    "operatingExpenses": 428490000,
    "costAndExpenses": 428490000,
    "interestIncome": 362000,
    "interestExpense": 10822000,
    "depreciationAndAmortization": 6105000,
    "ebitda": -52197000,
    "ebitdaratio": -0.2334454413,
    "operatingIncome": -204896000,
    "operatingIncomeRatio": -0.9163752158,
    "totalOtherIncomeExpensesNet": 135772000,
    "incomeBeforeTax": -69124000,
    "incomeBeforeTaxRatio": -0.3091496194,
    "incomeTaxExpense": 4055000,
    "netIncome": -60682000,
    "netIncomeRatio": -0.2713936868,
    "eps": -0.63,
    "epsdiluted": -0.63,
    "weightedAverageShsOut": 95784872,
    "weightedAverageShsOutDil": 95784872,
    "link": "",
    "finalLink": ""
  },
  {
    "date": "2009-12-31",
    "symbol": "APO",
    "reportedCurrency": "USD",
    "cik": "0001858681",
    "fillingDate": "2009-12-31",
    "acceptedDate": "2009-12-30 19:00:00",
    "calendarYear": "2009",
    "period": "Q4",
    "revenue": 454609000,
    "costOfRevenue": 1495010000,
    "grossProfit": -1040401000,
    "grossProfitRatio": -2.288562259,
    "researchAndDevelopmentExpenses": 0,
    "generalAndAdministrativeExpenses": 0,
    "sellingAndMarketingExpenses": 0,
    "sellingGeneralAndAdministrativeExpenses": -1004158000,
    "otherExpenses": 22516000,
    "operatingExpenses": -981642000,
    "costAndExpenses": 513368000,
    "interestIncome": 420000,
    "interestExpense": 11875000,
    "depreciationAndAmortization": 6130000,
    "ebitda": 41256000,
    "ebitdaratio": 0.0907505131,
    "operatingIncome": -58759000,
    "operatingIncomeRatio": -0.1292517306,
    "totalOtherIncomeExpensesNet": 82010000,
    "incomeBeforeTax": 23251000,
    "incomeBeforeTaxRatio": 0.0511450499,
    "incomeTaxExpense": 3581000,
    "netIncome": 5049000,
    "netIncomeRatio": 0.0111062473,
    "eps": 0,
    "epsdiluted": 0,
    "weightedAverageShsOut": 0,
    "weightedAverageShsOutDil": 0,
    "link": "",
    "finalLink": ""
  },
  {
    "date": "2009-09-30",
    "symbol": "APO",
    "reportedCurrency": "USD",
    "cik": "0001858681",
    "fillingDate": "2009-09-30",
    "acceptedDate": "2009-09-29 20:00:00",
    "calendarYear": "2009",
    "period": "Q3",
    "revenue": 213685000,
    "costOfRevenue": 348303000,
    "grossProfit": -134618000,
    "grossProfitRatio": -0.6299833868,
    "researchAndDevelopmentExpenses": 0,
    "generalAndAdministrativeExpenses": 377726000,
    "sellingAndMarketingExpenses": -348303000,
    "sellingGeneralAndAdministrativeExpenses": 29423000,
    "otherExpenses": 14539000,
    "operatingExpenses": 43962000,
    "costAndExpenses": 392265000,
    "interestIncome": 329000,
    "interestExpense": 12272000,
    "depreciationAndAmortization": 6071000,
    "ebitda": 194460000,
    "ebitdaratio": 0.9100311206,
    "operatingIncome": -178580000,
    "operatingIncomeRatio": -0.8357161242,
    "totalOtherIncomeExpensesNet": 354697000,
    "incomeBeforeTax": 176117000,
    "incomeBeforeTaxRatio": 0.8241898121,
    "incomeTaxExpense": 18017000,
    "netIncome": -46671000,
    "netIncomeRatio": -0.2184102768,
    "eps": -0.48,
    "epsdiluted": -0.48,
    "weightedAverageShsOut": 97945721,
    "weightedAverageShsOutDil": 97945721,
    "link": "",
    "finalLink": ""
  },
  {
    "date": "2009-06-30",
    "symbol": "APO",
    "reportedCurrency": "USD",
    "cik": "0001858681",
    "fillingDate": "2009-06-30",
    "acceptedDate": "2009-06-29 20:00:00",
    "calendarYear": "2009",
    "period": "Q2",
    "revenue": 141709000,
    "costOfRevenue": 342646000,
    "grossProfit": -200937000,
    "grossProfitRatio": -1.4179551052,
    "researchAndDevelopmentExpenses": 0,
    "generalAndAdministrativeExpenses": 22158000,
    "sellingAndMarketingExpenses": 0,
    "sellingGeneralAndAdministrativeExpenses": 22158000,
    "otherExpenses": 13405000,
    "operatingExpenses": 35563000,
    "costAndExpenses": 378209000,
    "interestIncome": 293000,
    "interestExpense": 12748000,
    "depreciationAndAmortization": 6109000,
    "ebitda": 141551000,
    "ebitdaratio": 0.9988850391,
    "operatingIncome": -236500000,
    "operatingIncomeRatio": -1.6689130542,
    "totalOtherIncomeExpensesNet": 359194000,
    "incomeBeforeTax": 122694000,
    "incomeBeforeTaxRatio": 0.8658165678,
    "incomeTaxExpense": 945000,
    "netIncome": -37375000,
    "netIncomeRatio": -0.2637447163,
    "eps": -0.38,
    "epsdiluted": -0.38,
    "weightedAverageShsOut": 97945721,
    "weightedAverageShsOutDil": 97945721,
    "link": "",
    "finalLink": ""
  },
  {
    "date": "2008-12-31",
    "symbol": "APO",
    "reportedCurrency": "USD",
    "cik": "0001858681",
    "fillingDate": "2008-12-31",
    "acceptedDate": "2008-12-30 19:00:00",
    "calendarYear": "2008",
    "period": "Q4",
    "revenue": 20697000,
    "costOfRevenue": 843600000,
    "grossProfit": -822903000,
    "grossProfitRatio": -39.7595303667,
    "researchAndDevelopmentExpenses": 0,
    "generalAndAdministrativeExpenses": 0,
    "sellingAndMarketingExpenses": 0,
    "sellingGeneralAndAdministrativeExpenses": -459615000,
    "otherExpenses": -60318000,
    "operatingExpenses": -519933000,
    "costAndExpenses": 323667000,
    "interestIncome": 3468000,
    "interestExpense": 15360000,
    "depreciationAndAmortization": 5621000,
    "ebitda": -1079621000,
    "ebitdaratio": -52.1631637435,
    "operatingIncome": -302970000,
    "operatingIncomeRatio": -14.6383533845,
    "totalOtherIncomeExpensesNet": -797632000,
    "incomeBeforeTax": -1100602000,
    "incomeBeforeTaxRatio": -53.176885539,
    "incomeTaxExpense": -24990000,
    "netIncome": -245200000,
    "netIncomeRatio": -11.847127603,
    "eps": 0,
    "epsdiluted": 0,
    "weightedAverageShsOut": 0,
    "weightedAverageShsOutDil": 0,
    "link": "",
    "finalLink": ""
  },
  {
    "date": "2008-09-30",
    "symbol": "APO",
    "reportedCurrency": "USD",
    "cik": "0001858681",
    "fillingDate": "2008-09-30",
    "acceptedDate": "2008-09-29 20:00:00",
    "calendarYear": "2008",
    "period": "Q3",
    "revenue": -310311000,
    "costOfRevenue": 0,
    "grossProfit": -310311000,
    "grossProfitRatio": 1,
    "researchAndDevelopmentExpenses": 0,
    "generalAndAdministrativeExpenses": 283266000,
    "sellingAndMarketingExpenses": 0,
    "sellingGeneralAndAdministrativeExpenses": 283266000,
    "otherExpenses": 18080000,
    "operatingExpenses": 301346000,
    "costAndExpenses": 301346000,
    "interestIncome": 4898000,
    "interestExpense": 15499000,
    "depreciationAndAmortization": 5275000,
    "ebitda": -1032331000,
    "ebitdaratio": 3.326762506,
    "operatingIncome": -611657000,
    "operatingIncomeRatio": 1.9711096287,
    "totalOtherIncomeExpensesNet": -441448000,
    "incomeBeforeTax": -1053105000,
    "incomeBeforeTaxRatio": 3.3937082475,
    "incomeTaxExpense": -4670000,
    "netIncome": -481797000,
    "netIncomeRatio": 1.5526262363,
    "eps": -4.92,
    "epsdiluted": -4.92,
    "weightedAverageShsOut": 97945721,
    "weightedAverageShsOutDil": 97945721,
    "link": "",
    "finalLink": ""
  },
  {
    "date": "2008-03-31",
    "symbol": "APO",
    "reportedCurrency": "USD",
    "cik": "0001858681",
    "fillingDate": "2008-03-31",
    "acceptedDate": "2008-03-30 20:00:00",
    "calendarYear": "2008",
    "period": "Q1",
    "revenue": 15429000,
    "costOfRevenue": 268067000,
    "grossProfit": -252638000,
    "grossProfitRatio": -16.3742303455,
    "researchAndDevelopmentExpenses": 0,
    "generalAndAdministrativeExpenses": 0,
    "sellingAndMarketingExpenses": 0,
    "sellingGeneralAndAdministrativeExpenses": 36831000,
    "otherExpenses": 35730000,
    "operatingExpenses": 72561000,
    "costAndExpenses": 340628000,
    "interestIncome": 6752000,
    "interestExpense": 16564000,
    "depreciationAndAmortization": 6336000,
    "ebitda": -440518000,
    "ebitdaratio": -28.5512995009,
    "operatingIncome": -325199000,
    "operatingIncomeRatio": -21.0771274872,
    "totalOtherIncomeExpensesNet": -138219000,
    "incomeBeforeTax": -463418000,
    "incomeBeforeTaxRatio": -30.0355175319,
    "incomeTaxExpense": -2494000,
    "netIncome": -96404000,
    "netIncomeRatio": -6.2482338454,
    "eps": -0.98,
    "epsdiluted": -0.98,
    "weightedAverageShsOut": 97945721,
    "weightedAverageShsOutDil": 97945721,
    "link": "",
    "finalLink": ""
  },
  {
    "date": "2007-03-31",
    "symbol": "APO",
    "reportedCurrency": "USD",
    "cik": "0001858681",
    "fillingDate": "2007-03-31",
    "acceptedDate": "2007-03-30 20:00:00",
    "calendarYear": "2007",
    "period": "Q1",
    "revenue": 124910000,
    "costOfRevenue": 109471000,
    "grossProfit": 15439000,
    "grossProfitRatio": 0.1236009927,
    "researchAndDevelopmentExpenses": 0,
    "generalAndAdministrativeExpenses": 0,
    "sellingAndMarketingExpenses": 0,
    "sellingGeneralAndAdministrativeExpenses": 24860000,
    "otherExpenses": 3756000,
    "operatingExpenses": 28616000,
    "costAndExpenses": 138087000,
    "interestIncome": 14924000,
    "interestExpense": 3253000,
    "depreciationAndAmortization": 830000,
    "ebitda": 836501000,
    "ebitdaratio": 6.6968297174,
    "operatingIncome": -13177000,
    "operatingIncomeRatio": -0.1054919542,
    "totalOtherIncomeExpensesNet": 845595000,
    "incomeBeforeTax": 832418000,
    "incomeBeforeTaxRatio": 6.6641421824,
    "incomeTaxExpense": 1771000,
    "netIncome": 144041000,
    "netIncomeRatio": 1.153158274,
    "eps": 1.47,
    "epsdiluted": 1.47,
    "weightedAverageShsOut": 97945721,
    "weightedAverageShsOutDil": 97945721,
    "link": "",
    "finalLink": ""
  }
]