[
  {
    "date": "2024-12-31",
    "symbol": "APO",
    "reportedCurrency": "USD",
    "cik": "0001858681",
    "fillingDate": "2025-02-24",
    "acceptedDate": "2025-02-24 16:40:05",
    "calendarYear": "2024",
    "period": "FY",
    "revenue": 26114000000,
    "costOfRevenue": 1140000000,
    "grossProfit": 24974000000,
    "grossProfitRatio": 0.9563452554,
    "researchAndDevelopmentExpenses": 0,
    "generalAndAdministrativeExpenses": 2638000000,
    "sellingAndMarketingExpenses": 0,
    "sellingGeneralAndAdministrativeExpenses": 2638000000,
    "otherExpenses": 14037000000,
    "operatingExpenses": 16675000000,
    "costAndExpenses": 17815000000,
    "interestIncome": 172000000,
    "interestExpense": 226000000,
    "depreciationAndAmortization": 1075000000,
    "ebitda": 8849000000,
    "ebitdaratio": 0.3388603814,
    "operatingIncome": 8299000000,
    "operatingIncomeRatio": 0.3177988818,
    "totalOtherIncomeExpensesNet": -864000000,
    "incomeBeforeTax": 7435000000,
    "incomeBeforeTaxRatio": 0.2847131807,
    "incomeTaxExpense": 1062000000,
    "netIncome": 4426000000,
    "netIncomeRatio": 0.1694876312,
    "eps": 7.39,
    "epsdiluted": 7.33,
    "weightedAverageShsOut": 586069166,
    "weightedAverageShsOutDil": 604035992,
    "link": "https://www.sec.gov/Archives/edgar/data/1858681/000185868125000034/0001858681-25-000034-index.htm",
    "finalLink": "https://www.sec.gov/Archives/edgar/data/1858681/000185868125000034/apo-20241231.htm"
  },
  {
    "date": "2023-12-31",
    "symbol": "APO",
    "reportedCurrency": "USD",
    "cik": "0001858681",
    "fillingDate": "2024-02-27",
    "acceptedDate": "2024-02-27 16:08:55",
    "calendarYear": "2023",
    "period": "FY",
    "revenue": 32644000000,
    "costOfRevenue": 1027000000,
    "grossProfit": 31617000000,
    "grossProfitRatio": 0.9685393947,
    "researchAndDevelopmentExpenses": 0,
    "generalAndAdministrativeExpenses": 2567000000,
    "sellingAndMarketingExpenses": 0,
    "sellingGeneralAndAdministrativeExpenses": 2567000000,
    "otherExpenses": 22904000000,
    "operatingExpenses": 25471000000,
    "costAndExpenses": 26498000000,
    "interestIncome": 176000000,
    "interestExpense": 258000000,
    "depreciationAndAmortization": 803000000,
    "ebitda": 6647000000,
    "ebitdaratio": 0.2036208798,
    "operatingIncome": 6146000000,
    "operatingIncomeRatio": 0.1882734959,
    "totalOtherIncomeExpensesNet": -560000000,
    "incomeBeforeTax": 5586000000,
    "incomeBeforeTaxRatio": 0.1711187354,
    "incomeTaxExpense": -923000000,
    "netIncome": 4881000000,
    "netIncomeRatio": 0.1495221174,
    "eps": 8.32,
    "epsdiluted": 8.28,
    "weightedAverageShsOut": 581380268,
    "weightedAverageShsOutDil": 588846447,
    "link": "https://www.sec.gov/Archives/edgar/data/1858681/000185868124000031/0001858681-24-000031-index.htm",
    "finalLink": "https://www.sec.gov/Archives/edgar/data/1858681/000185868124000031/apo-20231231.htm"
  },
  {
    "date": "2022-12-31",
    "symbol": "APO",
    "reportedCurrency": "USD",
    "cik": "0001858681",
    "fillingDate": "2023-03-01",
    "acceptedDate": "2023-02-28 21:48:07",
    "calendarYear": "2022",
    "period": "FY",
    "revenue": 10968000000,
    "costOfRevenue": 927000000,
    "grossProfit": 10041000000,
    "grossProfitRatio": 0.9154814004,
    "researchAndDevelopmentExpenses": 0,
    "generalAndAdministrativeExpenses": 1698000000,
    "sellingAndMarketingExpenses": 0,
    "sellingGeneralAndAdministrativeExpenses": 1698000000,
    "otherExpenses": 12718000000,
    "operatingExpenses": 14416000000,
    "costAndExpenses": 15343000000,
    "interestIncome": 354000000,
    "interestExpense": 124000000,
    "depreciationAndAmortization": 529000000,
    "ebitda": -3496000000,
    "ebitdaratio": -0.3187454413,
    "operatingIncome": -4375000000,
    "operatingIncomeRatio": -0.3988876732,
    "totalOtherIncomeExpensesNet": 129000000,
    "incomeBeforeTax": -4246000000,
    "incomeBeforeTaxRatio": -0.3871261853,
    "incomeTaxExpense": -739000000,
    "netIncome": -2007000000,
    "netIncomeRatio": -0.1829868709,
    "eps": -3.43,
    "epsdiluted": -3.43,
    "weightedAverageShsOut": 584691775,
    "weightedAverageShsOutDil": 584691775,
    "link": "https://www.sec.gov/Archives/edgar/data/1858681/000185868123000007/0001858681-23-000007-index.htm",
    "finalLink": "https://www.sec.gov/Archives/edgar/data/1858681/000185868123000007/apo-20221231.htm"
  },
  {
    "date": "2021-12-31",
    "symbol": "APO",
    "reportedCurrency": "USD",
    "cik": "0001858681",
    "fillingDate": "2021-12-31",
    "acceptedDate": "2021-12-31 00:00:00",
    "calendarYear": "2021",
    "period": "FY",
    "revenue": 5951000000,
    "costOfRevenue": 778000000,
    "grossProfit": 5173000000,
    "grossProfitRatio": 0.8692656696,
    "researchAndDevelopmentExpenses": 0,
    "generalAndAdministrativeExpenses": 3197000000,
    "sellingAndMarketingExpenses": 0,
    "sellingGeneralAndAdministrativeExpenses": 3197000000,
    "otherExpenses": 0,
    "operatingExpenses": 3197000000,
    "costAndExpenses": 3975000000,
    "interestIncome": 746000000,
    "interestExpense": 907000000,
    "depreciationAndAmortization": 27000000,
    "ebitda": 5795000000,
    "ebitdaratio": 0.9737859183,
    "operatingIncome": 1976000000,
    "operatingIncomeRatio": 0.3320450344,
    "totalOtherIncomeExpensesNet": 2885000000,
    "incomeBeforeTax": 4861000000,
    "incomeBeforeTaxRatio": 0.8168375063,
    "incomeTaxExpense": 594000000,
    "netIncome": 1821640000,
    "netIncomeRatio": 0.3061065367,
    "eps": 7.32,
    "epsdiluted": 7.32,
    "weightedAverageShsOut": 236567691,
    "weightedAverageShsOutDil": 236567691,
    "link": null,
    "finalLink": null
  },
  {
    "date": "2020-12-31",
    "symbol": "APO",
    "reportedCurrency": "USD",
    "cik": "0001858681",
    "fillingDate": "2020-12-31",
    "acceptedDate": "2020-12-31 00:00:00",
    "calendarYear": "2020",
    "period": "FY",
    "revenue": 2354000000,
    "costOfRevenue": 628000000,
    "grossProfit": 1726000000,
    "grossProfitRatio": 0.733220051,
    "researchAndDevelopmentExpenses": 0,
    "generalAndAdministrativeExpenses": 818000000,
    "sellingAndMarketingExpenses": 0,
    "sellingGeneralAndAdministrativeExpenses": 818000000,
    "otherExpenses": 0,
    "operatingExpenses": 818000000,
    "costAndExpenses": 1446000000,
    "interestIncome": 440000000,
    "interestExpense": 381000000,
    "depreciationAndAmortization": 19000000,
    "ebitda": 953000000,
    "ebitdaratio": 0.4048428207,
    "operatingIncome": 908000000,
    "operatingIncomeRatio": 0.3857264231,
    "totalOtherIncomeExpensesNet": -355000000,
    "incomeBeforeTax": 553000000,
    "incomeBeforeTaxRatio": 0.2349192863,
    "incomeTaxExpense": 86000000,
    "netIncome": 137658000,
    "netIncomeRatio": 0.0584783347,
    "eps": 0.44,
    "epsdiluted": 0.44,
    "weightedAverageShsOut": 227530600,
    "weightedAverageShsOutDil": 227530600,
    "link": null,
    "finalLink": null
  },
  {
    "date": "2019-12-31",
    "symbol": "APO",
    "reportedCurrency": "USD",
    "cik": "0001858681",
    "fillingDate": "2019-12-31",
    "acceptedDate": "2019-12-31 00:00:00",
    "calendarYear": "2019",
    "period": "FY",
    "revenue": 2931849000,
    "costOfRevenue": 514513000,
    "grossProfit": 2417336000,
    "grossProfitRatio": 0.8245090385,
    "researchAndDevelopmentExpenses": 0,
    "generalAndAdministrativeExpenses": 1076916000,
    "sellingAndMarketingExpenses": 0,
    "sellingGeneralAndAdministrativeExpenses": 1076916000,
    "otherExpenses": 0,
    "operatingExpenses": 1076916000,
    "costAndExpenses": 1591429000,
    "interestIncome": 64746000,
    "interestExpense": 126780000,
    "depreciationAndAmortization": 15758000,
    "ebitda": 1550387000,
    "ebitdaratio": 0.5288086119,
    "operatingIncome": 1340420000,
    "operatingIncomeRatio": 0.4571927135,
    "totalOtherIncomeExpensesNet": 67429000,
    "incomeBeforeTax": 1407849000,
    "incomeBeforeTaxRatio": 0.4801915105,
    "incomeTaxExpense": -128994000,
    "netIncome": 807962000,
    "netIncomeRatio": 0.2755810412,
    "eps": 3.72,
    "epsdiluted": 3.71,
    "weightedAverageShsOut": 207072413,
    "weightedAverageShsOutDil": 208748524,
    "link": null,
    "finalLink": null
  },
  {
    "date": "2018-12-31",
    "symbol": "APO",
    "reportedCurrency": "USD",
    "cik": "0001858681",
    "fillingDate": "2019-03-01",
    "acceptedDate": "2019-03-01 16:08:23",
    "calendarYear": "2018",
    "period": "FY",
    "revenue": 1093065000,
    "costOfRevenue": 459604000,
    "grossProfit": 633461000,
    "grossProfitRatio": 0.5795272925,
    "researchAndDevelopmentExpenses": 0,
    "generalAndAdministrativeExpenses": 381839000,
    "sellingAndMarketingExpenses": 0,
    "sellingGeneralAndAdministrativeExpenses": 381839000,
    "otherExpenses": 0,
    "operatingExpenses": 381839000,
    "costAndExpenses": 841443000,
    "interestIncome": 56266000,
    "interestExpense": 90671000,
    "depreciationAndAmortization": 15233000,
    "ebitda": 211176000,
    "ebitdaratio": 0.193196196,
    "operatingIncome": 251622000,
    "operatingIncomeRatio": 0.2301985701,
    "totalOtherIncomeExpensesNet": -146350000,
    "incomeBeforeTax": 105272000,
    "incomeBeforeTaxRatio": 0.0963090027,
    "incomeTaxExpense": 86021000,
    "netIncome": -28495000,
    "netIncomeRatio": -0.026068898,
    "eps": -0.3009,
    "epsdiluted": -0.3009,
    "weightedAverageShsOut": 199946632,
    "weightedAverageShsOutDil": 199946632,
    "link": "https://www.sec.gov/Archives/edgar/data/1411494/000141149419000016/0001411494-19-000016-index.html",
    "finalLink": "https://www.sec.gov/Archives/edgar/data/1411494/000141149419000016/apo-1231201810k.htm"
  },
  {
    "date": "2017-12-31",
    "symbol": "APO",
    "reportedCurrency": "USD",
    "cik": "0001858681",
    "fillingDate": "2018-02-12",
    "acceptedDate": "2018-02-12 16:55:08",
    "calendarYear": "2017",
    "period": "FY",
    "revenue": 2771803000,
    "costOfRevenue": 1035405000,
    "grossProfit": 1736398000,
    "grossProfitRatio": 0.6264507254,
    "researchAndDevelopmentExpenses": 0,
    "generalAndAdministrativeExpenses": 257858000,
    "sellingAndMarketingExpenses": 0,
    "sellingGeneralAndAdministrativeExpenses": 257858000,
    "otherExpenses": 0,
    "operatingExpenses": 257858000,
    "costAndExpenses": 1293263000,
    "interestIncome": 6421000,
    "interestExpense": 52873000,
    "depreciationAndAmortization": 18379000,
    "ebitda": 1840836000,
    "ebitdaratio": 0.6641294493,
    "operatingIncome": 1478540000,
    "operatingIncomeRatio": 0.5334217475,
    "totalOtherIncomeExpensesNet": 291044000,
    "incomeBeforeTax": 1769584000,
    "incomeBeforeTaxRatio": 0.6384234377,
    "incomeTaxExpense": 325945000,
    "netIncome": 608454000,
    "netIncomeRatio": 0.2195156005,
    "eps": 3.1159,
    "epsdiluted": 3.1032,
    "weightedAverageShsOut": 190931743,
    "weightedAverageShsOutDil": 192581693,
    "link": "https://www.sec.gov/Archives/edgar/data/1411494/000141149418000010/0001411494-18-000010-index.html",
    "finalLink": "https://www.sec.gov/Archives/edgar/data/1411494/000141149418000010/apo-1231201710k.htm"
  },
  {
    "date": "2016-12-31",
    "symbol": "APO",
    "reportedCurrency": "USD",
    "cik": "0001858681",
    "fillingDate": "2017-02-13",
    "acceptedDate": "2017-02-13 17:13:20",
    "calendarYear": "2016",
    "period": "FY",
    "revenue": 2073562000,
    "costOfRevenue": 849187000,
    "grossProfit": 1224375000,
    "grossProfitRatio": 0.5904694434,
    "researchAndDevelopmentExpenses": 0,
    "generalAndAdministrativeExpenses": 247000000,
    "sellingAndMarketingExpenses": 0,
    "sellingGeneralAndAdministrativeExpenses": 247000000,
    "otherExpenses": 0,
    "operatingExpenses": 247000000,
    "costAndExpenses": 1096187000,
    "interestIncome": 4072000,
    "interestExpense": 43482000,
    "depreciationAndAmortization": 18735000,
    "ebitda": 1123231000,
    "ebitdaratio": 0.5416915433,
    "operatingIncome": 977375000,
    "operatingIncomeRatio": 0.4713507481,
    "totalOtherIncomeExpensesNet": 83639000,
    "incomeBeforeTax": 1061014000,
    "incomeBeforeTaxRatio": 0.5116866532,
    "incomeTaxExpense": 90707000,
    "netIncome": 388024000,
    "netIncomeRatio": 0.1871292009,
    "eps": 2.11,
    "epsdiluted": 2.11,
    "weightedAverageShsOut": 183998080,
    "weightedAverageShsOutDil": 183998080,
    "link": "https://www.sec.gov/Archives/edgar/data/1411494/000141149417000009/0001411494-17-000009-index.html",
    "finalLink": "https://www.sec.gov/Archives/edgar/data/1411494/000141149417000009/apo-1231201610k.htm"
  },
  {
    "date": "2015-12-31",
    "symbol": "APO",
    "reportedCurrency": "USD",
    "cik": "0001858681",
    "fillingDate": "2016-02-29",
    "acceptedDate": "2016-02-29 16:42:07",
    "calendarYear": "2015",
    "period": "FY",
    "revenue": 1041670000,
    "costOfRevenue": 537429000,
    "grossProfit": 504241000,
    "grossProfitRatio": 0.484069811,
    "researchAndDevelopmentExpenses": 0,
    "generalAndAdministrativeExpenses": 255061000,
    "sellingAndMarketingExpenses": 0,
    "sellingGeneralAndAdministrativeExpenses": 255061000,
    "otherExpenses": 0,
    "operatingExpenses": 255061000,
    "costAndExpenses": 792490000,
    "interestIncome": 3232000,
    "interestExpense": 30071000,
    "depreciationAndAmortization": 44474000,
    "ebitda": 451773000,
    "ebitdaratio": 0.4337006922,
    "operatingIncome": 249180000,
    "operatingIncomeRatio": 0.2392120345,
    "totalOtherIncomeExpensesNet": 128048000,
    "incomeBeforeTax": 377228000,
    "incomeBeforeTaxRatio": 0.3621377212,
    "incomeTaxExpense": 26733000,
    "netIncome": 106000000,
    "netIncomeRatio": 0.1017596744,
    "eps": 0.61,
    "epsdiluted": 0.61,
    "weightedAverageShsOut": 173271666,
    "weightedAverageShsOutDil": 173271666,
    "link": "https://www.sec.gov/Archives/edgar/data/1411494/000141149416000030/0001411494-16-000030-index.html",
    "finalLink": "https://www.sec.gov/Archives/edgar/data/1411494/000141149416000030/apo-1231201510k.htm"
  },
  {
    "date": "2014-12-31",
    "symbol": "APO",
    "reportedCurrency": "USD",
    "cik": "0001858681",
    "fillingDate": "2015-02-27",
    "acceptedDate": "2015-02-27 16:03:21",
    "calendarYear": "2014",
    "period": "FY",
    "revenue": 1560083000,
    "costOfRevenue": 740559000,
    "grossProfit": 819524000,
    "grossProfitRatio": 0.5253079484,
    "researchAndDevelopmentExpenses": 0,
    "generalAndAdministrativeExpenses": 265189000,
    "sellingAndMarketingExpenses": 0,
    "sellingGeneralAndAdministrativeExpenses": 265189000,
    "otherExpenses": 0,
    "operatingExpenses": 265189000,
    "costAndExpenses": 1005748000,
    "interestIncome": 10392000,
    "interestExpense": 22393000,
    "depreciationAndAmortization": 45069000,
    "ebitda": 944629000,
    "ebitdaratio": 0.6054991946,
    "operatingIncome": 554335000,
    "operatingIncomeRatio": 0.3553240437,
    "totalOtherIncomeExpensesNet": 322832000,
    "incomeBeforeTax": 877167000,
    "incomeBeforeTaxRatio": 0.5622566235,
    "incomeTaxExpense": 147245000,
    "netIncome": 168229000,
    "netIncomeRatio": 0.1078333653,
    "eps": 0.62,
    "epsdiluted": 0.62,
    "weightedAverageShsOut": 155349017,
    "weightedAverageShsOutDil": 155349017,
    "link": "https://www.sec.gov/Archives/edgar/data/1411494/000141149415000008/0001411494-15-000008-index.htm",
    "finalLink": "https://www.sec.gov/Archives/edgar/data/1411494/000141149415000008/apo-1231201410k.htm"
  },
  {
    "date": "2013-12-31",
    "symbol": "APO",
    "reportedCurrency": "USD",
    "cik": "0001858681",
    "fillingDate": "2013-12-31",
    "acceptedDate": "2013-12-30 19:00:00",
    "calendarYear": "2013",
    "period": "FY",
    "revenue": 3733571000,
    "costOfRevenue": 1594235000,
    "grossProfit": 2139336000,
    "grossProfitRatio": 0.572999951,
    "researchAndDevelopmentExpenses": 0,
    "generalAndAdministrativeExpenses": 221555000,
    "sellingAndMarketingExpenses": 0,
    "sellingGeneralAndAdministrativeExpenses": 221555000,
    "otherExpenses": 54241000,
    "operatingExpenses": 275796000,
    "costAndExpenses": 1870031000,
    "interestIncome": 12266000,
    "interestExpense": 29260000,
    "depreciationAndAmortization": 54241000,
    "ebitda": 2565064000,
    "ebitdaratio": 0.6870269777,
    "operatingIncome": 1863540000,
    "operatingIncomeRatio": 0.499130725,
    "totalOtherIncomeExpensesNet": 618023000,
    "incomeBeforeTax": 2481563000,
    "incomeBeforeTaxRatio": 0.6646620621,
    "incomeTaxExpense": 107569000,
    "netIncome": 659391000,
    "netIncomeRatio": 0.1766113461,
    "eps": 4.06,
    "epsdiluted": 4.03,
    "weightedAverageShsOut": 139173386,
    "weightedAverageShsOutDil": 142214350,
    "link": "",
    "finalLink": ""
  },
  {
    "date": "2012-12-31",
    "symbol": "APO",
    "reportedCurrency": "USD",
    "cik": "0001858681",
    "fillingDate": "2012-12-31",
    "acceptedDate": "2012-12-30 19:00:00",
    "calendarYear": "2012",
    "period": "FY",
    "revenue": 2859965000,
    "costOfRevenue": 1745361000,
    "grossProfit": 1114604000,
    "grossProfitRatio": 0.3897264477,
    "researchAndDevelopmentExpenses": 0,
    "generalAndAdministrativeExpenses": 189861000,
    "sellingAndMarketingExpenses": 0,
    "sellingGeneralAndAdministrativeExpenses": 189861000,
    "otherExpenses": 112623000,
    "operatingExpenses": 302484000,
    "costAndExpenses": 2047845000,
    "interestIncome": 9693000,
    "interestExpense": 37116000,
    "depreciationAndAmortization": 53236000,
    "ebitda": 3203557000,
    "ebitdaratio": 1.1201385332,
    "operatingIncome": 812120000,
    "operatingIncomeRatio": 0.283961517,
    "totalOtherIncomeExpensesNet": 2301085000,
    "incomeBeforeTax": 3113205000,
    "incomeBeforeTaxRatio": 1.0885465382,
    "incomeTaxExpense": 65410000,
    "netIncome": 310957000,
    "netIncomeRatio": 0.1087275544,
    "eps": 2.06,
    "epsdiluted": 2.0297,
    "weightedAverageShsOut": 127693489,
    "weightedAverageShsOutDil": 129540377,
    "link": "",
    "finalLink": ""
  },
  {
    "date": "2011-12-31",
    "symbol": "APO",
    "reportedCurrency": "USD",
    "cik": "0001858681",
    "fillingDate": "2012-03-09",
    "acceptedDate": "2012-03-09 16:38:14",
    "calendarYear": "2011",
    "period": "FY",
    "revenue": 171632000,
    "costOfRevenue": 1340778000,
    "grossProfit": -1169146000,
    "grossProfitRatio": -6.8119348373,
    "researchAndDevelopmentExpenses": 0,
    "generalAndAdministrativeExpenses": 170651000,
    "sellingAndMarketingExpenses": 0,
    "sellingGeneralAndAdministrativeExpenses": 170651000,
    "otherExpenses": 26260000,
    "operatingExpenses": 196911000,
    "costAndExpenses": 1537689000,
    "interestIncome": 4731000,
    "interestExpense": 40850000,
    "depreciationAndAmortization": 26260000,
    "ebitda": -1225160000,
    "ebitdaratio": -7.1382958889,
    "operatingIncome": -1366057000,
    "operatingIncomeRatio": -7.9592208912,
    "totalOtherIncomeExpensesNet": 73787000,
    "incomeBeforeTax": -1292270000,
    "incomeBeforeTaxRatio": -7.5293068892,
    "incomeTaxExpense": 11929000,
    "netIncome": -468826000,
    "netIncomeRatio": -2.7315768621,
    "eps": -4.18,
    "epsdiluted": -4.18,
    "weightedAverageShsOut": 116364110,
    "weightedAverageShsOutDil": 116364110,
    "link": "https://www.sec.gov/Archives/edgar/data/1411494/000119312512107084/0001193125-12-107084-index.html",
    "finalLink": "https://www.sec.gov/Archives/edgar/data/1411494/000119312512107084/d281180d10k.htm"
  },
  {
    "date": "2010-12-31",
    "symbol": "APO",
    "reportedCurrency": "USD",
    "cik": "0001858681",
    "fillingDate": "2010-12-31",
    "acceptedDate": "2010-12-30 19:00:00",
    "calendarYear": "2010",
    "period": "FY",
    "revenue": 2109898000,
    "costOfRevenue": 1943350000,
    "grossProfit": 166548000,
    "grossProfitRatio": 0.0789365173,
    "researchAndDevelopmentExpenses": 0,
    "generalAndAdministrativeExpenses": 0,
    "sellingAndMarketingExpenses": 0,
    "sellingGeneralAndAdministrativeExpenses": 154351000,
    "otherExpenses": 59685000,
    "operatingExpenses": 214036000,
    "costAndExpenses": 2157386000,
    "interestIncome": 1528000,
    "interestExpense": 35436000,
    "depreciationAndAmortization": 24249000,
    "ebitda": 694646000,
    "ebitdaratio": 0.3292320292,
    "operatingIncome": -47488000,
    "operatingIncomeRatio": -0.0225072492,
    "totalOtherIncomeExpensesNet": 682449000,
    "incomeBeforeTax": 634961000,
    "incomeBeforeTaxRatio": 0.3009439319,
    "incomeTaxExpense": 91737000,
    "netIncome": 94617000,
    "netIncomeRatio": 0.0448443479,
    "eps": 0.6662,
    "epsdiluted": 0.6662,
    "weightedAverageShsOut": 120972043,
    "weightedAverageShsOutDil": 120972043,
    "link": "",
    "finalLink": ""
  },
  {
    "date": "2009-12-31",
    "symbol": "APO",
    "reportedCurrency": "USD",
    "cik": "0001858681",
    "fillingDate": "2009-12-31",
    "acceptedDate": "2009-12-30 19:00:00",
    "calendarYear": "2009",
    "period": "FY",
    "revenue": 966728000,
    "costOfRevenue": 1495010000,
    "grossProfit": -528282000,
    "grossProfitRatio": -0.5464639485,
    "researchAndDevelopmentExpenses": 0,
    "generalAndAdministrativeExpenses": 0,
    "sellingAndMarketingExpenses": 0,
    "sellingGeneralAndAdministrativeExpenses": 94955000,
    "otherExpenses": 66288000,
    "operatingExpenses": 161243000,
    "costAndExpenses": 1656253000,
    "interestIncome": 1450000,
    "interestExpense": 50252000,
    "depreciationAndAmortization": 24299000,
    "ebitda": 7875000,
    "ebitdaratio": 0.0081460349,
    "operatingIncome": -689525000,
    "operatingIncomeRatio": -0.7132564692,
    "totalOtherIncomeExpensesNet": 622849000,
    "incomeBeforeTax": -66676000,
    "incomeBeforeTaxRatio": -0.0689707963,
    "incomeTaxExpense": 28714000,
    "netIncome": -155176000,
    "netIncomeRatio": -0.160516712,
    "eps": -1.2852,
    "epsdiluted": -1.2852,
    "weightedAverageShsOut": 120972043,
    "weightedAverageShsOutDil": 120972043,
    "link": "",
    "finalLink": ""
  },
  {
    "date": "2008-12-31",
    "symbol": "APO",
    "reportedCurrency": "USD",
    "cik": "0001858681",
    "fillingDate": "2008-12-31",
    "acceptedDate": "2008-12-30 19:00:00",
    "calendarYear": "2008",
    "period": "FY",
    "revenue": -266705000,
    "costOfRevenue": 843600000,
    "grossProfit": -1110305000,
    "grossProfitRatio": 4.1630453122,
    "researchAndDevelopmentExpenses": 0,
    "generalAndAdministrativeExpenses": 0,
    "sellingAndMarketingExpenses": 0,
    "sellingGeneralAndAdministrativeExpenses": 420448000,
    "otherExpenses": 22099000,
    "operatingExpenses": 442547000,
    "costAndExpenses": 1286147000,
    "interestIncome": 19368000,
    "interestExpense": 62622000,
    "depreciationAndAmortization": 22099000,
    "ebitda": -2842447000,
    "ebitdaratio": 10.6576442136,
    "operatingIncome": -1552852000,
    "operatingIncomeRatio": 5.822358036,
    "totalOtherIncomeExpensesNet": -1374316000,
    "incomeBeforeTax": -2927168000,
    "incomeBeforeTaxRatio": 10.9753023003,
    "incomeTaxExpense": -36995000,
    "netIncome": -912258000,
    "netIncomeRatio": 3.4204758066,
    "eps": -7.5445,
    "epsdiluted": -7.5445,
    "weightedAverageShsOut": 120972043,
    "weightedAverageShsOutDil": 120972043,
    "link": "",
    "finalLink": ""
  },
  {
    "date": "2007-12-31",
    "symbol": "APO",
    "reportedCurrency": "USD",
    "cik": "0001858681",
    "fillingDate": "2007-12-31",
    "acceptedDate": "2007-12-30 19:00:00",
    "calendarYear": "2007",
    "period": "FY",
    "revenue": 637850000,
    "costOfRevenue": 1450330000,
    "grossProfit": -812480000,
    "grossProfitRatio": -1.2737791017,
    "researchAndDevelopmentExpenses": 0,
    "generalAndAdministrativeExpenses": 0,
    "sellingAndMarketingExpenses": 0,
    "sellingGeneralAndAdministrativeExpenses": 158560000,
    "otherExpenses": 7869000,
    "operatingExpenses": 166429000,
    "costAndExpenses": 1616759000,
    "interestIncome": 52500000,
    "interestExpense": 345968000,
    "depreciationAndAmortization": 7869000,
    "ebitda": 1601018000,
    "ebitdaratio": 2.5100227326,
    "operatingIncome": -978909000,
    "operatingIncomeRatio": -1.5347009485,
    "totalOtherIncomeExpensesNet": 2226090000,
    "incomeBeforeTax": 1247181000,
    "incomeBeforeTaxRatio": 1.955288861,
    "incomeTaxExpense": 6726000,
    "netIncome": -569651000,
    "netIncomeRatio": -0.8930798777,
    "eps": -5.87,
    "epsdiluted": -5.87,
    "weightedAverageShsOut": 96964769,
    "weightedAverageShsOutDil": 96964769,
    "link": "",
    "finalLink": ""
  },
  {
    "date": "2006-12-31",
    "symbol": "APO",
    "reportedCurrency": "USD",
    "cik": "0001858681",
    "fillingDate": "2006-12-31",
    "acceptedDate": "2006-12-30 19:00:00",
    "calendarYear": "2006",
    "period": "FY",
    "revenue": 346480000,
    "costOfRevenue": 266772000,
    "grossProfit": 79708000,
    "grossProfitRatio": 0.2300507966,
    "researchAndDevelopmentExpenses": 0,
    "generalAndAdministrativeExpenses": 0,
    "sellingAndMarketingExpenses": 0,
    "sellingGeneralAndAdministrativeExpenses": 78166000,
    "otherExpenses": 3288000,
    "operatingExpenses": 81454000,
    "costAndExpenses": 348226000,
    "interestIncome": 38423000,
    "interestExpense": 8839000,
    "depreciationAndAmortization": 3288000,
    "ebitda": 1805604000,
    "ebitdaratio": 5.2112791503,
    "operatingIncome": -1746000,
    "operatingIncomeRatio": -0.0050392519,
    "totalOtherIncomeExpensesNet": 1795223000,
    "incomeBeforeTax": 1793477000,
    "incomeBeforeTaxRatio": 5.1762785731,
    "incomeTaxExpense": 6476000,
    "netIncome": 372979000,
    "netIncomeRatio": 1.0764806049,
    "eps": 3.85,
    "epsdiluted": 3.85,
    "weightedAverageShsOut": 96964769,
    "weightedAverageShsOutDil": 96964769,
    "link": "",
    "finalLink": ""
  }
]