[
  {
    "date": "2025-06-30",
    "symbol": "APP",
    "reportedCurrency": "USD",
    "cik": "0001751008",
    "fillingDate": "2025-08-06",
    "acceptedDate": "2025-08-06 17:12:49",
    "calendarYear": "2025",
    "period": "Q2",
    "revenue": 1258754000,
    "costOfRevenue": 155076000,
    "grossProfit": 1103678000,
    "grossProfitRatio": 0.8768019804,
    "researchAndDevelopmentExpenses": 44032000,
    "generalAndAdministrativeExpenses": 55047000,
    "sellingAndMarketingExpenses": 46917000,
    "sellingGeneralAndAdministrativeExpenses": 101964000,
    "otherExpenses": 0,
    "operatingExpenses": 145996000,
    "costAndExpenses": 301072000,
    "interestIncome": 0,
    "interestExpense": 51409000,
    "depreciationAndAmortization": 47053000,
    "ebitda": 982466000,
    "ebitdaratio": 0.7805067551,
    "operatingIncome": 957682000,
    "operatingIncomeRatio": 0.7608174433,
    "totalOtherIncomeExpensesNet": -73678000,
    "incomeBeforeTax": 884004000,
    "incomeBeforeTaxRatio": 0.702284958,
    "incomeTaxExpense": 112148000,
    "netIncome": 819531000,
    "netIncomeRatio": 0.6510652598,
    "eps": 2.42,
    "epsdiluted": 2.39,
    "weightedAverageShsOut": 338617184,
    "weightedAverageShsOutDil": 342194433,
    "link": "https://www.sec.gov/Archives/edgar/data/1751008/000175100825000072/0001751008-25-000072-index.htm",
    "finalLink": "https://www.sec.gov/Archives/edgar/data/1751008/000175100825000072/app-20250630.htm"
  },
  {
    "date": "2025-03-31",
    "symbol": "APP",
    "reportedCurrency": "USD",
    "cik": "0001751008",
    "fillingDate": "2025-05-07",
    "acceptedDate": "2025-05-07 17:06:58",
    "calendarYear": "2025",
    "period": "Q1",
    "revenue": 1484021000,
    "costOfRevenue": 271232000,
    "grossProfit": 1212789000,
    "grossProfitRatio": 0.8172316969,
    "researchAndDevelopmentExpenses": 122918000,
    "generalAndAdministrativeExpenses": 54501000,
    "sellingAndMarketingExpenses": 182956000,
    "sellingGeneralAndAdministrativeExpenses": 237457000,
    "otherExpenses": 188943000,
    "operatingExpenses": 549318000,
    "costAndExpenses": 820550000,
    "interestIncome": 0,
    "interestExpense": 52888000,
    "depreciationAndAmortization": 79887000,
    "ebitda": 751169000,
    "ebitdaratio": 0.5061714086,
    "operatingIncome": 663471000,
    "operatingIncomeRatio": 0.4470765575,
    "totalOtherIncomeExpensesNet": -45077000,
    "incomeBeforeTax": 618394000,
    "incomeBeforeTaxRatio": 0.4167016504,
    "incomeTaxExpense": 41975000,
    "netIncome": 576419000,
    "netIncomeRatio": 0.3884170103,
    "eps": 1.7,
    "epsdiluted": 1.67,
    "weightedAverageShsOut": 339837000,
    "weightedAverageShsOutDil": 344878000,
    "link": "https://www.sec.gov/Archives/edgar/data/1751008/000175100825000053/0001751008-25-000053-index.htm",
    "finalLink": "https://www.sec.gov/Archives/edgar/data/1751008/000175100825000053/app-20250331.htm"
  },
  {
    "date": "2024-12-31",
    "symbol": "APP",
    "reportedCurrency": "USD",
    "cik": "0001751008",
    "fillingDate": "2025-02-27",
    "acceptedDate": "2025-02-27 16:12:50",
    "calendarYear": "2024",
    "period": "Q4",
    "revenue": 1372779000,
    "costOfRevenue": 320452000,
    "grossProfit": 1052327000,
    "grossProfitRatio": 0.7665669419,
    "researchAndDevelopmentExpenses": 169480000,
    "generalAndAdministrativeExpenses": 60205000,
    "sellingAndMarketingExpenses": 214662000,
    "sellingGeneralAndAdministrativeExpenses": 274867000,
    "otherExpenses": 0,
    "operatingExpenses": 444347000,
    "costAndExpenses": 764799000,
    "interestIncome": -7948000,
    "interestExpense": 94199000,
    "depreciationAndAmortization": 127837000,
    "ebitda": 737160000,
    "ebitdaratio": 0.5369837388,
    "operatingIncome": 607980000,
    "operatingIncomeRatio": 0.442882649,
    "totalOtherIncomeExpensesNet": -92856000,
    "incomeBeforeTax": 515124000,
    "incomeBeforeTaxRatio": 0.3752417541,
    "incomeTaxExpense": -84080000,
    "netIncome": 599204000,
    "netIncomeRatio": 0.4364897773,
    "eps": 1.77,
    "epsdiluted": 1.73,
    "weightedAverageShsOut": 339168374,
    "weightedAverageShsOutDil": 346423848,
    "link": "https://www.sec.gov/Archives/edgar/data/1751008/000175100825000018/0001751008-25-000018-index.htm",
    "finalLink": "https://www.sec.gov/Archives/edgar/data/1751008/000175100825000018/app-20241231.htm"
  },
  {
    "date": "2024-09-30",
    "symbol": "APP",
    "reportedCurrency": "USD",
    "cik": "0001751008",
    "fillingDate": "2024-11-06",
    "acceptedDate": "2024-11-06 17:05:42",
    "calendarYear": "2024",
    "period": "Q3",
    "revenue": 1198235000,
    "costOfRevenue": 269659000,
    "grossProfit": 928576000,
    "grossProfitRatio": 0.7749531603,
    "researchAndDevelopmentExpenses": 149990000,
    "generalAndAdministrativeExpenses": 37899000,
    "sellingAndMarketingExpenses": 205753000,
    "sellingGeneralAndAdministrativeExpenses": 243652000,
    "otherExpenses": 0,
    "operatingExpenses": 393642000,
    "costAndExpenses": 663301000,
    "interestIncome": 7948000,
    "interestExpense": 75213000,
    "depreciationAndAmortization": 99635000,
    "ebitda": 642517000,
    "ebitdaratio": 0.5362195229,
    "operatingIncome": 534934000,
    "operatingIncomeRatio": 0.4464349648,
    "totalOtherIncomeExpensesNet": -67265000,
    "incomeBeforeTax": 467669000,
    "incomeBeforeTaxRatio": 0.3902982303,
    "incomeTaxExpense": 33249000,
    "netIncome": 434420000,
    "netIncomeRatio": 0.3625499172,
    "eps": 1.29,
    "epsdiluted": 1.25,
    "weightedAverageShsOut": 336931000,
    "weightedAverageShsOutDil": 348225000,
    "link": "https://www.sec.gov/Archives/edgar/data/1751008/000175100824000062/0001751008-24-000062-index.htm",
    "finalLink": "https://www.sec.gov/Archives/edgar/data/1751008/000175100824000062/app-20240930.htm"
  },
  {
    "date": "2024-06-30",
    "symbol": "APP",
    "reportedCurrency": "USD",
    "cik": "0001751008",
    "fillingDate": "2024-08-07",
    "acceptedDate": "2024-08-07 17:04:18",
    "calendarYear": "2024",
    "period": "Q2",
    "revenue": 1080119000,
    "costOfRevenue": 282547000,
    "grossProfit": 797572000,
    "grossProfitRatio": 0.7384112306,
    "researchAndDevelopmentExpenses": 163896000,
    "generalAndAdministrativeExpenses": 40583000,
    "sellingAndMarketingExpenses": 202107000,
    "sellingGeneralAndAdministrativeExpenses": 242690000,
    "otherExpenses": 0,
    "operatingExpenses": 406586000,
    "costAndExpenses": 689133000,
    "interestIncome": 0,
    "interestExpense": 74666000,
    "depreciationAndAmortization": 108541000,
    "ebitda": 508474000,
    "ebitdaratio": 0.4707573888,
    "operatingIncome": 390986000,
    "operatingIncomeRatio": 0.3619841888,
    "totalOtherIncomeExpensesNet": -65719000,
    "incomeBeforeTax": 325267000,
    "incomeBeforeTaxRatio": 0.301139967,
    "incomeTaxExpense": 15298000,
    "netIncome": 309969000,
    "netIncomeRatio": 0.2869767128,
    "eps": 0.92,
    "epsdiluted": 0.89,
    "weightedAverageShsOut": 335681788,
    "weightedAverageShsOutDil": 347964201,
    "link": "https://www.sec.gov/Archives/edgar/data/1751008/000175100824000055/0001751008-24-000055-index.htm",
    "finalLink": "https://www.sec.gov/Archives/edgar/data/1751008/000175100824000055/app-20240630.htm"
  },
  {
    "date": "2024-03-31",
    "symbol": "APP",
    "reportedCurrency": "USD",
    "cik": "0001751008",
    "fillingDate": "2024-05-08",
    "acceptedDate": "2024-05-08 17:01:01",
    "calendarYear": "2024",
    "period": "Q1",
    "revenue": 1058115000,
    "costOfRevenue": 294148000,
    "grossProfit": 763967000,
    "grossProfitRatio": 0.7220075323,
    "researchAndDevelopmentExpenses": 155323000,
    "generalAndAdministrativeExpenses": 42398000,
    "sellingAndMarketingExpenses": 226687000,
    "sellingGeneralAndAdministrativeExpenses": 269085000,
    "otherExpenses": 0,
    "operatingExpenses": 424408000,
    "costAndExpenses": 718556000,
    "interestIncome": 0,
    "interestExpense": 74182000,
    "depreciationAndAmortization": 112667000,
    "ebitda": 454794000,
    "ebitdaratio": 0.4298152847,
    "operatingIncome": 339559000,
    "operatingIncomeRatio": 0.320909353,
    "totalOtherIncomeExpensesNet": -71614000,
    "incomeBeforeTax": 267945000,
    "incomeBeforeTaxRatio": 0.2532286188,
    "incomeTaxExpense": 31762000,
    "netIncome": 236183000,
    "netIncomeRatio": 0.2232110876,
    "eps": 0.7,
    "epsdiluted": 0.67,
    "weightedAverageShsOut": 335794739,
    "weightedAverageShsOutDil": 348596295,
    "link": "https://www.sec.gov/Archives/edgar/data/1751008/000175100824000043/0001751008-24-000043-index.htm",
    "finalLink": "https://www.sec.gov/Archives/edgar/data/1751008/000175100824000043/app-20240331.htm"
  },
  {
    "date": "2023-12-31",
    "symbol": "APP",
    "reportedCurrency": "USD",
    "cik": "0001751008",
    "fillingDate": "2024-02-26",
    "acceptedDate": "2024-02-26 17:16:34",
    "calendarYear": "2023",
    "period": "Q4",
    "revenue": 953261000,
    "costOfRevenue": 273607000,
    "grossProfit": 679654000,
    "grossProfitRatio": 0.7129778728,
    "researchAndDevelopmentExpenses": 150823000,
    "generalAndAdministrativeExpenses": 36354000,
    "sellingAndMarketingExpenses": 222963000,
    "sellingGeneralAndAdministrativeExpenses": 259317000,
    "otherExpenses": 0,
    "operatingExpenses": 410140000,
    "costAndExpenses": 683747000,
    "interestIncome": 0,
    "interestExpense": 67247000,
    "depreciationAndAmortization": 119111000,
    "ebitda": 369591000,
    "ebitdaratio": 0.3877122845,
    "operatingIncome": 269514000,
    "operatingIncomeRatio": 0.2827284448,
    "totalOtherIncomeExpensesNet": -90618000,
    "incomeBeforeTax": 178896000,
    "incomeBeforeTaxRatio": 0.187667386,
    "incomeTaxExpense": 6663000,
    "netIncome": 172233000,
    "netIncomeRatio": 0.1806776948,
    "eps": 0.51,
    "epsdiluted": 0.49,
    "weightedAverageShsOut": 337136956,
    "weightedAverageShsOutDil": 347492545,
    "link": "https://www.sec.gov/Archives/edgar/data/1751008/000175100824000012/0001751008-24-000012-index.htm",
    "finalLink": "https://www.sec.gov/Archives/edgar/data/1751008/000175100824000012/app-20231231.htm"
  },
  {
    "date": "2023-09-30",
    "symbol": "APP",
    "reportedCurrency": "USD",
    "cik": "0001751008",
    "fillingDate": "2023-11-08",
    "acceptedDate": "2023-11-08 17:03:47",
    "calendarYear": "2023",
    "period": "Q3",
    "revenue": 864256000,
    "costOfRevenue": 265049000,
    "grossProfit": 599207000,
    "grossProfitRatio": 0.6933211919,
    "researchAndDevelopmentExpenses": 159288000,
    "generalAndAdministrativeExpenses": 41249000,
    "sellingAndMarketingExpenses": 212352000,
    "sellingGeneralAndAdministrativeExpenses": 253601000,
    "otherExpenses": 0,
    "operatingExpenses": 412889000,
    "costAndExpenses": 677938000,
    "interestIncome": 1490000,
    "interestExpense": 78583000,
    "depreciationAndAmortization": 121797000,
    "ebitda": 309605000,
    "ebitdaratio": 0.3582329773,
    "operatingIncome": 186318000,
    "operatingIncomeRatio": 0.2155819572,
    "totalOtherIncomeExpensesNet": -77093000,
    "incomeBeforeTax": 109225000,
    "incomeBeforeTaxRatio": 0.126380378,
    "incomeTaxExpense": 586000,
    "netIncome": 108639000,
    "netIncomeRatio": 0.1257023382,
    "eps": 0.32,
    "epsdiluted": 0.3,
    "weightedAverageShsOut": 341435759,
    "weightedAverageShsOutDil": 356906222,
    "link": "https://www.sec.gov/Archives/edgar/data/1751008/000175100823000072/0001751008-23-000072-index.htm",
    "finalLink": "https://www.sec.gov/Archives/edgar/data/1751008/000175100823000072/app-20230930.htm"
  },
  {
    "date": "2023-06-30",
    "symbol": "APP",
    "reportedCurrency": "USD",
    "cik": "0001751008",
    "fillingDate": "2023-08-09",
    "acceptedDate": "2023-08-09 17:01:23",
    "calendarYear": "2023",
    "period": "Q2",
    "revenue": 750165000,
    "costOfRevenue": 258575000,
    "grossProfit": 491590000,
    "grossProfitRatio": 0.6553091653,
    "researchAndDevelopmentExpenses": 137424000,
    "generalAndAdministrativeExpenses": 30411000,
    "sellingAndMarketingExpenses": 192427000,
    "sellingGeneralAndAdministrativeExpenses": 222838000,
    "otherExpenses": 0,
    "operatingExpenses": 360262000,
    "costAndExpenses": 618837000,
    "interestIncome": 0,
    "interestExpense": 50987000,
    "depreciationAndAmortization": 119892000,
    "ebitda": 266681000,
    "ebitdaratio": 0.3554964574,
    "operatingIncome": 131328000,
    "operatingIncomeRatio": 0.1750654856,
    "totalOtherIncomeExpensesNet": -35526000,
    "incomeBeforeTax": 95802000,
    "incomeBeforeTaxRatio": 0.1277079043,
    "incomeTaxExpense": 15445000,
    "netIncome": 80357000,
    "netIncomeRatio": 0.1071191005,
    "eps": 0.22,
    "epsdiluted": 0.22,
    "weightedAverageShsOut": 356957059,
    "weightedAverageShsOutDil": 366340275,
    "link": "https://www.sec.gov/Archives/edgar/data/1751008/000175100823000062/0001751008-23-000062-index.htm",
    "finalLink": "https://www.sec.gov/Archives/edgar/data/1751008/000175100823000062/app-20230630.htm"
  },
  {
    "date": "2023-03-31",
    "symbol": "APP",
    "reportedCurrency": "USD",
    "cik": "0001751008",
    "fillingDate": "2023-05-10",
    "acceptedDate": "2023-05-10 16:53:22",
    "calendarYear": "2023",
    "period": "Q1",
    "revenue": 715405000,
    "costOfRevenue": 261960000,
    "grossProfit": 453445000,
    "grossProfitRatio": 0.6338297887,
    "researchAndDevelopmentExpenses": 144851000,
    "generalAndAdministrativeExpenses": 44571000,
    "sellingAndMarketingExpenses": 202976000,
    "sellingGeneralAndAdministrativeExpenses": 247547000,
    "otherExpenses": 0,
    "operatingExpenses": 392398000,
    "costAndExpenses": 654358000,
    "interestIncome": 0,
    "interestExpense": 74511000,
    "depreciationAndAmortization": 128208000,
    "ebitda": 199366000,
    "ebitdaratio": 0.2786757152,
    "operatingIncome": 61047000,
    "operatingIncomeRatio": 0.0853320846,
    "totalOtherIncomeExpensesNet": -64400000,
    "incomeBeforeTax": -3353000,
    "incomeBeforeTaxRatio": -0.0046868557,
    "incomeTaxExpense": 1165000,
    "netIncome": -4518000,
    "netIncomeRatio": -0.0063153039,
    "eps": -0.0121,
    "epsdiluted": -0.0121,
    "weightedAverageShsOut": 373160029,
    "weightedAverageShsOutDil": 373160029,
    "link": "https://www.sec.gov/Archives/edgar/data/1751008/000175100823000048/0001751008-23-000048-index.htm",
    "finalLink": "https://www.sec.gov/Archives/edgar/data/1751008/000175100823000048/app-20230331.htm"
  },
  {
    "date": "2022-12-31",
    "symbol": "APP",
    "reportedCurrency": "USD",
    "cik": "0001751008",
    "fillingDate": "2023-02-28",
    "acceptedDate": "2023-02-28 16:12:04",
    "calendarYear": "2022",
    "period": "Q4",
    "revenue": 702307000,
    "costOfRevenue": 369368000,
    "grossProfit": 332939000,
    "grossProfitRatio": 0.4740647609,
    "researchAndDevelopmentExpenses": 118190000,
    "generalAndAdministrativeExpenses": 36639000,
    "sellingAndMarketingExpenses": 200536000,
    "sellingGeneralAndAdministrativeExpenses": 237175000,
    "otherExpenses": 0,
    "operatingExpenses": 355365000,
    "costAndExpenses": 724733000,
    "interestIncome": 0,
    "interestExpense": 54722000,
    "depreciationAndAmortization": 101577000,
    "ebitda": 90127000,
    "ebitdaratio": 0.1283299184,
    "operatingIncome": -22426000,
    "operatingIncomeRatio": -0.0319319044,
    "totalOtherIncomeExpensesNet": -43746000,
    "incomeBeforeTax": -66172000,
    "incomeBeforeTaxRatio": -0.0942209034,
    "incomeTaxExpense": 13340000,
    "netIncome": -79512000,
    "netIncomeRatio": -0.1132154457,
    "eps": -0.21,
    "epsdiluted": -0.21,
    "weightedAverageShsOut": 370478591,
    "weightedAverageShsOutDil": 375015109,
    "link": "https://www.sec.gov/Archives/edgar/data/1751008/000175100823000006/0001751008-23-000006-index.htm",
    "finalLink": "https://www.sec.gov/Archives/edgar/data/1751008/000175100823000006/app-20221231.htm"
  },
  {
    "date": "2022-09-30",
    "symbol": "APP",
    "reportedCurrency": "USD",
    "cik": "0001751008",
    "fillingDate": "2022-11-10",
    "acceptedDate": "2022-11-10 16:21:46",
    "calendarYear": "2022",
    "period": "Q3",
    "revenue": 713099000,
    "costOfRevenue": 300988000,
    "grossProfit": 412111000,
    "grossProfitRatio": 0.5779155489,
    "researchAndDevelopmentExpenses": 122059000,
    "generalAndAdministrativeExpenses": 44000000,
    "sellingAndMarketingExpenses": 196785000,
    "sellingGeneralAndAdministrativeExpenses": 240785000,
    "otherExpenses": 0,
    "operatingExpenses": 362844000,
    "costAndExpenses": 663832000,
    "interestIncome": 969000,
    "interestExpense": 48627000,
    "depreciationAndAmortization": 163830000,
    "ebitda": 214066000,
    "ebitdaratio": 0.3001911376,
    "operatingIncome": 49267000,
    "operatingIncomeRatio": 0.0690885838,
    "totalOtherIncomeExpensesNet": -47658000,
    "incomeBeforeTax": 1609000,
    "incomeBeforeTaxRatio": 0.0022563487,
    "incomeTaxExpense": -22053000,
    "netIncome": 23771000,
    "netIncomeRatio": 0.0333347824,
    "eps": 0.064,
    "epsdiluted": 0.0625,
    "weightedAverageShsOut": 369389170,
    "weightedAverageShsOutDil": 378462207,
    "link": "https://www.sec.gov/Archives/edgar/data/1751008/000175100822000020/0001751008-22-000020-index.htm",
    "finalLink": "https://www.sec.gov/Archives/edgar/data/1751008/000175100822000020/app-20220930.htm"
  },
  {
    "date": "2022-06-30",
    "symbol": "APP",
    "reportedCurrency": "USD",
    "cik": "0001751008",
    "fillingDate": "2022-08-12",
    "acceptedDate": "2022-08-12 16:56:27",
    "calendarYear": "2022",
    "period": "Q2",
    "revenue": 776231000,
    "costOfRevenue": 303929000,
    "grossProfit": 472302000,
    "grossProfitRatio": 0.6084554727,
    "researchAndDevelopmentExpenses": 141108000,
    "generalAndAdministrativeExpenses": 45743000,
    "sellingAndMarketingExpenses": 232096000,
    "sellingGeneralAndAdministrativeExpenses": 277839000,
    "otherExpenses": 0,
    "operatingExpenses": 418947000,
    "costAndExpenses": 722876000,
    "interestIncome": 518000,
    "interestExpense": 36505000,
    "depreciationAndAmortization": 152688000,
    "ebitda": 206561000,
    "ebitdaratio": 0.2661076406,
    "operatingIncome": 53355000,
    "operatingIncomeRatio": 0.0687359819,
    "totalOtherIncomeExpensesNet": -35987000,
    "incomeBeforeTax": 17368000,
    "incomeBeforeTaxRatio": 0.0223747828,
    "incomeTaxExpense": 39167000,
    "netIncome": -21748000,
    "netIncomeRatio": -0.028017433,
    "eps": -0.0582,
    "epsdiluted": -0.0582,
    "weightedAverageShsOut": 373912724,
    "weightedAverageShsOutDil": 373912724,
    "link": "https://www.sec.gov/Archives/edgar/data/1751008/000175100822000016/0001751008-22-000016-index.htm",
    "finalLink": "https://www.sec.gov/Archives/edgar/data/1751008/000175100822000016/app-20220630.htm"
  },
  {
    "date": "2022-03-31",
    "symbol": "APP",
    "reportedCurrency": "USD",
    "cik": "0001751008",
    "fillingDate": "2022-05-13",
    "acceptedDate": "2022-05-13 16:02:19",
    "calendarYear": "2022",
    "period": "Q1",
    "revenue": 625421000,
    "costOfRevenue": 281780000,
    "grossProfit": 343641000,
    "grossProfitRatio": 0.5494554868,
    "researchAndDevelopmentExpenses": 126250000,
    "generalAndAdministrativeExpenses": 55245000,
    "sellingAndMarketingExpenses": 290133000,
    "sellingGeneralAndAdministrativeExpenses": 345378000,
    "otherExpenses": 0,
    "operatingExpenses": 471628000,
    "costAndExpenses": 753408000,
    "interestIncome": 0,
    "interestExpense": 32009000,
    "depreciationAndAmortization": 128989000,
    "ebitda": 3016000,
    "ebitdaratio": 0.0048223517,
    "operatingIncome": -127987000,
    "operatingIncomeRatio": -0.2046413536,
    "totalOtherIncomeExpensesNet": -29995000,
    "incomeBeforeTax": -157982000,
    "incomeBeforeTaxRatio": -0.2526010479,
    "incomeTaxExpense": -42684000,
    "netIncome": -115257000,
    "netIncomeRatio": -0.1842870642,
    "eps": -0.31,
    "epsdiluted": -0.31,
    "weightedAverageShsOut": 371967881,
    "weightedAverageShsOutDil": 371967881,
    "link": "https://www.sec.gov/Archives/edgar/data/1751008/000175100822000010/0001751008-22-000010-index.htm",
    "finalLink": "https://www.sec.gov/Archives/edgar/data/1751008/000175100822000010/app-20220331.htm"
  },
  {
    "date": "2021-12-31",
    "symbol": "APP",
    "reportedCurrency": "USD",
    "cik": "0001751008",
    "fillingDate": "2022-03-11",
    "acceptedDate": "2022-03-11 16:55:10",
    "calendarYear": "2021",
    "period": "Q4",
    "revenue": 793470000,
    "costOfRevenue": 265129000,
    "grossProfit": 528341000,
    "grossProfitRatio": 0.6658613432,
    "researchAndDevelopmentExpenses": 119541000,
    "generalAndAdministrativeExpenses": 36583000,
    "sellingAndMarketingExpenses": 313692000,
    "sellingGeneralAndAdministrativeExpenses": 350275000,
    "otherExpenses": 0,
    "operatingExpenses": 469816000,
    "costAndExpenses": 734945000,
    "interestIncome": 0,
    "interestExpense": 30374000,
    "depreciationAndAmortization": 115654000,
    "ebitda": 174641000,
    "ebitdaratio": 0.2200977983,
    "operatingIncome": 58525000,
    "operatingIncomeRatio": 0.0737583021,
    "totalOtherIncomeExpensesNet": -29912000,
    "incomeBeforeTax": 28613000,
    "incomeBeforeTaxRatio": 0.0360605946,
    "incomeTaxExpense": -2794000,
    "netIncome": 31366000,
    "netIncomeRatio": 0.039530165,
    "eps": 0.0869,
    "epsdiluted": 0.0842,
    "weightedAverageShsOut": 324836076,
    "weightedAverageShsOutDil": 342763632,
    "link": null,
    "finalLink": null
  },
  {
    "date": "2021-09-30",
    "symbol": "APP",
    "reportedCurrency": "USD",
    "cik": "0001751008",
    "fillingDate": "2021-11-12",
    "acceptedDate": "2021-11-12 16:03:28",
    "calendarYear": "2021",
    "period": "Q3",
    "revenue": 726951000,
    "costOfRevenue": 254052000,
    "grossProfit": 472899000,
    "grossProfitRatio": 0.6505239005,
    "researchAndDevelopmentExpenses": 108523000,
    "generalAndAdministrativeExpenses": 34104000,
    "sellingAndMarketingExpenses": 285224000,
    "sellingGeneralAndAdministrativeExpenses": 319328000,
    "otherExpenses": 0,
    "operatingExpenses": 427851000,
    "costAndExpenses": 681903000,
    "interestIncome": 0,
    "interestExpense": 18756000,
    "depreciationAndAmortization": 119436000,
    "ebitda": 155267000,
    "ebitdaratio": 0.2135866104,
    "operatingIncome": 45048000,
    "operatingIncomeRatio": 0.0619684133,
    "totalOtherIncomeExpensesNet": -27973000,
    "incomeBeforeTax": 17075000,
    "incomeBeforeTaxRatio": 0.0234885157,
    "incomeTaxExpense": 16933000,
    "netIncome": 178000,
    "netIncomeRatio": 0.0002448583,
    "eps": 0.0005,
    "epsdiluted": 0.0005,
    "weightedAverageShsOut": 368427532,
    "weightedAverageShsOutDil": 384324785,
    "link": "https://www.sec.gov/Archives/edgar/data/1751008/000175100821000009/0001751008-21-000009-index.htm",
    "finalLink": "https://www.sec.gov/Archives/edgar/data/1751008/000175100821000009/app-20210930.htm"
  },
  {
    "date": "2021-06-30",
    "symbol": "APP",
    "reportedCurrency": "USD",
    "cik": "0001751008",
    "fillingDate": "2021-08-13",
    "acceptedDate": "2021-08-13 16:02:18",
    "calendarYear": "2021",
    "period": "Q2",
    "revenue": 668806000,
    "costOfRevenue": 245853000,
    "grossProfit": 422953000,
    "grossProfitRatio": 0.632400128,
    "researchAndDevelopmentExpenses": 77462000,
    "generalAndAdministrativeExpenses": 45050000,
    "sellingAndMarketingExpenses": 265463000,
    "sellingGeneralAndAdministrativeExpenses": 310513000,
    "otherExpenses": 0,
    "operatingExpenses": 387975000,
    "costAndExpenses": 633828000,
    "interestIncome": 0,
    "interestExpense": 19030000,
    "depreciationAndAmortization": 107156000,
    "ebitda": 140564000,
    "ebitdaratio": 0.2101715595,
    "operatingIncome": 34978000,
    "operatingIncomeRatio": 0.052299172,
    "totalOtherIncomeExpensesNet": -20600000,
    "incomeBeforeTax": 14378000,
    "incomeBeforeTaxRatio": 0.0214980129,
    "incomeTaxExpense": 14000,
    "netIncome": 14423000,
    "netIncomeRatio": 0.021565297,
    "eps": 0.0396,
    "epsdiluted": 0.0377,
    "weightedAverageShsOut": 335619207,
    "weightedAverageShsOutDil": 353857814,
    "link": "https://www.sec.gov/Archives/edgar/data/1751008/000175100821000005/0001751008-21-000005-index.htm",
    "finalLink": "https://www.sec.gov/Archives/edgar/data/1751008/000175100821000005/app-20210630.htm"
  },
  {
    "date": "2021-03-31",
    "symbol": "APP",
    "reportedCurrency": "USD",
    "cik": "0001751008",
    "fillingDate": "2021-05-14",
    "acceptedDate": "2021-05-14 16:04:40",
    "calendarYear": "2021",
    "period": "Q1",
    "revenue": 603877000,
    "costOfRevenue": 223061000,
    "grossProfit": 380816000,
    "grossProfitRatio": 0.6306184869,
    "researchAndDevelopmentExpenses": 60876000,
    "generalAndAdministrativeExpenses": 42962000,
    "sellingAndMarketingExpenses": 265513000,
    "sellingGeneralAndAdministrativeExpenses": 308475000,
    "otherExpenses": 0,
    "operatingExpenses": 369351000,
    "costAndExpenses": 592412000,
    "interestIncome": 0,
    "interestExpense": 35010000,
    "depreciationAndAmortization": 88817000,
    "ebitda": 110072000,
    "ebitdaratio": 0.1822755296,
    "operatingIncome": 11465000,
    "operatingIncomeRatio": 0.0189856544,
    "totalOtherIncomeExpensesNet": -25220000,
    "incomeBeforeTax": -13755000,
    "incomeBeforeTaxRatio": -0.0227778173,
    "incomeTaxExpense": -3180000,
    "netIncome": -10521000,
    "netIncomeRatio": -0.0174224221,
    "eps": -0.0294,
    "epsdiluted": -0.0294,
    "weightedAverageShsOut": 357955309,
    "weightedAverageShsOutDil": 357955309,
    "link": "https://www.sec.gov/Archives/edgar/data/1751008/000119312521161989/0001193125-21-161989-index.htm",
    "finalLink": "https://www.sec.gov/Archives/edgar/data/1751008/000119312521161989/d16771d10q.htm"
  },
  {
    "date": "2020-12-31",
    "symbol": "APP",
    "reportedCurrency": "USD",
    "cik": "0001751008",
    "fillingDate": "2020-12-31",
    "acceptedDate": "2020-12-30 19:00:00",
    "calendarYear": "2020",
    "period": "Q4",
    "revenue": 509837000,
    "costOfRevenue": 198014000,
    "grossProfit": 311823000,
    "grossProfitRatio": 0.6116131234,
    "researchAndDevelopmentExpenses": 80702000,
    "generalAndAdministrativeExpenses": 25175000,
    "sellingAndMarketingExpenses": 210796000,
    "sellingGeneralAndAdministrativeExpenses": 235971000,
    "otherExpenses": 108000,
    "operatingExpenses": 316781000,
    "costAndExpenses": 514795000,
    "interestIncome": 0,
    "interestExpense": 20325000,
    "depreciationAndAmortization": 97728000,
    "ebitda": 91632000,
    "ebitdaratio": 0.1797280307,
    "operatingIncome": -4958000,
    "operatingIncomeRatio": -0.0097246767,
    "totalOtherIncomeExpensesNet": -21463000,
    "incomeBeforeTax": -26421000,
    "incomeBeforeTaxRatio": -0.0518224452,
    "incomeTaxExpense": -7448000,
    "netIncome": -18772000,
    "netIncomeRatio": -0.036819611,
    "eps": -0.0524,
    "epsdiluted": -0.0524,
    "weightedAverageShsOut": 357955309,
    "weightedAverageShsOutDil": 357955309,
    "link": "",
    "finalLink": ""
  },
  {
    "date": "2020-09-30",
    "symbol": "APP",
    "reportedCurrency": "USD",
    "cik": "0001751008",
    "fillingDate": "2020-09-30",
    "acceptedDate": "2020-09-29 20:00:00",
    "calendarYear": "2020",
    "period": "Q3",
    "revenue": 381740000,
    "costOfRevenue": 163060000,
    "grossProfit": 218680000,
    "grossProfitRatio": 0.5728506313,
    "researchAndDevelopmentExpenses": 51136000,
    "generalAndAdministrativeExpenses": 15276000,
    "sellingAndMarketingExpenses": 153014000,
    "sellingGeneralAndAdministrativeExpenses": 168290000,
    "otherExpenses": 74712000,
    "operatingExpenses": 294138000,
    "costAndExpenses": 457198000,
    "interestIncome": 0,
    "interestExpense": 20110000,
    "depreciationAndAmortization": 73519000,
    "ebitda": -770000,
    "ebitdaratio": -0.0020170797,
    "operatingIncome": -75458000,
    "operatingIncomeRatio": -0.1976685702,
    "totalOtherIncomeExpensesNet": -18941000,
    "incomeBeforeTax": -94399000,
    "incomeBeforeTaxRatio": -0.247286111,
    "incomeTaxExpense": -4485000,
    "netIncome": -89688000,
    "netIncomeRatio": -0.2349452507,
    "eps": -0.28,
    "epsdiluted": -0.28,
    "weightedAverageShsOut": 324102590,
    "weightedAverageShsOutDil": 324102590,
    "link": "",
    "finalLink": ""
  },
  {
    "date": "2020-06-30",
    "symbol": "APP",
    "reportedCurrency": "USD",
    "cik": "0001751008",
    "fillingDate": "2020-06-30",
    "acceptedDate": "2020-06-29 20:00:00",
    "calendarYear": "2020",
    "period": "Q2",
    "revenue": 299331000,
    "costOfRevenue": 118051000,
    "grossProfit": 181280000,
    "grossProfitRatio": 0.605617193,
    "researchAndDevelopmentExpenses": 29702000,
    "generalAndAdministrativeExpenses": 15170000,
    "sellingAndMarketingExpenses": 135319000,
    "sellingGeneralAndAdministrativeExpenses": 150489000,
    "otherExpenses": 7851000,
    "operatingExpenses": 188042000,
    "costAndExpenses": 306093000,
    "interestIncome": 0,
    "interestExpense": 18809000,
    "depreciationAndAmortization": 51425000,
    "ebitda": 47820000,
    "ebitdaratio": 0.1597562565,
    "operatingIncome": -6762000,
    "operatingIncomeRatio": -0.0225903765,
    "totalOtherIncomeExpensesNet": -15652000,
    "incomeBeforeTax": -22414000,
    "incomeBeforeTaxRatio": -0.0748803164,
    "incomeTaxExpense": -703000,
    "netIncome": -21391000,
    "netIncomeRatio": -0.0714626951,
    "eps": -0.066,
    "epsdiluted": -0.066,
    "weightedAverageShsOut": 324102590,
    "weightedAverageShsOutDil": 324102590,
    "link": "",
    "finalLink": ""
  },
  {
    "date": "2020-03-31",
    "symbol": "APP",
    "reportedCurrency": "USD",
    "cik": "0001751008",
    "fillingDate": "2020-03-31",
    "acceptedDate": "2020-03-31 00:00:00",
    "calendarYear": "2020",
    "period": "Q1",
    "revenue": 260178000,
    "costOfRevenue": 76453000,
    "grossProfit": 183725000,
    "grossProfitRatio": 0.7061511734,
    "researchAndDevelopmentExpenses": 19112000,
    "generalAndAdministrativeExpenses": 10810000,
    "sellingAndMarketingExpenses": 128667000,
    "sellingGeneralAndAdministrativeExpenses": 139477000,
    "otherExpenses": 0,
    "operatingExpenses": 158589000,
    "costAndExpenses": 235042000,
    "interestIncome": 0,
    "interestExpense": 18629000,
    "depreciationAndAmortization": 32279000,
    "ebitda": 58436000,
    "ebitdaratio": 0.2246000815,
    "operatingIncome": 25136000,
    "operatingIncomeRatio": 0.0966107818,
    "totalOtherIncomeExpensesNet": -17608000,
    "incomeBeforeTax": 7528000,
    "incomeBeforeTaxRatio": 0.0289340375,
    "incomeTaxExpense": 2864000,
    "netIncome": 4664000,
    "netIncomeRatio": 0.017926189,
    "eps": 0.0092,
    "epsdiluted": 0.0092,
    "weightedAverageShsOut": 324102590,
    "weightedAverageShsOutDil": 324102590,
    "link": "",
    "finalLink": ""
  },
  {
    "date": "2019-12-31",
    "symbol": "APP",
    "reportedCurrency": "USD",
    "cik": "0001751008",
    "fillingDate": "2019-12-31",
    "acceptedDate": "2019-12-30 19:00:00",
    "calendarYear": "2019",
    "period": "Q4",
    "revenue": 278814000,
    "costOfRevenue": 75702000,
    "grossProfit": 203112000,
    "grossProfitRatio": 0.7284856571,
    "researchAndDevelopmentExpenses": 15356000,
    "generalAndAdministrativeExpenses": 0,
    "sellingAndMarketingExpenses": 0,
    "sellingGeneralAndAdministrativeExpenses": 142827000,
    "otherExpenses": 0,
    "operatingExpenses": 158183000,
    "costAndExpenses": 233885000,
    "interestIncome": 0,
    "interestExpense": 19360000,
    "depreciationAndAmortization": 28946000,
    "ebitda": 75285000,
    "ebitdaratio": 0.2700187222,
    "operatingIncome": 44929000,
    "operatingIncomeRatio": 0.1611432711,
    "totalOtherIncomeExpensesNet": -17950000,
    "incomeBeforeTax": 26979000,
    "incomeBeforeTaxRatio": 0.0967634337,
    "incomeTaxExpense": -12053000,
    "netIncome": 39032000,
    "netIncomeRatio": 0.1399929702,
    "eps": 0.11,
    "epsdiluted": 0.11,
    "weightedAverageShsOut": 357955309,
    "weightedAverageShsOutDil": 357955309,
    "link": null,
    "finalLink": null
  },
  {
    "date": "2019-09-30",
    "symbol": "APP",
    "reportedCurrency": "USD",
    "cik": "0001751008",
    "fillingDate": "2019-09-30",
    "acceptedDate": "2019-09-29 20:00:00",
    "calendarYear": "2019",
    "period": "Q3",
    "revenue": 260596999,
    "costOfRevenue": 69099000,
    "grossProfit": 191498000,
    "grossProfitRatio": 0.7348434584,
    "researchAndDevelopmentExpenses": 12243000,
    "generalAndAdministrativeExpenses": 0,
    "sellingAndMarketingExpenses": 0,
    "sellingGeneralAndAdministrativeExpenses": 131877000,
    "otherExpenses": 0,
    "operatingExpenses": 144120000,
    "costAndExpenses": 213219000,
    "interestIncome": 0,
    "interestExpense": 20929000,
    "depreciationAndAmortization": 23976000,
    "ebitda": 73466000,
    "ebitdaratio": 0.2819142211,
    "operatingIncome": 47378000,
    "operatingIncomeRatio": 0.1818056239,
    "totalOtherIncomeExpensesNet": -18817000,
    "incomeBeforeTax": 28561000,
    "incomeBeforeTaxRatio": 0.1095983458,
    "incomeTaxExpense": 5553000,
    "netIncome": 23008000,
    "netIncomeRatio": 0.0882895816,
    "eps": 0.0643,
    "epsdiluted": 0.0643,
    "weightedAverageShsOut": 357955309,
    "weightedAverageShsOutDil": 357955309,
    "link": null,
    "finalLink": null
  },
  {
    "date": "2019-06-30",
    "symbol": "APP",
    "reportedCurrency": "USD",
    "cik": "0001751008",
    "fillingDate": "2019-06-30",
    "acceptedDate": "2019-06-29 20:00:00",
    "calendarYear": "2019",
    "period": "Q2",
    "revenue": 248452000,
    "costOfRevenue": 58051000,
    "grossProfit": 190401000,
    "grossProfitRatio": 0.7663492345,
    "researchAndDevelopmentExpenses": 10522000,
    "generalAndAdministrativeExpenses": 0,
    "sellingAndMarketingExpenses": 0,
    "sellingGeneralAndAdministrativeExpenses": 118481000,
    "otherExpenses": 0,
    "operatingExpenses": 129002999,
    "costAndExpenses": 187054000,
    "interestIncome": 0,
    "interestExpense": 19245000,
    "depreciationAndAmortization": 17933000,
    "ebitda": 81260000,
    "ebitdaratio": 0.3270651876,
    "operatingIncome": 61398000,
    "operatingIncomeRatio": 0.2471221805,
    "totalOtherIncomeExpensesNet": -17316000,
    "incomeBeforeTax": 44082000,
    "incomeBeforeTaxRatio": 0.1774266257,
    "incomeTaxExpense": 8602000,
    "netIncome": 35480000,
    "netIncomeRatio": 0.1428042439,
    "eps": 0.0991,
    "epsdiluted": 0.0991,
    "weightedAverageShsOut": 357955309,
    "weightedAverageShsOutDil": 357955309,
    "link": null,
    "finalLink": null
  },
  {
    "date": "2019-03-31",
    "symbol": "APP",
    "reportedCurrency": "USD",
    "cik": "0001751008",
    "fillingDate": "2019-03-31",
    "acceptedDate": "2019-03-30 20:00:00",
    "calendarYear": "2019",
    "period": "Q1",
    "revenue": 206241000,
    "costOfRevenue": 46063000,
    "grossProfit": 160178000,
    "grossProfitRatio": 0.7766544964,
    "researchAndDevelopmentExpenses": 6845000,
    "generalAndAdministrativeExpenses": 0,
    "sellingAndMarketingExpenses": 0,
    "sellingGeneralAndAdministrativeExpenses": 112667000,
    "otherExpenses": 0,
    "operatingExpenses": 119512000,
    "costAndExpenses": 165575000,
    "interestIncome": 0,
    "interestExpense": 14421000,
    "depreciationAndAmortization": 11573000,
    "ebitda": 52606000,
    "ebitdaratio": 0.2550705243,
    "operatingIncome": 40666000,
    "operatingIncomeRatio": 0.1971770889,
    "totalOtherIncomeExpensesNet": -14054000,
    "incomeBeforeTax": 26612000,
    "incomeBeforeTaxRatio": 0.1290335093,
    "incomeTaxExpense": 5092000,
    "netIncome": 21520000,
    "netIncomeRatio": 0.1043439471,
    "eps": 0.0601,
    "epsdiluted": 0.0601,
    "weightedAverageShsOut": 357955309,
    "weightedAverageShsOutDil": 357955309,
    "link": null,
    "finalLink": null
  }
]