[
  {
    "date": "2024-12-31",
    "symbol": "APTV",
    "reportedCurrency": "USD",
    "cik": "0001521332",
    "fillingDate": "2025-02-07",
    "acceptedDate": "2025-02-07 16:56:51",
    "calendarYear": "2024",
    "period": "FY",
    "revenue": 19713000000,
    "costOfRevenue": 16186000000,
    "grossProfit": 3527000000,
    "grossProfitRatio": 0.1789174656,
    "researchAndDevelopmentExpenses": 0,
    "generalAndAdministrativeExpenses": 0,
    "sellingAndMarketingExpenses": 0,
    "sellingGeneralAndAdministrativeExpenses": 1465000000,
    "otherExpenses": 0,
    "operatingExpenses": 1465000000,
    "costAndExpenses": 17651000000,
    "interestIncome": 87000000,
    "interestExpense": 337000000,
    "depreciationAndAmortization": 964000000,
    "ebitda": 3452000000,
    "ebitdaratio": 0.1751128697,
    "operatingIncome": 2062000000,
    "operatingIncomeRatio": 0.1046010247,
    "totalOtherIncomeExpensesNet": -29000000,
    "incomeBeforeTax": 2033000000,
    "incomeBeforeTaxRatio": 0.1031299143,
    "incomeTaxExpense": 223000000,
    "netIncome": 1787000000,
    "netIncomeRatio": 0.0906508395,
    "eps": 6.97,
    "epsdiluted": 6.96,
    "weightedAverageShsOut": 256380000,
    "weightedAverageShsOutDil": 256660000,
    "link": "https://www.sec.gov/Archives/edgar/data/1521332/000152133225000010/0001521332-25-000010-index.htm",
    "finalLink": "https://www.sec.gov/Archives/edgar/data/1521332/000152133225000010/aptv-20241231.htm"
  },
  {
    "date": "2023-12-31",
    "symbol": "APTV",
    "reportedCurrency": "USD",
    "cik": "0001521332",
    "fillingDate": "2024-02-06",
    "acceptedDate": "2024-02-06 16:03:44",
    "calendarYear": "2023",
    "period": "FY",
    "revenue": 20051000000,
    "costOfRevenue": 16965000000,
    "grossProfit": 3086000000,
    "grossProfitRatio": 0.1539075358,
    "researchAndDevelopmentExpenses": 0,
    "generalAndAdministrativeExpenses": 0,
    "sellingAndMarketingExpenses": 0,
    "sellingGeneralAndAdministrativeExpenses": 1436000000,
    "otherExpenses": 0,
    "operatingExpenses": 1436000000,
    "costAndExpenses": 18401000000,
    "interestIncome": 111000000,
    "interestExpense": 285000000,
    "depreciationAndAmortization": 912000000,
    "ebitda": 2534000000,
    "ebitdaratio": 0.1263777368,
    "operatingIncome": 1650000000,
    "operatingIncomeRatio": 0.0822901601,
    "totalOtherIncomeExpensesNet": -612000000,
    "incomeBeforeTax": 1038000000,
    "incomeBeforeTaxRatio": 0.0517679916,
    "incomeTaxExpense": -1928000000,
    "netIncome": 2938000000,
    "netIncomeRatio": 0.1465263578,
    "eps": 10.5,
    "epsdiluted": 10.39,
    "weightedAverageShsOut": 276920000,
    "weightedAverageShsOutDil": 282880000,
    "link": "https://www.sec.gov/Archives/edgar/data/1521332/000152133224000011/0001521332-24-000011-index.htm",
    "finalLink": "https://www.sec.gov/Archives/edgar/data/1521332/000152133224000011/aptv-20231231.htm"
  },
  {
    "date": "2022-12-31",
    "symbol": "APTV",
    "reportedCurrency": "USD",
    "cik": "0001521332",
    "fillingDate": "2023-02-08",
    "acceptedDate": "2023-02-08 08:33:34",
    "calendarYear": "2022",
    "period": "FY",
    "revenue": 17489000000,
    "costOfRevenue": 14994000000,
    "grossProfit": 2495000000,
    "grossProfitRatio": 0.1426611013,
    "researchAndDevelopmentExpenses": 0,
    "generalAndAdministrativeExpenses": 0,
    "sellingAndMarketingExpenses": 0,
    "sellingGeneralAndAdministrativeExpenses": 1138000000,
    "otherExpenses": 0,
    "operatingExpenses": 1138000000,
    "costAndExpenses": 16132000000,
    "interestIncome": 86000000,
    "interestExpense": 219000000,
    "depreciationAndAmortization": 762000000,
    "ebitda": 1971000000,
    "ebitdaratio": 0.1126994111,
    "operatingIncome": 1357000000,
    "operatingIncomeRatio": 0.077591629,
    "totalOtherIncomeExpensesNet": -646000000,
    "incomeBeforeTax": 711000000,
    "incomeBeforeTaxRatio": 0.0406541255,
    "incomeTaxExpense": 121000000,
    "netIncome": 594000000,
    "netIncomeRatio": 0.0339642061,
    "eps": 1.96,
    "epsdiluted": 1.96,
    "weightedAverageShsOut": 270900000,
    "weightedAverageShsOutDil": 271180000,
    "link": "https://www.sec.gov/Archives/edgar/data/1521332/000152133223000013/0001521332-23-000013-index.htm",
    "finalLink": "https://www.sec.gov/Archives/edgar/data/1521332/000152133223000013/aptv-20221231.htm"
  },
  {
    "date": "2021-12-31",
    "symbol": "APTV",
    "reportedCurrency": "USD",
    "cik": "0001521332",
    "fillingDate": "2022-02-07",
    "acceptedDate": "2022-02-07 08:19:00",
    "calendarYear": "2021",
    "period": "FY",
    "revenue": 15618000000,
    "costOfRevenue": 13269000000,
    "grossProfit": 2349000000,
    "grossProfitRatio": 0.1504033807,
    "researchAndDevelopmentExpenses": 0,
    "generalAndAdministrativeExpenses": 0,
    "sellingAndMarketingExpenses": 0,
    "sellingGeneralAndAdministrativeExpenses": 1075000000,
    "otherExpenses": 0,
    "operatingExpenses": 1075000000,
    "costAndExpenses": 14344000000,
    "interestIncome": 9000000,
    "interestExpense": 150000000,
    "depreciationAndAmortization": 773000000,
    "ebitda": 1833000000,
    "ebitdaratio": 0.1173645793,
    "operatingIncome": 1274000000,
    "operatingIncomeRatio": 0.0815725445,
    "totalOtherIncomeExpensesNet": -564000000,
    "incomeBeforeTax": 710000000,
    "incomeBeforeTaxRatio": 0.0454603662,
    "incomeTaxExpense": 101000000,
    "netIncome": 590000000,
    "netIncomeRatio": 0.0377769241,
    "eps": 1.95,
    "epsdiluted": 1.94,
    "weightedAverageShsOut": 270460000,
    "weightedAverageShsOutDil": 271220000,
    "link": "https://www.sec.gov/Archives/edgar/data/1521332/000152133222000010/0001521332-22-000010-index.htm",
    "finalLink": "https://www.sec.gov/Archives/edgar/data/1521332/000152133222000010/aptv-20211231.htm"
  },
  {
    "date": "2020-12-31",
    "symbol": "APTV",
    "reportedCurrency": "USD",
    "cik": "0001521332",
    "fillingDate": "2021-02-08",
    "acceptedDate": "2021-02-08 16:02:27",
    "calendarYear": "2020",
    "period": "FY",
    "revenue": 13066000000,
    "costOfRevenue": 11253000000,
    "grossProfit": 1813000000,
    "grossProfitRatio": 0.1387570794,
    "researchAndDevelopmentExpenses": 0,
    "generalAndAdministrativeExpenses": 0,
    "sellingAndMarketingExpenses": 0,
    "sellingGeneralAndAdministrativeExpenses": 976000000,
    "otherExpenses": 0,
    "operatingExpenses": 976000000,
    "costAndExpenses": 12229000000,
    "interestIncome": 8000000,
    "interestExpense": 164000000,
    "depreciationAndAmortization": 764000000,
    "ebitda": 2882000000,
    "ebitdaratio": 0.2205724782,
    "operatingIncome": 837000000,
    "operatingIncomeRatio": 0.0640593908,
    "totalOtherIncomeExpensesNet": 1034000000,
    "incomeBeforeTax": 1871000000,
    "incomeBeforeTaxRatio": 0.1431960814,
    "incomeTaxExpense": 49000000,
    "netIncome": 1804000000,
    "netIncomeRatio": 0.1380682688,
    "eps": 6.72,
    "epsdiluted": 6.66,
    "weightedAverageShsOut": 263430000,
    "weightedAverageShsOutDil": 270700000,
    "link": "https://www.sec.gov/Archives/edgar/data/1521332/000152133221000009/0001521332-21-000009-index.htm",
    "finalLink": "https://www.sec.gov/Archives/edgar/data/1521332/000152133221000009/aptv-20201231.htm"
  },
  {
    "date": "2019-12-31",
    "symbol": "APTV",
    "reportedCurrency": "USD",
    "cik": "0001521332",
    "fillingDate": "2020-02-03",
    "acceptedDate": "2020-02-03 16:12:39",
    "calendarYear": "2019",
    "period": "FY",
    "revenue": 14357000000,
    "costOfRevenue": 11851000000,
    "grossProfit": 2506000000,
    "grossProfitRatio": 0.1745490005,
    "researchAndDevelopmentExpenses": 0,
    "generalAndAdministrativeExpenses": 0,
    "sellingAndMarketingExpenses": 0,
    "sellingGeneralAndAdministrativeExpenses": 1076000000,
    "otherExpenses": 0,
    "operatingExpenses": 1076000000,
    "costAndExpenses": 12927000000,
    "interestIncome": 13000000,
    "interestExpense": 164000000,
    "depreciationAndAmortization": 717000000,
    "ebitda": 2007000000,
    "ebitdaratio": 0.1397924357,
    "operatingIncome": 1430000000,
    "operatingIncomeRatio": 0.0996029811,
    "totalOtherIncomeExpensesNet": -289000000,
    "incomeBeforeTax": 1141000000,
    "incomeBeforeTaxRatio": 0.0794734276,
    "incomeTaxExpense": 132000000,
    "netIncome": 990000000,
    "netIncomeRatio": 0.06895591,
    "eps": 3.85,
    "epsdiluted": 3.85,
    "weightedAverageShsOut": 256810000,
    "weightedAverageShsOutDil": 257390000,
    "link": "https://www.sec.gov/Archives/edgar/data/1521332/000152133220000012/0001521332-20-000012-index.htm",
    "finalLink": "https://www.sec.gov/Archives/edgar/data/1521332/000152133220000012/aptv1231201910-k.htm"
  },
  {
    "date": "2018-12-31",
    "symbol": "APTV",
    "reportedCurrency": "USD",
    "cik": "0001521332",
    "fillingDate": "2019-02-04",
    "acceptedDate": "2019-02-04 16:12:42",
    "calendarYear": "2018",
    "period": "FY",
    "revenue": 14435000000,
    "costOfRevenue": 11860000000,
    "grossProfit": 2575000000,
    "grossProfitRatio": 0.1783858677,
    "researchAndDevelopmentExpenses": 0,
    "generalAndAdministrativeExpenses": 0,
    "sellingAndMarketingExpenses": 0,
    "sellingGeneralAndAdministrativeExpenses": 993000000,
    "otherExpenses": 0,
    "operatingExpenses": 993000000,
    "costAndExpenses": 12853000000,
    "interestIncome": 21000000,
    "interestExpense": 141000000,
    "depreciationAndAmortization": 676000000,
    "ebitda": 2151000000,
    "ebitdaratio": 0.1490128161,
    "operatingIncome": 1582000000,
    "operatingIncomeRatio": 0.109594735,
    "totalOtherIncomeExpensesNet": -225000000,
    "incomeBeforeTax": 1357000000,
    "incomeBeforeTaxRatio": 0.0940076204,
    "incomeTaxExpense": 250000000,
    "netIncome": 1067000000,
    "netIncomeRatio": 0.0739175615,
    "eps": 4.04,
    "epsdiluted": 4.02,
    "weightedAverageShsOut": 264410000,
    "weightedAverageShsOutDil": 265220000,
    "link": "https://www.sec.gov/Archives/edgar/data/1521332/000152133219000007/0001521332-19-000007-index.htm",
    "finalLink": "https://www.sec.gov/Archives/edgar/data/1521332/000152133219000007/aptv1231201810k.htm"
  },
  {
    "date": "2017-12-31",
    "symbol": "APTV",
    "reportedCurrency": "USD",
    "cik": "0001521332",
    "fillingDate": "2017-12-31",
    "acceptedDate": "2017-12-31 00:00:00",
    "calendarYear": "2017",
    "period": "FY",
    "revenue": 12884000000,
    "costOfRevenue": 10380000000,
    "grossProfit": 2504000000,
    "grossProfitRatio": 0.1943495809,
    "researchAndDevelopmentExpenses": 0,
    "generalAndAdministrativeExpenses": 0,
    "sellingAndMarketingExpenses": 0,
    "sellingGeneralAndAdministrativeExpenses": 952000000,
    "otherExpenses": 0,
    "operatingExpenses": 952000000,
    "costAndExpenses": 11332000000,
    "interestIncome": 7000000,
    "interestExpense": 140000000,
    "depreciationAndAmortization": 537000000,
    "ebitda": 1941000000,
    "ebitdaratio": 0.1506519714,
    "operatingIncome": 1552000000,
    "operatingIncomeRatio": 0.1204594846,
    "totalOtherIncomeExpensesNet": -266000000,
    "incomeBeforeTax": 1286000000,
    "incomeBeforeTaxRatio": 0.0998137224,
    "incomeTaxExpense": 223000000,
    "netIncome": 1355000000,
    "netIncomeRatio": 0.1051692021,
    "eps": 5.1,
    "epsdiluted": 5.06,
    "weightedAverageShsOut": 265839794,
    "weightedAverageShsOutDil": 268030000,
    "link": null,
    "finalLink": null
  },
  {
    "date": "2016-12-31",
    "symbol": "APTV",
    "reportedCurrency": "USD",
    "cik": "0001521332",
    "fillingDate": "2017-02-06",
    "acceptedDate": "2017-02-06 08:49:19",
    "calendarYear": "2016",
    "period": "FY",
    "revenue": 16661000000,
    "costOfRevenue": 8813000000,
    "grossProfit": 3461000000,
    "grossProfitRatio": 0.2077306284,
    "researchAndDevelopmentExpenses": 0,
    "generalAndAdministrativeExpenses": 0,
    "sellingAndMarketingExpenses": 0,
    "sellingGeneralAndAdministrativeExpenses": 924000000,
    "otherExpenses": -18000000,
    "operatingExpenses": 1730000000,
    "costAndExpenses": 10543000000,
    "interestIncome": 1000000,
    "interestExpense": 155000000,
    "depreciationAndAmortization": 488000000,
    "ebitda": 1644000000,
    "ebitdaratio": 0.098673549,
    "operatingIncome": 1731000000,
    "operatingIncomeRatio": 0.1038953244,
    "totalOtherIncomeExpensesNet": -696000000,
    "incomeBeforeTax": 1035000000,
    "incomeBeforeTaxRatio": 0.0621211212,
    "incomeTaxExpense": 167000000,
    "netIncome": 1257000000,
    "netIncomeRatio": 0.0754456515,
    "eps": 4.66,
    "epsdiluted": 4.59,
    "weightedAverageShsOut": 269789959,
    "weightedAverageShsOutDil": 273700000,
    "link": "https://www.sec.gov/Archives/edgar/data/1521332/000152133217000013/0001521332-17-000013-index.htm",
    "finalLink": "https://www.sec.gov/Archives/edgar/data/1521332/000152133217000013/dlph1231201610k.htm"
  },
  {
    "date": "2015-12-31",
    "symbol": "APTV",
    "reportedCurrency": "USD",
    "cik": "0001521332",
    "fillingDate": "2016-02-08",
    "acceptedDate": "2016-02-08 08:38:48",
    "calendarYear": "2015",
    "period": "FY",
    "revenue": 15165000000,
    "costOfRevenue": 12130000000,
    "grossProfit": 3035000000,
    "grossProfitRatio": 0.2001318826,
    "researchAndDevelopmentExpenses": 0,
    "generalAndAdministrativeExpenses": 0,
    "sellingAndMarketingExpenses": 0,
    "sellingGeneralAndAdministrativeExpenses": 803000000,
    "otherExpenses": 0,
    "operatingExpenses": 1017000000,
    "costAndExpenses": 13147000000,
    "interestIncome": 5000000,
    "interestExpense": 124000000,
    "depreciationAndAmortization": 540000000,
    "ebitda": 1465000000,
    "ebitdaratio": 0.0966040224,
    "operatingIncome": 2018000000,
    "operatingIncomeRatio": 0.1330695681,
    "totalOtherIncomeExpensesNet": -494000000,
    "incomeBeforeTax": 1524000000,
    "incomeBeforeTaxRatio": 0.1004945598,
    "incomeTaxExpense": 263000000,
    "netIncome": 1450000000,
    "netIncomeRatio": 0.0956149027,
    "eps": 5.21,
    "epsdiluted": 5.06,
    "weightedAverageShsOut": 278208470,
    "weightedAverageShsOutDil": 286640000,
    "link": "https://www.sec.gov/Archives/edgar/data/1521332/000152133216000084/0001521332-16-000084-index.htm",
    "finalLink": "https://www.sec.gov/Archives/edgar/data/1521332/000152133216000084/dlph1231201510k.htm"
  },
  {
    "date": "2014-12-31",
    "symbol": "APTV",
    "reportedCurrency": "USD",
    "cik": "0001521332",
    "fillingDate": "2015-02-09",
    "acceptedDate": "2015-02-09 08:42:23",
    "calendarYear": "2014",
    "period": "FY",
    "revenue": 17023000000,
    "costOfRevenue": 12552000000,
    "grossProfit": 2947000000,
    "grossProfitRatio": 0.1731187217,
    "researchAndDevelopmentExpenses": 0,
    "generalAndAdministrativeExpenses": 0,
    "sellingAndMarketingExpenses": 0,
    "sellingGeneralAndAdministrativeExpenses": 1036000000,
    "otherExpenses": 0,
    "operatingExpenses": 1036000000,
    "costAndExpenses": 13588000000,
    "interestIncome": 10000000,
    "interestExpense": 135000000,
    "depreciationAndAmortization": 587000000,
    "ebitda": 2290000000,
    "ebitdaratio": 0.1345238795,
    "operatingIncome": 1911000000,
    "operatingIncomeRatio": 0.1122598837,
    "totalOtherIncomeExpensesNet": -276000000,
    "incomeBeforeTax": 1635000000,
    "incomeBeforeTaxRatio": 0.0960465253,
    "incomeTaxExpense": 255000000,
    "netIncome": 1351000000,
    "netIncomeRatio": 0.0793632145,
    "eps": 4.63,
    "epsdiluted": 4.48,
    "weightedAverageShsOut": 291619411,
    "weightedAverageShsOutDil": 301890000,
    "link": "https://www.sec.gov/Archives/edgar/data/1521332/000152133215000014/0001521332-15-000014-index.htm",
    "finalLink": "https://www.sec.gov/Archives/edgar/data/1521332/000152133215000014/dlph1231201410k.htm"
  },
  {
    "date": "2013-12-31",
    "symbol": "APTV",
    "reportedCurrency": "USD",
    "cik": "0001521332",
    "fillingDate": "2014-02-10",
    "acceptedDate": "2014-02-10 08:23:55",
    "calendarYear": "2013",
    "period": "FY",
    "revenue": 16463000000,
    "costOfRevenue": 13672000000,
    "grossProfit": 2791000000,
    "grossProfitRatio": 0.1695316771,
    "researchAndDevelopmentExpenses": 0,
    "generalAndAdministrativeExpenses": 0,
    "sellingAndMarketingExpenses": 0,
    "sellingGeneralAndAdministrativeExpenses": 916000000,
    "otherExpenses": 0,
    "operatingExpenses": 963000000,
    "costAndExpenses": 14635000000,
    "interestIncome": 14000000,
    "interestExpense": 143000000,
    "depreciationAndAmortization": 540000000,
    "ebitda": 2108000000,
    "ebitdaratio": 0.1280447063,
    "operatingIncome": 1828000000,
    "operatingIncomeRatio": 0.1110368706,
    "totalOtherIncomeExpensesNet": -271000000,
    "incomeBeforeTax": 1557000000,
    "incomeBeforeTaxRatio": 0.0945757152,
    "incomeTaxExpense": 256000000,
    "netIncome": 1212000000,
    "netIncomeRatio": 0.0736196319,
    "eps": 3.96,
    "epsdiluted": 3.89,
    "weightedAverageShsOut": 306389149,
    "weightedAverageShsOutDil": 311800000,
    "link": "https://www.sec.gov/Archives/edgar/data/1521332/000152133214000011/0001521332-14-000011-index.htm",
    "finalLink": "https://www.sec.gov/Archives/edgar/data/1521332/000152133214000011/dlph1231201310k.htm"
  },
  {
    "date": "2012-12-31",
    "symbol": "APTV",
    "reportedCurrency": "USD",
    "cik": "0001521332",
    "fillingDate": "2013-02-11",
    "acceptedDate": "2013-02-11 07:23:10",
    "calendarYear": "2012",
    "period": "FY",
    "revenue": 15519000000,
    "costOfRevenue": 12943000000,
    "grossProfit": 2576000000,
    "grossProfitRatio": 0.1659900767,
    "researchAndDevelopmentExpenses": 0,
    "generalAndAdministrativeExpenses": 0,
    "sellingAndMarketingExpenses": 0,
    "sellingGeneralAndAdministrativeExpenses": 927000000,
    "otherExpenses": 0,
    "operatingExpenses": 927000000,
    "costAndExpenses": 13870000000,
    "interestIncome": 17000000,
    "interestExpense": 136000000,
    "depreciationAndAmortization": 486000000,
    "ebitda": 1967000000,
    "ebitdaratio": 0.1267478575,
    "operatingIncome": 1649000000,
    "operatingIncomeRatio": 0.1062568464,
    "totalOtherIncomeExpensesNet": -277000000,
    "incomeBeforeTax": 1372000000,
    "incomeBeforeTaxRatio": 0.0884077582,
    "incomeTaxExpense": 212000000,
    "netIncome": 1077000000,
    "netIncomeRatio": 0.0693988015,
    "eps": 3.42,
    "epsdiluted": 3.33,
    "weightedAverageShsOut": 315299183,
    "weightedAverageShsOutDil": 323290000,
    "link": "https://www.sec.gov/Archives/edgar/data/1521332/000152133213000010/0001521332-13-000010-index.htm",
    "finalLink": "https://www.sec.gov/Archives/edgar/data/1521332/000152133213000010/dlph1231201210k.htm"
  },
  {
    "date": "2011-12-31",
    "symbol": "APTV",
    "reportedCurrency": "USD",
    "cik": "0001521332",
    "fillingDate": "2012-02-17",
    "acceptedDate": "2012-02-17 14:56:08",
    "calendarYear": "2011",
    "period": "FY",
    "revenue": 16041000000,
    "costOfRevenue": 13511000000,
    "grossProfit": 2530000000,
    "grossProfitRatio": 0.1577208403,
    "researchAndDevelopmentExpenses": 0,
    "generalAndAdministrativeExpenses": 0,
    "sellingAndMarketingExpenses": 0,
    "sellingGeneralAndAdministrativeExpenses": 901000000,
    "otherExpenses": 0,
    "operatingExpenses": 901000000,
    "costAndExpenses": 14412000000,
    "interestIncome": 31000000,
    "interestExpense": 123000000,
    "depreciationAndAmortization": 475000000,
    "ebitda": 2104000000,
    "ebitdaratio": 0.1311638925,
    "operatingIncome": 1629000000,
    "operatingIncomeRatio": 0.1015522723,
    "totalOtherIncomeExpensesNet": -101000000,
    "incomeBeforeTax": 1528000000,
    "incomeBeforeTaxRatio": 0.0952559067,
    "incomeTaxExpense": 305000000,
    "netIncome": 1145000000,
    "netIncomeRatio": 0.0713795898,
    "eps": 2.72,
    "epsdiluted": 2.72,
    "weightedAverageShsOut": 421260000,
    "weightedAverageShsOutDil": 421260000,
    "link": "https://www.sec.gov/Archives/edgar/data/1521332/000119312512067225/0001193125-12-067225-index.htm",
    "finalLink": "https://www.sec.gov/Archives/edgar/data/1521332/000119312512067225/d299912d10k.htm"
  },
  {
    "date": "2010-12-31",
    "symbol": "APTV",
    "reportedCurrency": "USD",
    "cik": "0001521332",
    "fillingDate": "2010-12-31",
    "acceptedDate": "2010-12-31 00:00:00",
    "calendarYear": "2010",
    "period": "FY",
    "revenue": 13817000000,
    "costOfRevenue": 11838000000,
    "grossProfit": 1979000000,
    "grossProfitRatio": 0.1432293551,
    "researchAndDevelopmentExpenses": 0,
    "generalAndAdministrativeExpenses": 0,
    "sellingAndMarketingExpenses": 0,
    "sellingGeneralAndAdministrativeExpenses": 815000000,
    "otherExpenses": 0,
    "operatingExpenses": 815000000,
    "costAndExpenses": 12653000000,
    "interestIncome": 29000000,
    "interestExpense": 30000000,
    "depreciationAndAmortization": 421000000,
    "ebitda": 1395000000,
    "ebitdaratio": 0.1009625823,
    "operatingIncome": 1164000000,
    "operatingIncomeRatio": 0.0842440472,
    "totalOtherIncomeExpensesNet": -203000000,
    "incomeBeforeTax": 961000000,
    "incomeBeforeTaxRatio": 0.0695520012,
    "incomeTaxExpense": 258000000,
    "netIncome": 631000000,
    "netIncomeRatio": 0.0456683795,
    "eps": 1.39,
    "epsdiluted": 1.39,
    "weightedAverageShsOut": 452580000,
    "weightedAverageShsOutDil": 452580000,
    "link": null,
    "finalLink": null
  }
]