[
  {
    "date": "2025-06-30",
    "symbol": "APTV",
    "reportedCurrency": "USD",
    "cik": "0001521332",
    "fillingDate": "2025-07-31",
    "acceptedDate": "2025-07-31 16:13:19",
    "calendarYear": "2025",
    "period": "Q2",
    "revenue": 5208000000,
    "costOfRevenue": 4211000000,
    "grossProfit": 997000000,
    "grossProfitRatio": 0.1914362519,
    "researchAndDevelopmentExpenses": 0,
    "generalAndAdministrativeExpenses": 0,
    "sellingAndMarketingExpenses": 0,
    "sellingGeneralAndAdministrativeExpenses": 406000000,
    "otherExpenses": 105000000,
    "operatingExpenses": 511000000,
    "costAndExpenses": 4722000000,
    "interestIncome": 13000000,
    "interestExpense": 91000000,
    "depreciationAndAmortization": 250000000,
    "ebitda": 794000000,
    "ebitdaratio": 0.1524577573,
    "operatingIncome": 486000000,
    "operatingIncomeRatio": 0.0933179724,
    "totalOtherIncomeExpensesNet": -33000000,
    "incomeBeforeTax": 453000000,
    "incomeBeforeTaxRatio": 0.0869815668,
    "incomeTaxExpense": 56000000,
    "netIncome": 393000000,
    "netIncomeRatio": 0.0754608295,
    "eps": 1.8,
    "epsdiluted": 1.8,
    "weightedAverageShsOut": 224320000,
    "weightedAverageShsOutDil": 224320000,
    "link": "https://www.sec.gov/Archives/edgar/data/1521332/000152133225000040/0001521332-25-000040-index.htm",
    "finalLink": "https://www.sec.gov/Archives/edgar/data/1521332/000152133225000040/aptv-20250630.htm"
  },
  {
    "date": "2025-03-31",
    "symbol": "APTV",
    "reportedCurrency": "USD",
    "cik": "0001521332",
    "fillingDate": "2025-05-01",
    "acceptedDate": "2025-05-01 16:11:39",
    "calendarYear": "2025",
    "period": "Q1",
    "revenue": 4825000000,
    "costOfRevenue": 3960000000,
    "grossProfit": 865000000,
    "grossProfitRatio": 0.1792746114,
    "researchAndDevelopmentExpenses": 0,
    "generalAndAdministrativeExpenses": 0,
    "sellingAndMarketingExpenses": 0,
    "sellingGeneralAndAdministrativeExpenses": 384000000,
    "otherExpenses": 0,
    "operatingExpenses": 384000000,
    "costAndExpenses": 4344000000,
    "interestIncome": 11000000,
    "interestExpense": 93000000,
    "depreciationAndAmortization": 242000000,
    "ebitda": 690000000,
    "ebitdaratio": 0.1430051813,
    "operatingIncome": 481000000,
    "operatingIncomeRatio": 0.0996891192,
    "totalOtherIncomeExpensesNet": -136000000,
    "incomeBeforeTax": 345000000,
    "incomeBeforeTaxRatio": 0.0715025907,
    "incomeTaxExpense": 356000000,
    "netIncome": -11000000,
    "netIncomeRatio": -0.0022797927,
    "eps": -0.05,
    "epsdiluted": -0.05,
    "weightedAverageShsOut": 230160000,
    "weightedAverageShsOutDil": 230160000,
    "link": "https://www.sec.gov/Archives/edgar/data/1521332/000152133225000027/0001521332-25-000027-index.htm",
    "finalLink": "https://www.sec.gov/Archives/edgar/data/1521332/000152133225000027/aptv-20250331.htm"
  },
  {
    "date": "2024-12-31",
    "symbol": "APTV",
    "reportedCurrency": "USD",
    "cik": "0001521332",
    "fillingDate": "2025-02-07",
    "acceptedDate": "2025-02-07 16:56:51",
    "calendarYear": "2024",
    "period": "Q4",
    "revenue": 4907000000,
    "costOfRevenue": 3780000000,
    "grossProfit": 1127000000,
    "grossProfitRatio": 0.2296718973,
    "researchAndDevelopmentExpenses": 0,
    "generalAndAdministrativeExpenses": 0,
    "sellingAndMarketingExpenses": 0,
    "sellingGeneralAndAdministrativeExpenses": 363000000,
    "otherExpenses": 0,
    "operatingExpenses": 363000000,
    "costAndExpenses": 4143000000,
    "interestIncome": 20000000,
    "interestExpense": 107000000,
    "depreciationAndAmortization": 245000000,
    "ebitda": 699000000,
    "ebitdaratio": 0.1424495619,
    "operatingIncome": 764000000,
    "operatingIncomeRatio": 0.1556959446,
    "totalOtherIncomeExpensesNet": -425000000,
    "incomeBeforeTax": 339000000,
    "incomeBeforeTaxRatio": 0.0690849806,
    "incomeTaxExpense": 64000000,
    "netIncome": 268000000,
    "netIncomeRatio": 0.0546158549,
    "eps": 1.14,
    "epsdiluted": 1.14,
    "weightedAverageShsOut": 235040000,
    "weightedAverageShsOutDil": 235460000,
    "link": "https://www.sec.gov/Archives/edgar/data/1521332/000152133225000010/0001521332-25-000010-index.htm",
    "finalLink": "https://www.sec.gov/Archives/edgar/data/1521332/000152133225000010/aptv-20241231.htm"
  },
  {
    "date": "2024-09-30",
    "symbol": "APTV",
    "reportedCurrency": "USD",
    "cik": "0001521332",
    "fillingDate": "2024-10-31",
    "acceptedDate": "2024-10-31 16:09:51",
    "calendarYear": "2024",
    "period": "Q3",
    "revenue": 4854000000,
    "costOfRevenue": 3967000000,
    "grossProfit": 887000000,
    "grossProfitRatio": 0.1827358879,
    "researchAndDevelopmentExpenses": 0,
    "generalAndAdministrativeExpenses": 0,
    "sellingAndMarketingExpenses": 0,
    "sellingGeneralAndAdministrativeExpenses": 331000000,
    "otherExpenses": 0,
    "operatingExpenses": 331000000,
    "costAndExpenses": 4298000000,
    "interestIncome": 31000000,
    "interestExpense": 101000000,
    "depreciationAndAmortization": 241000000,
    "ebitda": 749000000,
    "ebitdaratio": 0.1543057272,
    "operatingIncome": 556000000,
    "operatingIncomeRatio": 0.1145447054,
    "totalOtherIncomeExpensesNet": -156000000,
    "incomeBeforeTax": 400000000,
    "incomeBeforeTaxRatio": 0.0824062629,
    "incomeTaxExpense": 32000000,
    "netIncome": 363000000,
    "netIncomeRatio": 0.0747836836,
    "eps": 1.48,
    "epsdiluted": 1.48,
    "weightedAverageShsOut": 245480000,
    "weightedAverageShsOutDil": 245780000,
    "link": "https://www.sec.gov/Archives/edgar/data/1521332/000152133224000073/0001521332-24-000073-index.htm",
    "finalLink": "https://www.sec.gov/Archives/edgar/data/1521332/000152133224000073/aptv-20240930.htm"
  },
  {
    "date": "2024-06-30",
    "symbol": "APTV",
    "reportedCurrency": "USD",
    "cik": "0001521332",
    "fillingDate": "2024-08-01",
    "acceptedDate": "2024-08-01 16:06:15",
    "calendarYear": "2024",
    "period": "Q2",
    "revenue": 5051000000,
    "costOfRevenue": 4142000000,
    "grossProfit": 909000000,
    "grossProfitRatio": 0.1799643635,
    "researchAndDevelopmentExpenses": 0,
    "generalAndAdministrativeExpenses": 0,
    "sellingAndMarketingExpenses": 0,
    "sellingGeneralAndAdministrativeExpenses": 405000000,
    "otherExpenses": 0,
    "operatingExpenses": 405000000,
    "costAndExpenses": 4547000000,
    "interestIncome": 16000000,
    "interestExpense": 64000000,
    "depreciationAndAmortization": 248000000,
    "ebitda": 1340000000,
    "ebitdaratio": 0.2652940012,
    "operatingIncome": 504000000,
    "operatingIncomeRatio": 0.0997822213,
    "totalOtherIncomeExpensesNet": 490000000,
    "incomeBeforeTax": 994000000,
    "incomeBeforeTaxRatio": 0.1967927143,
    "incomeTaxExpense": 51000000,
    "netIncome": 938000000,
    "netIncomeRatio": 0.1857058008,
    "eps": 3.47,
    "epsdiluted": 3.47,
    "weightedAverageShsOut": 270190000,
    "weightedAverageShsOutDil": 270430000,
    "link": "https://www.sec.gov/Archives/edgar/data/1521332/000152133224000059/0001521332-24-000059-index.htm",
    "finalLink": "https://www.sec.gov/Archives/edgar/data/1521332/000152133224000059/aptv-20240630.htm"
  },
  {
    "date": "2024-03-31",
    "symbol": "APTV",
    "reportedCurrency": "USD",
    "cik": "0001521332",
    "fillingDate": "2024-05-02",
    "acceptedDate": "2024-05-02 16:12:43",
    "calendarYear": "2024",
    "period": "Q1",
    "revenue": 4901000000,
    "costOfRevenue": 4121000000,
    "grossProfit": 780000000,
    "grossProfitRatio": 0.1591511936,
    "researchAndDevelopmentExpenses": 0,
    "generalAndAdministrativeExpenses": 0,
    "sellingAndMarketingExpenses": 0,
    "sellingGeneralAndAdministrativeExpenses": 366000000,
    "otherExpenses": 0,
    "operatingExpenses": 366000000,
    "costAndExpenses": 4487000000,
    "interestIncome": 20000000,
    "interestExpense": 65000000,
    "depreciationAndAmortization": 230000000,
    "ebitda": 664000000,
    "ebitdaratio": 0.1354825546,
    "operatingIncome": 414000000,
    "operatingIncomeRatio": 0.0844725566,
    "totalOtherIncomeExpensesNet": -114000000,
    "incomeBeforeTax": 300000000,
    "incomeBeforeTaxRatio": 0.0612119976,
    "incomeTaxExpense": 76000000,
    "netIncome": 218000000,
    "netIncomeRatio": 0.0444807182,
    "eps": 0.79,
    "epsdiluted": 0.79,
    "weightedAverageShsOut": 275190000,
    "weightedAverageShsOutDil": 275310000,
    "link": "https://www.sec.gov/Archives/edgar/data/1521332/000152133224000038/0001521332-24-000038-index.htm",
    "finalLink": "https://www.sec.gov/Archives/edgar/data/1521332/000152133224000038/aptv-20240331.htm"
  },
  {
    "date": "2023-12-31",
    "symbol": "APTV",
    "reportedCurrency": "USD",
    "cik": "0001521332",
    "fillingDate": "2024-02-06",
    "acceptedDate": "2024-02-06 16:03:44",
    "calendarYear": "2023",
    "period": "Q4",
    "revenue": 4919000000,
    "costOfRevenue": 4099000000,
    "grossProfit": 820000000,
    "grossProfitRatio": 0.1667005489,
    "researchAndDevelopmentExpenses": 0,
    "generalAndAdministrativeExpenses": 0,
    "sellingAndMarketingExpenses": 0,
    "sellingGeneralAndAdministrativeExpenses": 381000000,
    "otherExpenses": 0,
    "operatingExpenses": 381000000,
    "costAndExpenses": 4480000000,
    "interestIncome": 35000000,
    "interestExpense": 71000000,
    "depreciationAndAmortization": 246000000,
    "ebitda": 628000000,
    "ebitdaratio": 0.1276682252,
    "operatingIncome": 439000000,
    "operatingIncomeRatio": 0.0892457817,
    "totalOtherIncomeExpensesNet": -200000000,
    "incomeBeforeTax": 239000000,
    "incomeBeforeTaxRatio": 0.0485871112,
    "incomeTaxExpense": -680000000,
    "netIncome": 905000000,
    "netIncomeRatio": 0.1839804838,
    "eps": 0,
    "epsdiluted": 0,
    "weightedAverageShsOut": 280950000,
    "weightedAverageShsOutDil": 281210000,
    "link": "https://www.sec.gov/Archives/edgar/data/1521332/000152133224000011/0001521332-24-000011-index.htm",
    "finalLink": "https://www.sec.gov/Archives/edgar/data/1521332/000152133224000011/aptv-20231231.htm"
  },
  {
    "date": "2023-09-30",
    "symbol": "APTV",
    "reportedCurrency": "USD",
    "cik": "0001521332",
    "fillingDate": "2023-11-02",
    "acceptedDate": "2023-11-02 16:05:52",
    "calendarYear": "2023",
    "period": "Q3",
    "revenue": 5114000000,
    "costOfRevenue": 4318000000,
    "grossProfit": 796000000,
    "grossProfitRatio": 0.1556511537,
    "researchAndDevelopmentExpenses": 0,
    "generalAndAdministrativeExpenses": 0,
    "sellingAndMarketingExpenses": 0,
    "sellingGeneralAndAdministrativeExpenses": 360000000,
    "otherExpenses": 0,
    "operatingExpenses": 360000000,
    "costAndExpenses": 4678000000,
    "interestIncome": 30000000,
    "interestExpense": 75000000,
    "depreciationAndAmortization": 226000000,
    "ebitda": 698000000,
    "ebitdaratio": 0.136488072,
    "operatingIncome": 436000000,
    "operatingIncomeRatio": 0.0852561596,
    "totalOtherIncomeExpensesNet": -111000000,
    "incomeBeforeTax": 325000000,
    "incomeBeforeTaxRatio": 0.0635510364,
    "incomeTaxExpense": -1312000000,
    "netIncome": 1629000000,
    "netIncomeRatio": 0.3185373485,
    "eps": 5.76,
    "epsdiluted": 5.76,
    "weightedAverageShsOut": 282840000,
    "weightedAverageShsOutDil": 283010000,
    "link": "https://www.sec.gov/Archives/edgar/data/1521332/000152133223000060/0001521332-23-000060-index.htm",
    "finalLink": "https://www.sec.gov/Archives/edgar/data/1521332/000152133223000060/aptv-20230930.htm"
  },
  {
    "date": "2023-06-30",
    "symbol": "APTV",
    "reportedCurrency": "USD",
    "cik": "0001521332",
    "fillingDate": "2023-08-03",
    "acceptedDate": "2023-08-03 16:03:24",
    "calendarYear": "2023",
    "period": "Q2",
    "revenue": 5200000000,
    "costOfRevenue": 4422000000,
    "grossProfit": 778000000,
    "grossProfitRatio": 0.1496153846,
    "researchAndDevelopmentExpenses": 0,
    "generalAndAdministrativeExpenses": 0,
    "sellingAndMarketingExpenses": 0,
    "sellingGeneralAndAdministrativeExpenses": 353000000,
    "otherExpenses": 0,
    "operatingExpenses": 353000000,
    "costAndExpenses": 4775000000,
    "interestIncome": 24000000,
    "interestExpense": 72000000,
    "depreciationAndAmortization": 224000000,
    "ebitda": 645000000,
    "ebitdaratio": 0.1240384615,
    "operatingIncome": 425000000,
    "operatingIncomeRatio": 0.0817307692,
    "totalOtherIncomeExpensesNet": -149000000,
    "incomeBeforeTax": 276000000,
    "incomeBeforeTaxRatio": 0.0530769231,
    "incomeTaxExpense": 30000000,
    "netIncome": 242000000,
    "netIncomeRatio": 0.0465384615,
    "eps": 0.84,
    "epsdiluted": 0.84,
    "weightedAverageShsOut": 272690000,
    "weightedAverageShsOutDil": 272770000,
    "link": "https://www.sec.gov/Archives/edgar/data/1521332/000152133223000052/0001521332-23-000052-index.htm",
    "finalLink": "https://www.sec.gov/Archives/edgar/data/1521332/000152133223000052/aptv-20230630.htm"
  },
  {
    "date": "2023-03-31",
    "symbol": "APTV",
    "reportedCurrency": "USD",
    "cik": "0001521332",
    "fillingDate": "2023-05-04",
    "acceptedDate": "2023-05-04 09:09:12",
    "calendarYear": "2023",
    "period": "Q1",
    "revenue": 4818000000,
    "costOfRevenue": 4236000000,
    "grossProfit": 582000000,
    "grossProfitRatio": 0.1207970112,
    "researchAndDevelopmentExpenses": 0,
    "generalAndAdministrativeExpenses": 0,
    "sellingAndMarketingExpenses": 0,
    "sellingGeneralAndAdministrativeExpenses": 342000000,
    "otherExpenses": 0,
    "operatingExpenses": 342000000,
    "costAndExpenses": 4578000000,
    "interestIncome": 22000000,
    "interestExpense": 67000000,
    "depreciationAndAmortization": 216000000,
    "ebitda": 563000000,
    "ebitdaratio": 0.1168534662,
    "operatingIncome": 240000000,
    "operatingIncomeRatio": 0.0498132005,
    "totalOtherIncomeExpensesNet": -42000000,
    "incomeBeforeTax": 198000000,
    "incomeBeforeTaxRatio": 0.0410958904,
    "incomeTaxExpense": 34000000,
    "netIncome": 162000000,
    "netIncomeRatio": 0.0336239103,
    "eps": 0.54,
    "epsdiluted": 0.54,
    "weightedAverageShsOut": 271010000,
    "weightedAverageShsOutDil": 271170000,
    "link": "https://www.sec.gov/Archives/edgar/data/1521332/000152133223000040/0001521332-23-000040-index.htm",
    "finalLink": "https://www.sec.gov/Archives/edgar/data/1521332/000152133223000040/aptv-20230331.htm"
  },
  {
    "date": "2022-12-31",
    "symbol": "APTV",
    "reportedCurrency": "USD",
    "cik": "0001521332",
    "fillingDate": "2023-02-08",
    "acceptedDate": "2023-02-08 08:33:34",
    "calendarYear": "2022",
    "period": "Q4",
    "revenue": 4640000000,
    "costOfRevenue": 3869000000,
    "grossProfit": 771000000,
    "grossProfitRatio": 0.1661637931,
    "researchAndDevelopmentExpenses": 0,
    "generalAndAdministrativeExpenses": 0,
    "sellingAndMarketingExpenses": 0,
    "sellingGeneralAndAdministrativeExpenses": 303000000,
    "otherExpenses": 0,
    "operatingExpenses": 303000000,
    "costAndExpenses": 4172000000,
    "interestIncome": 51000000,
    "interestExpense": 62000000,
    "depreciationAndAmortization": 188000000,
    "ebitda": 618000000,
    "ebitdaratio": 0.1331896552,
    "operatingIncome": 468000000,
    "operatingIncomeRatio": 0.100862069,
    "totalOtherIncomeExpensesNet": -177000000,
    "incomeBeforeTax": 291000000,
    "incomeBeforeTaxRatio": 0.0627155172,
    "incomeTaxExpense": 25000000,
    "netIncome": 249000000,
    "netIncomeRatio": 0.0536637931,
    "eps": 0.86,
    "epsdiluted": 0.86,
    "weightedAverageShsOut": 270950000,
    "weightedAverageShsOutDil": 271400000,
    "link": "https://www.sec.gov/Archives/edgar/data/1521332/000152133223000013/0001521332-23-000013-index.htm",
    "finalLink": "https://www.sec.gov/Archives/edgar/data/1521332/000152133223000013/aptv-20221231.htm"
  },
  {
    "date": "2022-09-30",
    "symbol": "APTV",
    "reportedCurrency": "USD",
    "cik": "0001521332",
    "fillingDate": "2022-11-03",
    "acceptedDate": "2022-11-03 16:04:30",
    "calendarYear": "2022",
    "period": "Q3",
    "revenue": 4614000000,
    "costOfRevenue": 3864000000,
    "grossProfit": 750000000,
    "grossProfitRatio": 0.1625487646,
    "researchAndDevelopmentExpenses": 0,
    "generalAndAdministrativeExpenses": 0,
    "sellingAndMarketingExpenses": 0,
    "sellingGeneralAndAdministrativeExpenses": 275000000,
    "otherExpenses": 0,
    "operatingExpenses": 275000000,
    "costAndExpenses": 4139000000,
    "interestIncome": 26000000,
    "interestExpense": 58000000,
    "depreciationAndAmortization": 190000000,
    "ebitda": 680000000,
    "ebitdaratio": 0.1473775466,
    "operatingIncome": 475000000,
    "operatingIncomeRatio": 0.1029475509,
    "totalOtherIncomeExpensesNet": -110000000,
    "incomeBeforeTax": 365000000,
    "incomeBeforeTaxRatio": 0.0791070655,
    "incomeTaxExpense": 59000000,
    "netIncome": 301000000,
    "netIncomeRatio": 0.0652362375,
    "eps": 1.06,
    "epsdiluted": 1.05,
    "weightedAverageShsOut": 270930000,
    "weightedAverageShsOutDil": 271100000,
    "link": "https://www.sec.gov/Archives/edgar/data/1521332/000152133222000056/0001521332-22-000056-index.htm",
    "finalLink": "https://www.sec.gov/Archives/edgar/data/1521332/000152133222000056/aptv-20220930.htm"
  },
  {
    "date": "2022-06-30",
    "symbol": "APTV",
    "reportedCurrency": "USD",
    "cik": "0001521332",
    "fillingDate": "2022-08-04",
    "acceptedDate": "2022-08-04 16:06:37",
    "calendarYear": "2022",
    "period": "Q2",
    "revenue": 4057000000,
    "costOfRevenue": 3643000000,
    "grossProfit": 414000000,
    "grossProfitRatio": 0.1020458467,
    "researchAndDevelopmentExpenses": 0,
    "generalAndAdministrativeExpenses": 0,
    "sellingAndMarketingExpenses": 0,
    "sellingGeneralAndAdministrativeExpenses": 286000000,
    "otherExpenses": 0,
    "operatingExpenses": 286000000,
    "costAndExpenses": 3929000000,
    "interestIncome": 7000000,
    "interestExpense": 56000000,
    "depreciationAndAmortization": 193000000,
    "ebitda": 265000000,
    "ebitdaratio": 0.0653192014,
    "operatingIncome": 128000000,
    "operatingIncomeRatio": 0.0315504067,
    "totalOtherIncomeExpensesNet": -184000000,
    "incomeBeforeTax": -56000000,
    "incomeBeforeTaxRatio": -0.0138033029,
    "incomeTaxExpense": 16000000,
    "netIncome": -45000000,
    "netIncomeRatio": -0.0110919399,
    "eps": -0.23,
    "epsdiluted": -0.23,
    "weightedAverageShsOut": 265217391,
    "weightedAverageShsOutDil": 270930000,
    "link": "https://www.sec.gov/Archives/edgar/data/1521332/000152133222000043/0001521332-22-000043-index.htm",
    "finalLink": "https://www.sec.gov/Archives/edgar/data/1521332/000152133222000043/aptv-20220630.htm"
  },
  {
    "date": "2022-03-31",
    "symbol": "APTV",
    "reportedCurrency": "USD",
    "cik": "0001521332",
    "fillingDate": "2022-05-05",
    "acceptedDate": "2022-05-05 16:04:38",
    "calendarYear": "2022",
    "period": "Q1",
    "revenue": 4178000000,
    "costOfRevenue": 3615000000,
    "grossProfit": 563000000,
    "grossProfitRatio": 0.1347534706,
    "researchAndDevelopmentExpenses": 0,
    "generalAndAdministrativeExpenses": 0,
    "sellingAndMarketingExpenses": 0,
    "sellingGeneralAndAdministrativeExpenses": 274000000,
    "otherExpenses": 0,
    "operatingExpenses": 274000000,
    "costAndExpenses": 3889000000,
    "interestIncome": 2000000,
    "interestExpense": 43000000,
    "depreciationAndAmortization": 191000000,
    "ebitda": 408000000,
    "ebitdaratio": 0.0976543801,
    "operatingIncome": 289000000,
    "operatingIncomeRatio": 0.0691718526,
    "totalOtherIncomeExpensesNet": -178000000,
    "incomeBeforeTax": 111000000,
    "incomeBeforeTaxRatio": 0.0265677358,
    "incomeTaxExpense": 21000000,
    "netIncome": 89000000,
    "netIncomeRatio": 0.0213020584,
    "eps": 0.27,
    "epsdiluted": 0.27,
    "weightedAverageShsOut": 270790000,
    "weightedAverageShsOutDil": 271160000,
    "link": "https://www.sec.gov/Archives/edgar/data/1521332/000152133222000027/0001521332-22-000027-index.htm",
    "finalLink": "https://www.sec.gov/Archives/edgar/data/1521332/000152133222000027/aptv-20220331.htm"
  },
  {
    "date": "2021-12-31",
    "symbol": "APTV",
    "reportedCurrency": "USD",
    "cik": "0001521332",
    "fillingDate": "2022-02-07",
    "acceptedDate": "2022-02-07 08:19:00",
    "calendarYear": "2021",
    "period": "Q4",
    "revenue": 4134000000,
    "costOfRevenue": 3460000000,
    "grossProfit": 674000000,
    "grossProfitRatio": 0.1630382196,
    "researchAndDevelopmentExpenses": 0,
    "generalAndAdministrativeExpenses": 0,
    "sellingAndMarketingExpenses": 0,
    "sellingGeneralAndAdministrativeExpenses": 291000000,
    "otherExpenses": 0,
    "operatingExpenses": 291000000,
    "costAndExpenses": 3751000000,
    "interestIncome": 1000000,
    "interestExpense": 36000000,
    "depreciationAndAmortization": 190000000,
    "ebitda": 319000000,
    "ebitdaratio": 0.0771649734,
    "operatingIncome": 383000000,
    "operatingIncomeRatio": 0.0926463474,
    "totalOtherIncomeExpensesNet": -344000000,
    "incomeBeforeTax": 39000000,
    "incomeBeforeTaxRatio": 0.0094339623,
    "incomeTaxExpense": 0,
    "netIncome": 31000000,
    "netIncomeRatio": 0.0074987905,
    "eps": 0.06,
    "epsdiluted": 0.06,
    "weightedAverageShsOut": 270520000,
    "weightedAverageShsOutDil": 271470000,
    "link": "https://www.sec.gov/Archives/edgar/data/1521332/000152133222000010/0001521332-22-000010-index.htm",
    "finalLink": "https://www.sec.gov/Archives/edgar/data/1521332/000152133222000010/aptv-20211231.htm"
  },
  {
    "date": "2021-09-30",
    "symbol": "APTV",
    "reportedCurrency": "USD",
    "cik": "0001521332",
    "fillingDate": "2021-11-04",
    "acceptedDate": "2021-11-04 16:06:39",
    "calendarYear": "2021",
    "period": "Q3",
    "revenue": 3654000000,
    "costOfRevenue": 3193000000,
    "grossProfit": 461000000,
    "grossProfitRatio": 0.1261631089,
    "researchAndDevelopmentExpenses": 0,
    "generalAndAdministrativeExpenses": 0,
    "sellingAndMarketingExpenses": 0,
    "sellingGeneralAndAdministrativeExpenses": 263000000,
    "otherExpenses": 0,
    "operatingExpenses": 263000000,
    "costAndExpenses": 3456000000,
    "interestIncome": 3000000,
    "interestExpense": 36000000,
    "depreciationAndAmortization": 193000000,
    "ebitda": 409000000,
    "ebitdaratio": 0.1119321292,
    "operatingIncome": 198000000,
    "operatingIncomeRatio": 0.0541871921,
    "totalOtherIncomeExpensesNet": -69000000,
    "incomeBeforeTax": 129000000,
    "incomeBeforeTaxRatio": 0.0353037767,
    "incomeTaxExpense": 25000000,
    "netIncome": 101000000,
    "netIncomeRatio": 0.0276409414,
    "eps": 0.32,
    "epsdiluted": 0.32,
    "weightedAverageShsOut": 270510000,
    "weightedAverageShsOutDil": 271200000,
    "link": "https://www.sec.gov/Archives/edgar/data/1521332/000152133221000055/0001521332-21-000055-index.htm",
    "finalLink": "https://www.sec.gov/Archives/edgar/data/1521332/000152133221000055/aptv-20210930.htm"
  },
  {
    "date": "2021-06-30",
    "symbol": "APTV",
    "reportedCurrency": "USD",
    "cik": "0001521332",
    "fillingDate": "2021-08-05",
    "acceptedDate": "2021-08-05 16:01:52",
    "calendarYear": "2021",
    "period": "Q2",
    "revenue": 3807000000,
    "costOfRevenue": 3262000000,
    "grossProfit": 545000000,
    "grossProfitRatio": 0.1431573417,
    "researchAndDevelopmentExpenses": 0,
    "generalAndAdministrativeExpenses": 0,
    "sellingAndMarketingExpenses": 0,
    "sellingGeneralAndAdministrativeExpenses": 266000000,
    "otherExpenses": 0,
    "operatingExpenses": 266000000,
    "costAndExpenses": 3528000000,
    "interestIncome": 2000000,
    "interestExpense": 38000000,
    "depreciationAndAmortization": 197000000,
    "ebitda": 482000000,
    "ebitdaratio": 0.1266088784,
    "operatingIncome": 279000000,
    "operatingIncomeRatio": 0.073286052,
    "totalOtherIncomeExpensesNet": -85000000,
    "incomeBeforeTax": 194000000,
    "incomeBeforeTaxRatio": 0.0509587602,
    "incomeTaxExpense": 28000000,
    "netIncome": 163000000,
    "netIncomeRatio": 0.0428158655,
    "eps": 0.54,
    "epsdiluted": 0.54,
    "weightedAverageShsOut": 270490000,
    "weightedAverageShsOutDil": 271060000,
    "link": "https://www.sec.gov/Archives/edgar/data/1521332/000152133221000043/0001521332-21-000043-index.htm",
    "finalLink": "https://www.sec.gov/Archives/edgar/data/1521332/000152133221000043/aptv-20210630.htm"
  },
  {
    "date": "2021-03-31",
    "symbol": "APTV",
    "reportedCurrency": "USD",
    "cik": "0001521332",
    "fillingDate": "2021-05-06",
    "acceptedDate": "2021-05-06 16:04:56",
    "calendarYear": "2021",
    "period": "Q1",
    "revenue": 4023000000,
    "costOfRevenue": 3314000000,
    "grossProfit": 709000000,
    "grossProfitRatio": 0.1762366393,
    "researchAndDevelopmentExpenses": 0,
    "generalAndAdministrativeExpenses": 0,
    "sellingAndMarketingExpenses": 0,
    "sellingGeneralAndAdministrativeExpenses": 255000000,
    "otherExpenses": 0,
    "operatingExpenses": 255000000,
    "costAndExpenses": 3569000000,
    "interestIncome": 3000000,
    "interestExpense": 40000000,
    "depreciationAndAmortization": 193000000,
    "ebitda": 623000000,
    "ebitdaratio": 0.1548595575,
    "operatingIncome": 454000000,
    "operatingIncomeRatio": 0.1128511061,
    "totalOtherIncomeExpensesNet": -106000000,
    "incomeBeforeTax": 348000000,
    "incomeBeforeTaxRatio": 0.08650261,
    "incomeTaxExpense": 48000000,
    "netIncome": 295000000,
    "netIncomeRatio": 0.0733283619,
    "eps": 1.03,
    "epsdiluted": 1.03,
    "weightedAverageShsOut": 270310000,
    "weightedAverageShsOutDil": 271140000,
    "link": "https://www.sec.gov/Archives/edgar/data/1521332/000152133221000028/0001521332-21-000028-index.htm",
    "finalLink": "https://www.sec.gov/Archives/edgar/data/1521332/000152133221000028/aptv-20210331.htm"
  },
  {
    "date": "2020-12-31",
    "symbol": "APTV",
    "reportedCurrency": "USD",
    "cik": "0001521332",
    "fillingDate": "2021-02-08",
    "acceptedDate": "2021-02-08 16:02:27",
    "calendarYear": "2020",
    "period": "Q4",
    "revenue": 4212000000,
    "costOfRevenue": 3473000000,
    "grossProfit": 739000000,
    "grossProfitRatio": 0.1754510921,
    "researchAndDevelopmentExpenses": 0,
    "generalAndAdministrativeExpenses": 0,
    "sellingAndMarketingExpenses": 0,
    "sellingGeneralAndAdministrativeExpenses": 278000000,
    "otherExpenses": 0,
    "operatingExpenses": 278000000,
    "costAndExpenses": 3751000000,
    "interestIncome": 2000000,
    "interestExpense": 39000000,
    "depreciationAndAmortization": 208000000,
    "ebitda": 660000000,
    "ebitdaratio": 0.1566951567,
    "operatingIncome": 461000000,
    "operatingIncomeRatio": 0.1094491928,
    "totalOtherIncomeExpensesNet": -91000000,
    "incomeBeforeTax": 370000000,
    "incomeBeforeTaxRatio": 0.0878442545,
    "incomeTaxExpense": 55000000,
    "netIncome": 299000000,
    "netIncomeRatio": 0.0709876543,
    "eps": 1.05,
    "epsdiluted": 1.04,
    "weightedAverageShsOut": 270030000,
    "weightedAverageShsOutDil": 270910000,
    "link": "https://www.sec.gov/Archives/edgar/data/1521332/000152133221000009/0001521332-21-000009-index.htm",
    "finalLink": "https://www.sec.gov/Archives/edgar/data/1521332/000152133221000009/aptv-20201231.htm"
  },
  {
    "date": "2020-09-30",
    "symbol": "APTV",
    "reportedCurrency": "USD",
    "cik": "0001521332",
    "fillingDate": "2020-10-29",
    "acceptedDate": "2020-10-29 16:04:54",
    "calendarYear": "2020",
    "period": "Q3",
    "revenue": 3668000000,
    "costOfRevenue": 3053000000,
    "grossProfit": 615000000,
    "grossProfitRatio": 0.1676663032,
    "researchAndDevelopmentExpenses": 0,
    "generalAndAdministrativeExpenses": 0,
    "sellingAndMarketingExpenses": 0,
    "sellingGeneralAndAdministrativeExpenses": 229000000,
    "otherExpenses": 0,
    "operatingExpenses": 230000000,
    "costAndExpenses": 3283000000,
    "interestIncome": 2000000,
    "interestExpense": 38000000,
    "depreciationAndAmortization": 192000000,
    "ebitda": 557000000,
    "ebitdaratio": 0.1518538713,
    "operatingIncome": 385000000,
    "operatingIncomeRatio": 0.1049618321,
    "totalOtherIncomeExpensesNet": -82000000,
    "incomeBeforeTax": 303000000,
    "incomeBeforeTaxRatio": 0.082606325,
    "incomeTaxExpense": -2000000,
    "netIncome": 299000000,
    "netIncomeRatio": 0.0815158124,
    "eps": 1.05,
    "epsdiluted": 1.05,
    "weightedAverageShsOut": 270030000,
    "weightedAverageShsOutDil": 270380000,
    "link": "https://www.sec.gov/Archives/edgar/data/1521332/000152133220000060/0001521332-20-000060-index.htm",
    "finalLink": "https://www.sec.gov/Archives/edgar/data/1521332/000152133220000060/aptv-20200930.htm"
  },
  {
    "date": "2020-06-30",
    "symbol": "APTV",
    "reportedCurrency": "USD",
    "cik": "0001521332",
    "fillingDate": "2020-07-30",
    "acceptedDate": "2020-07-30 19:01:06",
    "calendarYear": "2020",
    "period": "Q2",
    "revenue": 1960000000,
    "costOfRevenue": 1960000000,
    "grossProfit": 0,
    "grossProfitRatio": 0,
    "researchAndDevelopmentExpenses": 0,
    "generalAndAdministrativeExpenses": 0,
    "sellingAndMarketingExpenses": 0,
    "sellingGeneralAndAdministrativeExpenses": 217000000,
    "otherExpenses": 0,
    "operatingExpenses": 217000000,
    "costAndExpenses": 2177000000,
    "interestIncome": 1000000,
    "interestExpense": 44000000,
    "depreciationAndAmortization": 184000000,
    "ebitda": -133000000,
    "ebitdaratio": -0.0678571429,
    "operatingIncome": -217000000,
    "operatingIncomeRatio": -0.1107142857,
    "totalOtherIncomeExpensesNet": -162000000,
    "incomeBeforeTax": -379000000,
    "incomeBeforeTaxRatio": -0.1933673469,
    "incomeTaxExpense": -14000000,
    "netIncome": -366000000,
    "netIncomeRatio": -0.1867346939,
    "eps": -1.43,
    "epsdiluted": -1.43,
    "weightedAverageShsOut": 258030000,
    "weightedAverageShsOutDil": 258210000,
    "link": "https://www.sec.gov/Archives/edgar/data/1521332/000152133220000050/0001521332-20-000050-index.htm",
    "finalLink": "https://www.sec.gov/Archives/edgar/data/1521332/000152133220000050/aptv-20200630.htm"
  },
  {
    "date": "2020-03-31",
    "symbol": "APTV",
    "reportedCurrency": "USD",
    "cik": "0001521332",
    "fillingDate": "2020-05-05",
    "acceptedDate": "2020-05-05 16:06:19",
    "calendarYear": "2020",
    "period": "Q1",
    "revenue": 3226000000,
    "costOfRevenue": 2765000000,
    "grossProfit": 461000000,
    "grossProfitRatio": 0.1429014259,
    "researchAndDevelopmentExpenses": 0,
    "generalAndAdministrativeExpenses": 0,
    "sellingAndMarketingExpenses": 0,
    "sellingGeneralAndAdministrativeExpenses": 252000000,
    "otherExpenses": 0,
    "operatingExpenses": 252000000,
    "costAndExpenses": 3017000000,
    "interestIncome": 3000000,
    "interestExpense": 43000000,
    "depreciationAndAmortization": 180000000,
    "ebitda": 1798000000,
    "ebitdaratio": 0.5573465592,
    "operatingIncome": 209000000,
    "operatingIncomeRatio": 0.0647861128,
    "totalOtherIncomeExpensesNet": 1368000000,
    "incomeBeforeTax": 1577000000,
    "incomeBeforeTaxRatio": 0.4888406696,
    "incomeTaxExpense": 10000000,
    "netIncome": 1572000000,
    "netIncomeRatio": 0.4872907626,
    "eps": 6.15,
    "epsdiluted": 6.14,
    "weightedAverageShsOut": 255510000,
    "weightedAverageShsOutDil": 255830000,
    "link": "https://www.sec.gov/Archives/edgar/data/1521332/000152133220000031/0001521332-20-000031-index.htm",
    "finalLink": "https://www.sec.gov/Archives/edgar/data/1521332/000152133220000031/aptv-20200331.htm"
  },
  {
    "date": "2019-12-31",
    "symbol": "APTV",
    "reportedCurrency": "USD",
    "cik": "0001521332",
    "fillingDate": "2020-02-03",
    "acceptedDate": "2020-02-03 16:12:39",
    "calendarYear": "2019",
    "period": "Q4",
    "revenue": 3596000000,
    "costOfRevenue": 2942000000,
    "grossProfit": 654000000,
    "grossProfitRatio": 0.181868743,
    "researchAndDevelopmentExpenses": 0,
    "generalAndAdministrativeExpenses": 0,
    "sellingAndMarketingExpenses": 0,
    "sellingGeneralAndAdministrativeExpenses": 298000000,
    "otherExpenses": 0,
    "operatingExpenses": 298000000,
    "costAndExpenses": 3240000000,
    "interestIncome": 2000000,
    "interestExpense": 41000000,
    "depreciationAndAmortization": 178000000,
    "ebitda": 487000000,
    "ebitdaratio": 0.1354282536,
    "operatingIncome": 356000000,
    "operatingIncomeRatio": 0.0989988877,
    "totalOtherIncomeExpensesNet": -85000000,
    "incomeBeforeTax": 271000000,
    "incomeBeforeTaxRatio": 0.0753615128,
    "incomeTaxExpense": 30000000,
    "netIncome": 230000000,
    "netIncomeRatio": 0.0639599555,
    "eps": 0.9,
    "epsdiluted": 0.9,
    "weightedAverageShsOut": 255310000,
    "weightedAverageShsOutDil": 256360000,
    "link": "https://www.sec.gov/Archives/edgar/data/1521332/000152133220000012/0001521332-20-000012-index.htm",
    "finalLink": "https://www.sec.gov/Archives/edgar/data/1521332/000152133220000012/aptv1231201910-k.htm"
  },
  {
    "date": "2019-09-30",
    "symbol": "APTV",
    "reportedCurrency": "USD",
    "cik": "0001521332",
    "fillingDate": "2019-10-30",
    "acceptedDate": "2019-10-30 16:13:49",
    "calendarYear": "2019",
    "period": "Q3",
    "revenue": 3559000000,
    "costOfRevenue": 2914000000,
    "grossProfit": 645000000,
    "grossProfitRatio": 0.1812306828,
    "researchAndDevelopmentExpenses": 0,
    "generalAndAdministrativeExpenses": 0,
    "sellingAndMarketingExpenses": 0,
    "sellingGeneralAndAdministrativeExpenses": 262000000,
    "otherExpenses": 0,
    "operatingExpenses": 262000000,
    "costAndExpenses": 3176000000,
    "interestIncome": 3000000,
    "interestExpense": 42000000,
    "depreciationAndAmortization": 178000000,
    "ebitda": 505000000,
    "ebitdaratio": 0.1418937904,
    "operatingIncome": 383000000,
    "operatingIncomeRatio": 0.1076144985,
    "totalOtherIncomeExpensesNet": -93000000,
    "incomeBeforeTax": 290000000,
    "incomeBeforeTaxRatio": 0.0814835628,
    "incomeTaxExpense": 38000000,
    "netIncome": 246000000,
    "netIncomeRatio": 0.0691205395,
    "eps": 0.96,
    "epsdiluted": 0.96,
    "weightedAverageShsOut": 255890000,
    "weightedAverageShsOutDil": 256440000,
    "link": "https://www.sec.gov/Archives/edgar/data/1521332/000152133219000045/0001521332-19-000045-index.htm",
    "finalLink": "https://www.sec.gov/Archives/edgar/data/1521332/000152133219000045/aptv930201910-q.htm"
  },
  {
    "date": "2019-06-30",
    "symbol": "APTV",
    "reportedCurrency": "USD",
    "cik": "0001521332",
    "fillingDate": "2019-07-31",
    "acceptedDate": "2019-07-31 16:06:47",
    "calendarYear": "2019",
    "period": "Q2",
    "revenue": 3627000000,
    "costOfRevenue": 3003000000,
    "grossProfit": 624000000,
    "grossProfitRatio": 0.1720430108,
    "researchAndDevelopmentExpenses": 0,
    "generalAndAdministrativeExpenses": 0,
    "sellingAndMarketingExpenses": 0,
    "sellingGeneralAndAdministrativeExpenses": 260000000,
    "otherExpenses": 0,
    "operatingExpenses": 260000000,
    "costAndExpenses": 3263000000,
    "interestIncome": 5000000,
    "interestExpense": 43000000,
    "depreciationAndAmortization": 188000000,
    "ebitda": 529000000,
    "ebitdaratio": 0.1458505652,
    "operatingIncome": 364000000,
    "operatingIncomeRatio": 0.1003584229,
    "totalOtherIncomeExpensesNet": -62000000,
    "incomeBeforeTax": 302000000,
    "incomeBeforeTaxRatio": 0.0832644058,
    "incomeTaxExpense": 31000000,
    "netIncome": 274000000,
    "netIncomeRatio": 0.0755445272,
    "eps": 1.07,
    "epsdiluted": 1.07,
    "weightedAverageShsOut": 257020000,
    "weightedAverageShsOutDil": 257260000,
    "link": "https://www.sec.gov/Archives/edgar/data/1521332/000152133219000035/0001521332-19-000035-index.htm",
    "finalLink": "https://www.sec.gov/Archives/edgar/data/1521332/000152133219000035/aptv630201910-q.htm"
  },
  {
    "date": "2019-03-31",
    "symbol": "APTV",
    "reportedCurrency": "USD",
    "cik": "0001521332",
    "fillingDate": "2019-05-02",
    "acceptedDate": "2019-05-02 16:05:23",
    "calendarYear": "2019",
    "period": "Q1",
    "revenue": 3575000000,
    "costOfRevenue": 2993000000,
    "grossProfit": 582000000,
    "grossProfitRatio": 0.1627972028,
    "researchAndDevelopmentExpenses": 0,
    "generalAndAdministrativeExpenses": 0,
    "sellingAndMarketingExpenses": 0,
    "sellingGeneralAndAdministrativeExpenses": 256000000,
    "otherExpenses": 0,
    "operatingExpenses": 256000000,
    "costAndExpenses": 3249000000,
    "interestIncome": 3000000,
    "interestExpense": 38000000,
    "depreciationAndAmortization": 173000000,
    "ebitda": 486000000,
    "ebitdaratio": 0.1359440559,
    "operatingIncome": 326000000,
    "operatingIncomeRatio": 0.0911888112,
    "totalOtherIncomeExpensesNet": -48000000,
    "incomeBeforeTax": 278000000,
    "incomeBeforeTaxRatio": 0.0777622378,
    "incomeTaxExpense": 33000000,
    "netIncome": 240000000,
    "netIncomeRatio": 0.0671328671,
    "eps": 0.93,
    "epsdiluted": 0.92,
    "weightedAverageShsOut": 259080000,
    "weightedAverageShsOutDil": 259550000,
    "link": "https://www.sec.gov/Archives/edgar/data/1521332/000152133219000025/0001521332-19-000025-index.htm",
    "finalLink": "https://www.sec.gov/Archives/edgar/data/1521332/000152133219000025/aptv331201910-q.htm"
  },
  {
    "date": "2018-12-31",
    "symbol": "APTV",
    "reportedCurrency": "USD",
    "cik": "0001521332",
    "fillingDate": "2019-02-04",
    "acceptedDate": "2019-02-04 16:12:42",
    "calendarYear": "2018",
    "period": "Q4",
    "revenue": 3636000000,
    "costOfRevenue": 3025000000,
    "grossProfit": 611000000,
    "grossProfitRatio": 0.1680418042,
    "researchAndDevelopmentExpenses": 0,
    "generalAndAdministrativeExpenses": 0,
    "sellingAndMarketingExpenses": 0,
    "sellingGeneralAndAdministrativeExpenses": 242000000,
    "otherExpenses": 0,
    "operatingExpenses": 242000000,
    "costAndExpenses": 3267000000,
    "interestIncome": 4000000,
    "interestExpense": 37000000,
    "depreciationAndAmortization": 202000000,
    "ebitda": 532000000,
    "ebitdaratio": 0.1463146315,
    "operatingIncome": 369000000,
    "operatingIncomeRatio": 0.1014851485,
    "totalOtherIncomeExpensesNet": -70000000,
    "incomeBeforeTax": 299000000,
    "incomeBeforeTaxRatio": 0.0822332233,
    "incomeTaxExpense": 42000000,
    "netIncome": 247000000,
    "netIncomeRatio": 0.0679317932,
    "eps": 0.94,
    "epsdiluted": 0.94,
    "weightedAverageShsOut": 262610000,
    "weightedAverageShsOutDil": 263650000,
    "link": "https://www.sec.gov/Archives/edgar/data/1521332/000152133219000007/0001521332-19-000007-index.htm",
    "finalLink": "https://www.sec.gov/Archives/edgar/data/1521332/000152133219000007/aptv1231201810k.htm"
  },
  {
    "date": "2018-09-30",
    "symbol": "APTV",
    "reportedCurrency": "USD",
    "cik": "0001521332",
    "fillingDate": "2018-10-31",
    "acceptedDate": "2018-10-31 16:07:38",
    "calendarYear": "2018",
    "period": "Q3",
    "revenue": 3485000000,
    "costOfRevenue": 2864000000,
    "grossProfit": 621000000,
    "grossProfitRatio": 0.1781922525,
    "researchAndDevelopmentExpenses": 0,
    "generalAndAdministrativeExpenses": 0,
    "sellingAndMarketingExpenses": 0,
    "sellingGeneralAndAdministrativeExpenses": 232000000,
    "otherExpenses": 0,
    "operatingExpenses": 232000000,
    "costAndExpenses": 3096000000,
    "interestIncome": 5000000,
    "interestExpense": 34000000,
    "depreciationAndAmortization": 163000000,
    "ebitda": 490000000,
    "ebitdaratio": 0.1406025825,
    "operatingIncome": 389000000,
    "operatingIncomeRatio": 0.1116212339,
    "totalOtherIncomeExpensesNet": -92000000,
    "incomeBeforeTax": 297000000,
    "incomeBeforeTaxRatio": 0.0852223816,
    "incomeTaxExpense": 66000000,
    "netIncome": 222000000,
    "netIncomeRatio": 0.0637015782,
    "eps": 0.84,
    "epsdiluted": 0.84,
    "weightedAverageShsOut": 264560000,
    "weightedAverageShsOutDil": 265330000,
    "link": "https://www.sec.gov/Archives/edgar/data/1521332/000152133218000044/0001521332-18-000044-index.htm",
    "finalLink": "https://www.sec.gov/Archives/edgar/data/1521332/000152133218000044/aptv930201810-q.htm"
  },
  {
    "date": "2018-06-30",
    "symbol": "APTV",
    "reportedCurrency": "USD",
    "cik": "0001521332",
    "fillingDate": "2018-07-31",
    "acceptedDate": "2018-07-31 16:11:12",
    "calendarYear": "2018",
    "period": "Q2",
    "revenue": 3684000000,
    "costOfRevenue": 2990000000,
    "grossProfit": 694000000,
    "grossProfitRatio": 0.1883821933,
    "researchAndDevelopmentExpenses": 0,
    "generalAndAdministrativeExpenses": 0,
    "sellingAndMarketingExpenses": 0,
    "sellingGeneralAndAdministrativeExpenses": 260000000,
    "otherExpenses": 0,
    "operatingExpenses": 260000000,
    "costAndExpenses": 3250000000,
    "interestIncome": 7000000,
    "interestExpense": 36000000,
    "depreciationAndAmortization": 156000000,
    "ebitda": 570000000,
    "ebitdaratio": 0.154723127,
    "operatingIncome": 434000000,
    "operatingIncomeRatio": 0.1178067318,
    "totalOtherIncomeExpensesNet": -48000000,
    "incomeBeforeTax": 386000000,
    "incomeBeforeTaxRatio": 0.1047774159,
    "incomeTaxExpense": 83000000,
    "netIncome": 291000000,
    "netIncomeRatio": 0.078990228,
    "eps": 1.1,
    "epsdiluted": 1.1,
    "weightedAverageShsOut": 264810000,
    "weightedAverageShsOutDil": 265480000,
    "link": "https://www.sec.gov/Archives/edgar/data/1521332/000152133218000035/0001521332-18-000035-index.htm",
    "finalLink": "https://www.sec.gov/Archives/edgar/data/1521332/000152133218000035/aptv630201810-q.htm"
  },
  {
    "date": "2018-03-31",
    "symbol": "APTV",
    "reportedCurrency": "USD",
    "cik": "0001521332",
    "fillingDate": "2018-05-02",
    "acceptedDate": "2018-05-02 16:21:00",
    "calendarYear": "2018",
    "period": "Q1",
    "revenue": 3630000000,
    "costOfRevenue": 2999000000,
    "grossProfit": 631000000,
    "grossProfitRatio": 0.1738292011,
    "researchAndDevelopmentExpenses": 0,
    "generalAndAdministrativeExpenses": 0,
    "sellingAndMarketingExpenses": 0,
    "sellingGeneralAndAdministrativeExpenses": 259000000,
    "otherExpenses": 0,
    "operatingExpenses": 259000000,
    "costAndExpenses": 3258000000,
    "interestIncome": 5000000,
    "interestExpense": 34000000,
    "depreciationAndAmortization": 155000000,
    "ebitda": 559000000,
    "ebitdaratio": 0.1539944904,
    "operatingIncome": 372000000,
    "operatingIncomeRatio": 0.1024793388,
    "totalOtherIncomeExpensesNet": 3000000,
    "incomeBeforeTax": 375000000,
    "incomeBeforeTaxRatio": 0.1033057851,
    "incomeTaxExpense": 59000000,
    "netIncome": 307000000,
    "netIncomeRatio": 0.0845730028,
    "eps": 1.16,
    "epsdiluted": 1.15,
    "weightedAverageShsOut": 265690000,
    "weightedAverageShsOutDil": 266440000,
    "link": "https://www.sec.gov/Archives/edgar/data/1521332/000152133218000025/0001521332-18-000025-index.htm",
    "finalLink": "https://www.sec.gov/Archives/edgar/data/1521332/000152133218000025/aptv331201810-q.htm"
  },
  {
    "date": "2017-12-31",
    "symbol": "APTV",
    "reportedCurrency": "USD",
    "cik": "0001521332",
    "fillingDate": "2017-12-31",
    "acceptedDate": "2017-12-31 00:00:00",
    "calendarYear": "2017",
    "period": "Q4",
    "revenue": 3440000000,
    "costOfRevenue": 2760000000,
    "grossProfit": 680000000,
    "grossProfitRatio": 0.1976744186,
    "researchAndDevelopmentExpenses": 0,
    "generalAndAdministrativeExpenses": 0,
    "sellingAndMarketingExpenses": 0,
    "sellingGeneralAndAdministrativeExpenses": 46000000,
    "otherExpenses": 0,
    "operatingExpenses": 266000000,
    "costAndExpenses": 3026000000,
    "interestIncome": 2000000,
    "interestExpense": 35000000,
    "depreciationAndAmortization": 546000000,
    "ebitda": 933000000,
    "ebitdaratio": 0.2712209302,
    "operatingIncome": 414000000,
    "operatingIncomeRatio": 0.1203488372,
    "totalOtherIncomeExpensesNet": -57000000,
    "incomeBeforeTax": 357000000,
    "incomeBeforeTaxRatio": 0.1037790698,
    "incomeTaxExpense": 135000000,
    "netIncome": 256000000,
    "netIncomeRatio": 0.0744186047,
    "eps": 0.96,
    "epsdiluted": 0.95,
    "weightedAverageShsOut": 265839794,
    "weightedAverageShsOutDil": 267440000,
    "link": null,
    "finalLink": null
  },
  {
    "date": "2017-09-30",
    "symbol": "APTV",
    "reportedCurrency": "USD",
    "cik": "0001521332",
    "fillingDate": "2017-11-02",
    "acceptedDate": "2017-11-02 16:07:05",
    "calendarYear": "2017",
    "period": "Q3",
    "revenue": 4333000000,
    "costOfRevenue": 2532000000,
    "grossProfit": 616000000,
    "grossProfitRatio": 0.1421647819,
    "researchAndDevelopmentExpenses": 0,
    "generalAndAdministrativeExpenses": 0,
    "sellingAndMarketingExpenses": 0,
    "sellingGeneralAndAdministrativeExpenses": 230000000,
    "otherExpenses": -7000000,
    "operatingExpenses": 237000000,
    "costAndExpenses": 2769000000,
    "interestIncome": 2000000,
    "interestExpense": 35000000,
    "depreciationAndAmortization": 136000000,
    "ebitda": 502000000,
    "ebitdaratio": 0.1158550658,
    "operatingIncome": 379000000,
    "operatingIncomeRatio": 0.0874682668,
    "totalOtherIncomeExpensesNet": -42000000,
    "incomeBeforeTax": 337000000,
    "incomeBeforeTaxRatio": 0.0777752135,
    "incomeTaxExpense": 31000000,
    "netIncome": 395000000,
    "netIncomeRatio": 0.0911608585,
    "eps": 1.48,
    "epsdiluted": 1.48,
    "weightedAverageShsOut": 266240000,
    "weightedAverageShsOutDil": 267160000,
    "link": "https://www.sec.gov/Archives/edgar/data/1521332/000152133217000052/0001521332-17-000052-index.htm",
    "finalLink": "https://www.sec.gov/Archives/edgar/data/1521332/000152133217000052/dlph930201710q.htm"
  },
  {
    "date": "2017-06-30",
    "symbol": "APTV",
    "reportedCurrency": "USD",
    "cik": "0001521332",
    "fillingDate": "2017-08-02",
    "acceptedDate": "2017-08-02 16:20:01",
    "calendarYear": "2017",
    "period": "Q2",
    "revenue": 4318000000,
    "costOfRevenue": 2526000000,
    "grossProfit": 628000000,
    "grossProfitRatio": 0.1454377026,
    "researchAndDevelopmentExpenses": 0,
    "generalAndAdministrativeExpenses": 0,
    "sellingAndMarketingExpenses": 0,
    "sellingGeneralAndAdministrativeExpenses": 231000000,
    "otherExpenses": -5000000,
    "operatingExpenses": 236000000,
    "costAndExpenses": 2762000000,
    "interestIncome": 1000000,
    "interestExpense": 35000000,
    "depreciationAndAmortization": 181000000,
    "ebitda": 502000000,
    "ebitdaratio": 0.1162575266,
    "operatingIncome": 392000000,
    "operatingIncomeRatio": 0.0907827698,
    "totalOtherIncomeExpensesNet": -48000000,
    "incomeBeforeTax": 344000000,
    "incomeBeforeTaxRatio": 0.0796665123,
    "incomeTaxExpense": 38000000,
    "netIncome": 369000000,
    "netIncomeRatio": 0.0854562297,
    "eps": 1.38,
    "epsdiluted": 1.38,
    "weightedAverageShsOut": 267410000,
    "weightedAverageShsOutDil": 268030000,
    "link": "https://www.sec.gov/Archives/edgar/data/1521332/000152133217000045/0001521332-17-000045-index.htm",
    "finalLink": "https://www.sec.gov/Archives/edgar/data/1521332/000152133217000045/dlph630201710q.htm"
  },
  {
    "date": "2017-03-31",
    "symbol": "APTV",
    "reportedCurrency": "USD",
    "cik": "0001521332",
    "fillingDate": "2017-05-03",
    "acceptedDate": "2017-05-03 16:03:10",
    "calendarYear": "2017",
    "period": "Q1",
    "revenue": 4292000000,
    "costOfRevenue": 3456000000,
    "grossProfit": 836000000,
    "grossProfitRatio": 0.1947809879,
    "researchAndDevelopmentExpenses": 0,
    "generalAndAdministrativeExpenses": 0,
    "sellingAndMarketingExpenses": 0,
    "sellingGeneralAndAdministrativeExpenses": 225000000,
    "otherExpenses": -7000000,
    "operatingExpenses": 295000000,
    "costAndExpenses": 3751000000,
    "interestIncome": 2000000,
    "interestExpense": 33000000,
    "depreciationAndAmortization": 175000000,
    "ebitda": 396000000,
    "ebitdaratio": 0.0922646785,
    "operatingIncome": 541000000,
    "operatingIncomeRatio": 0.1260484623,
    "totalOtherIncomeExpensesNet": -139000000,
    "incomeBeforeTax": 402000000,
    "incomeBeforeTaxRatio": 0.0936626281,
    "incomeTaxExpense": 61000000,
    "netIncome": 335000000,
    "netIncomeRatio": 0.0780521901,
    "eps": 1.24,
    "epsdiluted": 1.24,
    "weightedAverageShsOut": 269200000,
    "weightedAverageShsOutDil": 269540000,
    "link": "https://www.sec.gov/Archives/edgar/data/1521332/000152133217000033/0001521332-17-000033-index.htm",
    "finalLink": "https://www.sec.gov/Archives/edgar/data/1521332/000152133217000033/dlph331201710q.htm"
  },
  {
    "date": "2016-12-31",
    "symbol": "APTV",
    "reportedCurrency": "USD",
    "cik": "0001521332",
    "fillingDate": "2017-02-06",
    "acceptedDate": "2017-02-06 08:49:19",
    "calendarYear": "2016",
    "period": "Q4",
    "revenue": 4313000000,
    "costOfRevenue": 3271000000,
    "grossProfit": 1042000000,
    "grossProfitRatio": 0.2415951774,
    "researchAndDevelopmentExpenses": 0,
    "generalAndAdministrativeExpenses": 0,
    "sellingAndMarketingExpenses": 0,
    "sellingGeneralAndAdministrativeExpenses": 311000000,
    "otherExpenses": 0,
    "operatingExpenses": 311000000,
    "costAndExpenses": 3582000000,
    "interestIncome": 0,
    "interestExpense": 33000000,
    "depreciationAndAmortization": 33000000,
    "ebitda": 531000000,
    "ebitdaratio": 0.1231161604,
    "operatingIncome": 731000000,
    "operatingIncomeRatio": 0.1694875956,
    "totalOtherIncomeExpensesNet": -411000000,
    "incomeBeforeTax": 320000000,
    "incomeBeforeTaxRatio": 0.0741942963,
    "incomeTaxExpense": 26000000,
    "netIncome": 281000000,
    "netIncomeRatio": 0.0651518665,
    "eps": 1.04,
    "epsdiluted": 1.03,
    "weightedAverageShsOut": 269789959,
    "weightedAverageShsOutDil": 271640000,
    "link": "https://www.sec.gov/Archives/edgar/data/1521332/000152133217000013/0001521332-17-000013-index.htm",
    "finalLink": "https://www.sec.gov/Archives/edgar/data/1521332/000152133217000013/dlph1231201610k.htm"
  },
  {
    "date": "2016-09-30",
    "symbol": "APTV",
    "reportedCurrency": "USD",
    "cik": "0001521332",
    "fillingDate": "2016-11-02",
    "acceptedDate": "2016-11-02 16:34:14",
    "calendarYear": "2016",
    "period": "Q3",
    "revenue": 4091000000,
    "costOfRevenue": 3290000000,
    "grossProfit": 801000000,
    "grossProfitRatio": 0.195795649,
    "researchAndDevelopmentExpenses": 0,
    "generalAndAdministrativeExpenses": 0,
    "sellingAndMarketingExpenses": 0,
    "sellingGeneralAndAdministrativeExpenses": 278000000,
    "otherExpenses": 0,
    "operatingExpenses": 278000000,
    "costAndExpenses": 3568000000,
    "interestIncome": 1000000,
    "interestExpense": 41000000,
    "depreciationAndAmortization": 174000000,
    "ebitda": 568000000,
    "ebitdaratio": 0.1388413591,
    "operatingIncome": 523000000,
    "operatingIncomeRatio": 0.1278416035,
    "totalOtherIncomeExpensesNet": -170000000,
    "incomeBeforeTax": 353000000,
    "incomeBeforeTaxRatio": 0.0862869714,
    "incomeTaxExpense": 57000000,
    "netIncome": 293000000,
    "netIncomeRatio": 0.0716206307,
    "eps": 1.08,
    "epsdiluted": 1.07,
    "weightedAverageShsOut": 272190000,
    "weightedAverageShsOutDil": 272770000,
    "link": "https://www.sec.gov/Archives/edgar/data/1521332/000152133216000129/0001521332-16-000129-index.htm",
    "finalLink": "https://www.sec.gov/Archives/edgar/data/1521332/000152133216000129/dlph930201610q.htm"
  },
  {
    "date": "2016-06-30",
    "symbol": "APTV",
    "reportedCurrency": "USD",
    "cik": "0001521332",
    "fillingDate": "2016-08-03",
    "acceptedDate": "2016-08-03 16:05:51",
    "calendarYear": "2016",
    "period": "Q2",
    "revenue": 4206000000,
    "costOfRevenue": 3346000000,
    "grossProfit": 860000000,
    "grossProfitRatio": 0.204469805,
    "researchAndDevelopmentExpenses": 0,
    "generalAndAdministrativeExpenses": 0,
    "sellingAndMarketingExpenses": 0,
    "sellingGeneralAndAdministrativeExpenses": 278000000,
    "otherExpenses": 188000000,
    "operatingExpenses": 466000000,
    "costAndExpenses": 3812000000,
    "interestIncome": 0,
    "interestExpense": 41000000,
    "depreciationAndAmortization": 190000000,
    "ebitda": 579000000,
    "ebitdaratio": 0.137660485,
    "operatingIncome": 391000000,
    "operatingIncomeRatio": 0.0929624346,
    "totalOtherIncomeExpensesNet": -46000000,
    "incomeBeforeTax": 348000000,
    "incomeBeforeTaxRatio": 0.0827389444,
    "incomeTaxExpense": 84000000,
    "netIncome": 258000000,
    "netIncomeRatio": 0.0613409415,
    "eps": 0.95,
    "epsdiluted": 0.94,
    "weightedAverageShsOut": 272920000,
    "weightedAverageShsOutDil": 273370000,
    "link": "https://www.sec.gov/Archives/edgar/data/1521332/000152133216000115/0001521332-16-000115-index.htm",
    "finalLink": "https://www.sec.gov/Archives/edgar/data/1521332/000152133216000115/dlph630201610q.htm"
  },
  {
    "date": "2016-03-31",
    "symbol": "APTV",
    "reportedCurrency": "USD",
    "cik": "0001521332",
    "fillingDate": "2016-05-04",
    "acceptedDate": "2016-05-04 16:09:47",
    "calendarYear": "2016",
    "period": "Q1",
    "revenue": 4051000000,
    "costOfRevenue": 3262000000,
    "grossProfit": 789000000,
    "grossProfitRatio": 0.1947667243,
    "researchAndDevelopmentExpenses": 0,
    "generalAndAdministrativeExpenses": 0,
    "sellingAndMarketingExpenses": 0,
    "sellingGeneralAndAdministrativeExpenses": 277000000,
    "otherExpenses": 68000000,
    "operatingExpenses": 345000000,
    "costAndExpenses": 3607000000,
    "interestIncome": 1000000,
    "interestExpense": 41000000,
    "depreciationAndAmortization": 162000000,
    "ebitda": 607000000,
    "ebitdaratio": 0.1498395458,
    "operatingIncome": 441000000,
    "operatingIncomeRatio": 0.1088620094,
    "totalOtherIncomeExpensesNet": -40000000,
    "incomeBeforeTax": 404000000,
    "incomeBeforeTaxRatio": 0.0997284621,
    "incomeTaxExpense": 75000000,
    "netIncome": 425000000,
    "netIncomeRatio": 0.1049123673,
    "eps": 1.54,
    "epsdiluted": 1.53,
    "weightedAverageShsOut": 276620000,
    "weightedAverageShsOutDil": 277040000,
    "link": "https://www.sec.gov/Archives/edgar/data/1521332/000152133216000102/0001521332-16-000102-index.htm",
    "finalLink": "https://www.sec.gov/Archives/edgar/data/1521332/000152133216000102/dlph331201610q.htm"
  },
  {
    "date": "2015-12-31",
    "symbol": "APTV",
    "reportedCurrency": "USD",
    "cik": "0001521332",
    "fillingDate": "2016-02-08",
    "acceptedDate": "2016-02-08 08:38:48",
    "calendarYear": "2015",
    "period": "Q4",
    "revenue": 3879000000,
    "costOfRevenue": 3161000000,
    "grossProfit": 718000000,
    "grossProfitRatio": 0.1850992524,
    "researchAndDevelopmentExpenses": 0,
    "generalAndAdministrativeExpenses": 0,
    "sellingAndMarketingExpenses": 0,
    "sellingGeneralAndAdministrativeExpenses": 252000000,
    "otherExpenses": 131000000,
    "operatingExpenses": 383000000,
    "costAndExpenses": 3544000000,
    "interestIncome": 1000000,
    "interestExpense": 35000000,
    "depreciationAndAmortization": 23000000,
    "ebitda": 460000000,
    "ebitdaratio": 0.1185872648,
    "operatingIncome": 335000000,
    "operatingIncomeRatio": 0.0863624646,
    "totalOtherIncomeExpensesNet": -56000000,
    "incomeBeforeTax": 279000000,
    "incomeBeforeTaxRatio": 0.0719257541,
    "incomeTaxExpense": 61000000,
    "netIncome": 192000000,
    "netIncomeRatio": 0.0494972931,
    "eps": 0.69,
    "epsdiluted": 0.68,
    "weightedAverageShsOut": 278208470,
    "weightedAverageShsOutDil": 281640000,
    "link": "https://www.sec.gov/Archives/edgar/data/1521332/000152133216000084/0001521332-16-000084-index.htm",
    "finalLink": "https://www.sec.gov/Archives/edgar/data/1521332/000152133216000084/dlph1231201510k.htm"
  },
  {
    "date": "2015-09-30",
    "symbol": "APTV",
    "reportedCurrency": "USD",
    "cik": "0001521332",
    "fillingDate": "2015-10-29",
    "acceptedDate": "2015-10-29 16:17:00",
    "calendarYear": "2015",
    "period": "Q3",
    "revenue": 3631000000,
    "costOfRevenue": 2862000000,
    "grossProfit": 769000000,
    "grossProfitRatio": 0.2117873864,
    "researchAndDevelopmentExpenses": 0,
    "generalAndAdministrativeExpenses": 0,
    "sellingAndMarketingExpenses": 0,
    "sellingGeneralAndAdministrativeExpenses": 249000000,
    "otherExpenses": 59000000,
    "operatingExpenses": 308000000,
    "costAndExpenses": 3170000000,
    "interestIncome": 2000000,
    "interestExpense": 30000000,
    "depreciationAndAmortization": 131000000,
    "ebitda": 581000000,
    "ebitdaratio": 0.1600110162,
    "operatingIncome": 461000000,
    "operatingIncomeRatio": 0.1269622693,
    "totalOtherIncomeExpensesNet": -41000000,
    "incomeBeforeTax": 420000000,
    "incomeBeforeTaxRatio": 0.1156706142,
    "incomeTaxExpense": 61000000,
    "netIncome": 404000000,
    "netIncomeRatio": 0.1112641146,
    "eps": 1.43,
    "epsdiluted": 1.42,
    "weightedAverageShsOut": 282970000,
    "weightedAverageShsOutDil": 284400000,
    "link": "https://www.sec.gov/Archives/edgar/data/1521332/000152133215000070/0001521332-15-000070-index.htm",
    "finalLink": "https://www.sec.gov/Archives/edgar/data/1521332/000152133215000070/dlph930201510q.htm"
  },
  {
    "date": "2015-06-30",
    "symbol": "APTV",
    "reportedCurrency": "USD",
    "cik": "0001521332",
    "fillingDate": "2015-07-30",
    "acceptedDate": "2015-07-30 16:14:43",
    "calendarYear": "2015",
    "period": "Q2",
    "revenue": 3858000000,
    "costOfRevenue": 3076000000,
    "grossProfit": 782000000,
    "grossProfitRatio": 0.2026956973,
    "researchAndDevelopmentExpenses": 0,
    "generalAndAdministrativeExpenses": 0,
    "sellingAndMarketingExpenses": 0,
    "sellingGeneralAndAdministrativeExpenses": 261000000,
    "otherExpenses": 40000000,
    "operatingExpenses": 301000000,
    "costAndExpenses": 3377000000,
    "interestIncome": 1000000,
    "interestExpense": 30000000,
    "depreciationAndAmortization": 23000000,
    "ebitda": 614000000,
    "ebitdaratio": 0.1591498186,
    "operatingIncome": 481000000,
    "operatingIncomeRatio": 0.1246759979,
    "totalOtherIncomeExpensesNet": -32000000,
    "incomeBeforeTax": 449000000,
    "incomeBeforeTaxRatio": 0.1163815448,
    "incomeTaxExpense": 80000000,
    "netIncome": 645000000,
    "netIncomeRatio": 0.16718507,
    "eps": 2.26,
    "epsdiluted": 2.23,
    "weightedAverageShsOut": 285906302,
    "weightedAverageShsOutDil": 288850000,
    "link": "https://www.sec.gov/Archives/edgar/data/1521332/000152133215000057/0001521332-15-000057-index.htm",
    "finalLink": "https://www.sec.gov/Archives/edgar/data/1521332/000152133215000057/dlph630201510q.htm"
  },
  {
    "date": "2015-03-31",
    "symbol": "APTV",
    "reportedCurrency": "USD",
    "cik": "0001521332",
    "fillingDate": "2015-04-30",
    "acceptedDate": "2015-04-30 16:10:40",
    "calendarYear": "2015",
    "period": "Q1",
    "revenue": 3797000000,
    "costOfRevenue": 3056000000,
    "grossProfit": 741000000,
    "grossProfitRatio": 0.195154069,
    "researchAndDevelopmentExpenses": 0,
    "generalAndAdministrativeExpenses": 0,
    "sellingAndMarketingExpenses": 0,
    "sellingGeneralAndAdministrativeExpenses": 255000000,
    "otherExpenses": 40000000,
    "operatingExpenses": 295000000,
    "costAndExpenses": 3351000000,
    "interestIncome": 1000000,
    "interestExpense": 32000000,
    "depreciationAndAmortization": 128000000,
    "ebitda": 520000000,
    "ebitdaratio": 0.1369502239,
    "operatingIncome": 446000000,
    "operatingIncomeRatio": 0.1174611535,
    "totalOtherIncomeExpensesNet": -86000000,
    "incomeBeforeTax": 360000000,
    "incomeBeforeTaxRatio": 0.0948116934,
    "incomeTaxExpense": 61000000,
    "netIncome": 209000000,
    "netIncomeRatio": 0.0550434554,
    "eps": 0.72,
    "epsdiluted": 0.72,
    "weightedAverageShsOut": 290900000,
    "weightedAverageShsOutDil": 291810000,
    "link": "https://www.sec.gov/Archives/edgar/data/1521332/000152133215000034/0001521332-15-000034-index.htm",
    "finalLink": "https://www.sec.gov/Archives/edgar/data/1521332/000152133215000034/dlph331201510q.htm"
  },
  {
    "date": "2014-12-31",
    "symbol": "APTV",
    "reportedCurrency": "USD",
    "cik": "0001521332",
    "fillingDate": "2015-02-09",
    "acceptedDate": "2015-02-09 08:42:23",
    "calendarYear": "2014",
    "period": "Q4",
    "revenue": 4152000000,
    "costOfRevenue": 3343000000,
    "grossProfit": 809000000,
    "grossProfitRatio": 0.1948458574,
    "researchAndDevelopmentExpenses": 0,
    "generalAndAdministrativeExpenses": 0,
    "sellingAndMarketingExpenses": 0,
    "sellingGeneralAndAdministrativeExpenses": 278000000,
    "otherExpenses": 45000000,
    "operatingExpenses": 323000000,
    "costAndExpenses": 3666000000,
    "interestIncome": 4000000,
    "interestExpense": 34000000,
    "depreciationAndAmortization": 25000000,
    "ebitda": 633000000,
    "ebitdaratio": 0.1524566474,
    "operatingIncome": 486000000,
    "operatingIncomeRatio": 0.1170520231,
    "totalOtherIncomeExpensesNet": -33000000,
    "incomeBeforeTax": 453000000,
    "incomeBeforeTaxRatio": 0.1091040462,
    "incomeTaxExpense": 82000000,
    "netIncome": 344000000,
    "netIncomeRatio": 0.0828516378,
    "eps": 1.18,
    "epsdiluted": 1.16,
    "weightedAverageShsOut": 291619411,
    "weightedAverageShsOutDil": 296930000,
    "link": "https://www.sec.gov/Archives/edgar/data/1521332/000152133215000014/0001521332-15-000014-index.htm",
    "finalLink": "https://www.sec.gov/Archives/edgar/data/1521332/000152133215000014/dlph1231201410k.htm"
  },
  {
    "date": "2014-09-30",
    "symbol": "APTV",
    "reportedCurrency": "USD",
    "cik": "0001521332",
    "fillingDate": "2014-10-24",
    "acceptedDate": "2014-10-24 16:09:36",
    "calendarYear": "2014",
    "period": "Q3",
    "revenue": 4144000000,
    "costOfRevenue": 3041000000,
    "grossProfit": 721000000,
    "grossProfitRatio": 0.1739864865,
    "researchAndDevelopmentExpenses": 0,
    "generalAndAdministrativeExpenses": 0,
    "sellingAndMarketingExpenses": 0,
    "sellingGeneralAndAdministrativeExpenses": 259000000,
    "otherExpenses": 70000000,
    "operatingExpenses": 329000000,
    "costAndExpenses": 3370000000,
    "interestIncome": 2000000,
    "interestExpense": 33000000,
    "depreciationAndAmortization": 150000000,
    "ebitda": 534000000,
    "ebitdaratio": 0.1288610039,
    "operatingIncome": 414000000,
    "operatingIncomeRatio": 0.0999034749,
    "totalOtherIncomeExpensesNet": -28000000,
    "incomeBeforeTax": 364000000,
    "incomeBeforeTaxRatio": 0.0878378378,
    "incomeTaxExpense": 63000000,
    "netIncome": 305000000,
    "netIncomeRatio": 0.0736003861,
    "eps": 1.02,
    "epsdiluted": 1.02,
    "weightedAverageShsOut": 298590000,
    "weightedAverageShsOutDil": 300140000,
    "link": "https://www.sec.gov/Archives/edgar/data/1521332/000152133214000049/0001521332-14-000049-index.htm",
    "finalLink": "https://www.sec.gov/Archives/edgar/data/1521332/000152133214000049/dlph930201410q.htm"
  },
  {
    "date": "2014-06-30",
    "symbol": "APTV",
    "reportedCurrency": "USD",
    "cik": "0001521332",
    "fillingDate": "2014-07-31",
    "acceptedDate": "2014-07-31 16:09:00",
    "calendarYear": "2014",
    "period": "Q2",
    "revenue": 4451000000,
    "costOfRevenue": 3262000000,
    "grossProfit": 800000000,
    "grossProfitRatio": 0.179734891,
    "researchAndDevelopmentExpenses": 0,
    "generalAndAdministrativeExpenses": 0,
    "sellingAndMarketingExpenses": 0,
    "sellingGeneralAndAdministrativeExpenses": 261000000,
    "otherExpenses": 77000000,
    "operatingExpenses": 338000000,
    "costAndExpenses": 3600000000,
    "interestIncome": 2000000,
    "interestExpense": 33000000,
    "depreciationAndAmortization": 146000000,
    "ebitda": 600000000,
    "ebitdaratio": 0.1348011683,
    "operatingIncome": 488000000,
    "operatingIncomeRatio": 0.1096382835,
    "totalOtherIncomeExpensesNet": -30000000,
    "incomeBeforeTax": 432000000,
    "incomeBeforeTaxRatio": 0.0970568412,
    "incomeTaxExpense": 62000000,
    "netIncome": 382000000,
    "netIncomeRatio": 0.0858234105,
    "eps": 1.26,
    "epsdiluted": 1.26,
    "weightedAverageShsOut": 302680000,
    "weightedAverageShsOutDil": 303740000,
    "link": "https://www.sec.gov/Archives/edgar/data/1521332/000152133214000038/0001521332-14-000038-index.htm",
    "finalLink": "https://www.sec.gov/Archives/edgar/data/1521332/000152133214000038/dlph630201410q.htm"
  },
  {
    "date": "2014-03-31",
    "symbol": "APTV",
    "reportedCurrency": "USD",
    "cik": "0001521332",
    "fillingDate": "2014-04-24",
    "acceptedDate": "2014-04-24 16:10:21",
    "calendarYear": "2014",
    "period": "Q1",
    "revenue": 4276000000,
    "costOfRevenue": 3164000000,
    "grossProfit": 733000000,
    "grossProfitRatio": 0.1714218896,
    "researchAndDevelopmentExpenses": 0,
    "generalAndAdministrativeExpenses": 0,
    "sellingAndMarketingExpenses": 0,
    "sellingGeneralAndAdministrativeExpenses": 248000000,
    "otherExpenses": 45000000,
    "operatingExpenses": 293000000,
    "costAndExpenses": 3457000000,
    "interestIncome": 2000000,
    "interestExpense": 35000000,
    "depreciationAndAmortization": 145000000,
    "ebitda": 557000000,
    "ebitdaratio": 0.130261927,
    "operatingIncome": 459000000,
    "operatingIncomeRatio": 0.1073433115,
    "totalOtherIncomeExpensesNet": -52000000,
    "incomeBeforeTax": 388000000,
    "incomeBeforeTaxRatio": 0.0907390084,
    "incomeTaxExpense": 75000000,
    "netIncome": 320000000,
    "netIncomeRatio": 0.0748362956,
    "eps": 1.05,
    "epsdiluted": 1.04,
    "weightedAverageShsOut": 305850000,
    "weightedAverageShsOutDil": 306890000,
    "link": "https://www.sec.gov/Archives/edgar/data/1521332/000152133214000022/0001521332-14-000022-index.htm",
    "finalLink": "https://www.sec.gov/Archives/edgar/data/1521332/000152133214000022/dlph331201410q.htm"
  },
  {
    "date": "2013-12-31",
    "symbol": "APTV",
    "reportedCurrency": "USD",
    "cik": "0001521332",
    "fillingDate": "2014-02-10",
    "acceptedDate": "2014-02-10 08:23:55",
    "calendarYear": "2013",
    "period": "Q4",
    "revenue": 4182000000,
    "costOfRevenue": 3426000000,
    "grossProfit": 756000000,
    "grossProfitRatio": 0.1807747489,
    "researchAndDevelopmentExpenses": 0,
    "generalAndAdministrativeExpenses": 0,
    "sellingAndMarketingExpenses": 0,
    "sellingGeneralAndAdministrativeExpenses": 264000000,
    "otherExpenses": 75000000,
    "operatingExpenses": 339000000,
    "costAndExpenses": 3765000000,
    "interestIncome": 3000000,
    "interestExpense": 37000000,
    "depreciationAndAmortization": 25000000,
    "ebitda": 563000000,
    "ebitdaratio": 0.1346245815,
    "operatingIncome": 417000000,
    "operatingIncomeRatio": 0.099713056,
    "totalOtherIncomeExpensesNet": -30000000,
    "incomeBeforeTax": 387000000,
    "incomeBeforeTaxRatio": 0.0925394548,
    "incomeTaxExpense": 74000000,
    "netIncome": 298000000,
    "netIncomeRatio": 0.0712577714,
    "eps": 0.97,
    "epsdiluted": 0.97,
    "weightedAverageShsOut": 306389149,
    "weightedAverageShsOutDil": 308640000,
    "link": "https://www.sec.gov/Archives/edgar/data/1521332/000152133214000011/0001521332-14-000011-index.htm",
    "finalLink": "https://www.sec.gov/Archives/edgar/data/1521332/000152133214000011/dlph1231201310k.htm"
  },
  {
    "date": "2013-09-30",
    "symbol": "APTV",
    "reportedCurrency": "USD",
    "cik": "0001521332",
    "fillingDate": "2013-11-05",
    "acceptedDate": "2013-11-05 16:09:17",
    "calendarYear": "2013",
    "period": "Q3",
    "revenue": 4017000000,
    "costOfRevenue": 3338000000,
    "grossProfit": 679000000,
    "grossProfitRatio": 0.1690316156,
    "researchAndDevelopmentExpenses": 0,
    "generalAndAdministrativeExpenses": 0,
    "sellingAndMarketingExpenses": 0,
    "sellingGeneralAndAdministrativeExpenses": 228000000,
    "otherExpenses": 64000000,
    "operatingExpenses": 292000000,
    "costAndExpenses": 3630000000,
    "interestIncome": 4000000,
    "interestExpense": 34000000,
    "depreciationAndAmortization": 138000000,
    "ebitda": 529000000,
    "ebitdaratio": 0.1316903162,
    "operatingIncome": 387000000,
    "operatingIncomeRatio": 0.0963405527,
    "totalOtherIncomeExpensesNet": -30000000,
    "incomeBeforeTax": 357000000,
    "incomeBeforeTaxRatio": 0.0888722928,
    "incomeTaxExpense": 72000000,
    "netIncome": 271000000,
    "netIncomeRatio": 0.0674632811,
    "eps": 0.88,
    "epsdiluted": 0.87,
    "weightedAverageShsOut": 309680000,
    "weightedAverageShsOutDil": 310620000,
    "link": "https://www.sec.gov/Archives/edgar/data/1521332/000152133213000043/0001521332-13-000043-index.htm",
    "finalLink": "https://www.sec.gov/Archives/edgar/data/1521332/000152133213000043/dlph930201310q.htm"
  },
  {
    "date": "2013-06-30",
    "symbol": "APTV",
    "reportedCurrency": "USD",
    "cik": "0001521332",
    "fillingDate": "2013-07-31",
    "acceptedDate": "2013-07-31 16:11:11",
    "calendarYear": "2013",
    "period": "Q2",
    "revenue": 4240000000,
    "costOfRevenue": 3464000000,
    "grossProfit": 776000000,
    "grossProfitRatio": 0.1830188679,
    "researchAndDevelopmentExpenses": 0,
    "generalAndAdministrativeExpenses": 0,
    "sellingAndMarketingExpenses": 0,
    "sellingGeneralAndAdministrativeExpenses": 241000000,
    "otherExpenses": 52000000,
    "operatingExpenses": 293000000,
    "costAndExpenses": 3757000000,
    "interestIncome": 4000000,
    "interestExpense": 36000000,
    "depreciationAndAmortization": 132000000,
    "ebitda": 620000000,
    "ebitdaratio": 0.1462264151,
    "operatingIncome": 483000000,
    "operatingIncomeRatio": 0.1139150943,
    "totalOtherIncomeExpensesNet": -31000000,
    "incomeBeforeTax": 452000000,
    "incomeBeforeTaxRatio": 0.1066037736,
    "incomeTaxExpense": 73000000,
    "netIncome": 367000000,
    "netIncomeRatio": 0.0865566038,
    "eps": 1.18,
    "epsdiluted": 1.17,
    "weightedAverageShsOut": 311930000,
    "weightedAverageShsOutDil": 312690000,
    "link": "https://www.sec.gov/Archives/edgar/data/1521332/000152133213000027/0001521332-13-000027-index.htm",
    "finalLink": "https://www.sec.gov/Archives/edgar/data/1521332/000152133213000027/dlph630201310q.htm"
  },
  {
    "date": "2013-03-31",
    "symbol": "APTV",
    "reportedCurrency": "USD",
    "cik": "0001521332",
    "fillingDate": "2013-05-01",
    "acceptedDate": "2013-05-01 16:22:57",
    "calendarYear": "2013",
    "period": "Q1",
    "revenue": 4024000000,
    "costOfRevenue": 3339000000,
    "grossProfit": 685000000,
    "grossProfitRatio": 0.1702286282,
    "researchAndDevelopmentExpenses": 0,
    "generalAndAdministrativeExpenses": 0,
    "sellingAndMarketingExpenses": 0,
    "sellingGeneralAndAdministrativeExpenses": 230000000,
    "otherExpenses": 58000000,
    "operatingExpenses": 288000000,
    "costAndExpenses": 3627000000,
    "interestIncome": 3000000,
    "interestExpense": 36000000,
    "depreciationAndAmortization": 131000000,
    "ebitda": 494000000,
    "ebitdaratio": 0.1227634195,
    "operatingIncome": 397000000,
    "operatingIncomeRatio": 0.0986580517,
    "totalOtherIncomeExpensesNet": -70000000,
    "incomeBeforeTax": 327000000,
    "incomeBeforeTaxRatio": 0.0812624254,
    "incomeTaxExpense": 37000000,
    "netIncome": 276000000,
    "netIncomeRatio": 0.0685884692,
    "eps": 0.88,
    "epsdiluted": 0.88,
    "weightedAverageShsOut": 314680000,
    "weightedAverageShsOutDil": 315360000,
    "link": "https://www.sec.gov/Archives/edgar/data/1521332/000152133213000021/0001521332-13-000021-index.htm",
    "finalLink": "https://www.sec.gov/Archives/edgar/data/1521332/000152133213000021/dlph331201310q.htm"
  },
  {
    "date": "2012-12-31",
    "symbol": "APTV",
    "reportedCurrency": "USD",
    "cik": "0001521332",
    "fillingDate": "2013-02-11",
    "acceptedDate": "2013-02-11 07:23:10",
    "calendarYear": "2012",
    "period": "Q4",
    "revenue": 3767000000,
    "costOfRevenue": 3158000000,
    "grossProfit": 609000000,
    "grossProfitRatio": 0.1616671091,
    "researchAndDevelopmentExpenses": 0,
    "generalAndAdministrativeExpenses": 0,
    "sellingAndMarketingExpenses": 0,
    "sellingGeneralAndAdministrativeExpenses": 254000000,
    "otherExpenses": 178000000,
    "operatingExpenses": 432000000,
    "costAndExpenses": 3590000000,
    "interestIncome": 3000000,
    "interestExpense": 36000000,
    "depreciationAndAmortization": 24000000,
    "ebitda": 313000000,
    "ebitdaratio": 0.083089992,
    "operatingIncome": 177000000,
    "operatingIncomeRatio": 0.0469869923,
    "totalOtherIncomeExpensesNet": -46000000,
    "incomeBeforeTax": 131000000,
    "incomeBeforeTaxRatio": 0.0347756836,
    "incomeTaxExpense": -15000000,
    "netIncome": 136000000,
    "netIncomeRatio": 0.0361029997,
    "eps": 0.43,
    "epsdiluted": 0.43,
    "weightedAverageShsOut": 315299183,
    "weightedAverageShsOutDil": 317380000,
    "link": "https://www.sec.gov/Archives/edgar/data/1521332/000152133213000010/0001521332-13-000010-index.htm",
    "finalLink": "https://www.sec.gov/Archives/edgar/data/1521332/000152133213000010/dlph1231201210k.htm"
  },
  {
    "date": "2012-09-30",
    "symbol": "APTV",
    "reportedCurrency": "USD",
    "cik": "0001521332",
    "fillingDate": "2012-11-01",
    "acceptedDate": "2012-11-01 12:34:58",
    "calendarYear": "2012",
    "period": "Q3",
    "revenue": 3663000000,
    "costOfRevenue": 3058000000,
    "grossProfit": 605000000,
    "grossProfitRatio": 0.1651651652,
    "researchAndDevelopmentExpenses": 0,
    "generalAndAdministrativeExpenses": 0,
    "sellingAndMarketingExpenses": 0,
    "sellingGeneralAndAdministrativeExpenses": 215000000,
    "otherExpenses": 23000000,
    "operatingExpenses": 238000000,
    "costAndExpenses": 3296000000,
    "interestIncome": 5000000,
    "interestExpense": 32000000,
    "depreciationAndAmortization": 113000000,
    "ebitda": 483000000,
    "ebitdaratio": 0.1318591319,
    "operatingIncome": 367000000,
    "operatingIncomeRatio": 0.1001911002,
    "totalOtherIncomeExpensesNet": -29000000,
    "incomeBeforeTax": 338000000,
    "incomeBeforeTaxRatio": 0.0922740923,
    "incomeTaxExpense": 52000000,
    "netIncome": 269000000,
    "netIncomeRatio": 0.0734370734,
    "eps": 0.84,
    "epsdiluted": 0.84,
    "weightedAverageShsOut": 320930000,
    "weightedAverageShsOutDil": 321280000,
    "link": "https://www.sec.gov/Archives/edgar/data/1521332/000152133212000042/0001521332-12-000042-index.htm",
    "finalLink": "https://www.sec.gov/Archives/edgar/data/1521332/000152133212000042/dlph0930201210q.htm"
  },
  {
    "date": "2012-06-30",
    "symbol": "APTV",
    "reportedCurrency": "USD",
    "cik": "0001521332",
    "fillingDate": "2012-07-31",
    "acceptedDate": "2012-07-31 16:29:20",
    "calendarYear": "2012",
    "period": "Q2",
    "revenue": 3997000000,
    "costOfRevenue": 3272000000,
    "grossProfit": 725000000,
    "grossProfitRatio": 0.1813860395,
    "researchAndDevelopmentExpenses": 0,
    "generalAndAdministrativeExpenses": 0,
    "sellingAndMarketingExpenses": 0,
    "sellingGeneralAndAdministrativeExpenses": 230000000,
    "otherExpenses": 27000000,
    "operatingExpenses": 257000000,
    "costAndExpenses": 3529000000,
    "interestIncome": 4000000,
    "interestExpense": 33000000,
    "depreciationAndAmortization": 19000000,
    "ebitda": 586000000,
    "ebitdaratio": 0.1466099575,
    "operatingIncome": 468000000,
    "operatingIncomeRatio": 0.1170878159,
    "totalOtherIncomeExpensesNet": -28000000,
    "incomeBeforeTax": 440000000,
    "incomeBeforeTaxRatio": 0.1100825619,
    "incomeTaxExpense": 98000000,
    "netIncome": 330000000,
    "netIncomeRatio": 0.0825619214,
    "eps": 1.02,
    "epsdiluted": 1.01,
    "weightedAverageShsOut": 322997253,
    "weightedAverageShsOutDil": 326140000,
    "link": "https://www.sec.gov/Archives/edgar/data/1521332/000152133212000021/0001521332-12-000021-index.htm",
    "finalLink": "https://www.sec.gov/Archives/edgar/data/1521332/000152133212000021/dlph0630201210q.htm"
  },
  {
    "date": "2012-03-31",
    "symbol": "APTV",
    "reportedCurrency": "USD",
    "cik": "0001521332",
    "fillingDate": "2012-04-26",
    "acceptedDate": "2012-04-26 16:46:48",
    "calendarYear": "2012",
    "period": "Q1",
    "revenue": 4092000000,
    "costOfRevenue": 3373000000,
    "grossProfit": 719000000,
    "grossProfitRatio": 0.1757086999,
    "researchAndDevelopmentExpenses": 0,
    "generalAndAdministrativeExpenses": 0,
    "sellingAndMarketingExpenses": 0,
    "sellingGeneralAndAdministrativeExpenses": 228000000,
    "otherExpenses": 27000000,
    "operatingExpenses": 255000000,
    "costAndExpenses": 3628000000,
    "interestIncome": 5000000,
    "interestExpense": 35000000,
    "depreciationAndAmortization": 114000000,
    "ebitda": 585000000,
    "ebitdaratio": 0.1429618768,
    "operatingIncome": 464000000,
    "operatingIncomeRatio": 0.1133919844,
    "totalOtherIncomeExpensesNet": -28000000,
    "incomeBeforeTax": 436000000,
    "incomeBeforeTaxRatio": 0.1065493646,
    "incomeTaxExpense": 77000000,
    "netIncome": 342000000,
    "netIncomeRatio": 0.0835777126,
    "eps": 1.04,
    "epsdiluted": 1.04,
    "weightedAverageShsOut": 328240000,
    "weightedAverageShsOutDil": 328470000,
    "link": "https://www.sec.gov/Archives/edgar/data/1521332/000119312512186265/0001193125-12-186265-index.htm",
    "finalLink": "https://www.sec.gov/Archives/edgar/data/1521332/000119312512186265/d324504d10q.htm"
  },
  {
    "date": "2011-12-31",
    "symbol": "APTV",
    "reportedCurrency": "USD",
    "cik": "0001521332",
    "fillingDate": "2012-02-17",
    "acceptedDate": "2012-02-17 14:56:08",
    "calendarYear": "2011",
    "period": "Q4",
    "revenue": 3900000000,
    "costOfRevenue": 3221000000,
    "grossProfit": 679000000,
    "grossProfitRatio": 0.1741025641,
    "researchAndDevelopmentExpenses": 0,
    "generalAndAdministrativeExpenses": 0,
    "sellingAndMarketingExpenses": 0,
    "sellingGeneralAndAdministrativeExpenses": 234000000,
    "otherExpenses": 34000000,
    "operatingExpenses": 268000000,
    "costAndExpenses": 3489000000,
    "interestIncome": 5000000,
    "interestExpense": 39000000,
    "depreciationAndAmortization": 119000000,
    "ebitda": 502000000,
    "ebitdaratio": 0.1287179487,
    "operatingIncome": 411000000,
    "operatingIncomeRatio": 0.1053846154,
    "totalOtherIncomeExpensesNet": -67000000,
    "incomeBeforeTax": 344000000,
    "incomeBeforeTaxRatio": 0.0882051282,
    "incomeTaxExpense": 29000000,
    "netIncome": 290000000,
    "netIncomeRatio": 0.0743589744,
    "eps": 0,
    "epsdiluted": 0,
    "weightedAverageShsOut": 421000000,
    "weightedAverageShsOutDil": 421000000,
    "link": "https://www.sec.gov/Archives/edgar/data/1521332/000119312512067225/0001193125-12-067225-index.htm",
    "finalLink": "https://www.sec.gov/Archives/edgar/data/1521332/000119312512067225/d299912d10k.htm"
  },
  {
    "date": "2011-09-30",
    "symbol": "APTV",
    "reportedCurrency": "USD",
    "cik": "0001521332",
    "fillingDate": "2011-09-30",
    "acceptedDate": "2011-09-30 00:00:00",
    "calendarYear": "2011",
    "period": "Q3",
    "revenue": 3931000000,
    "costOfRevenue": 3294000000,
    "grossProfit": 637000000,
    "grossProfitRatio": 0.1620452811,
    "researchAndDevelopmentExpenses": 0,
    "generalAndAdministrativeExpenses": 0,
    "sellingAndMarketingExpenses": 0,
    "sellingGeneralAndAdministrativeExpenses": 222000000,
    "otherExpenses": 22000000,
    "operatingExpenses": 244000000,
    "costAndExpenses": 3538000000,
    "interestIncome": 10000000,
    "interestExpense": 37000000,
    "depreciationAndAmortization": 123000000,
    "ebitda": 530000000,
    "ebitdaratio": 0.1348257441,
    "operatingIncome": 393000000,
    "operatingIncomeRatio": 0.0999745612,
    "totalOtherIncomeExpensesNet": -23000000,
    "incomeBeforeTax": 370000000,
    "incomeBeforeTaxRatio": 0.0941236327,
    "incomeTaxExpense": 87000000,
    "netIncome": 266000000,
    "netIncomeRatio": 0.0676672602,
    "eps": 0.79,
    "epsdiluted": 0.79,
    "weightedAverageShsOut": 336830000,
    "weightedAverageShsOutDil": 336830000,
    "link": null,
    "finalLink": null
  },
  {
    "date": "2011-06-30",
    "symbol": "APTV",
    "reportedCurrency": "USD",
    "cik": "0001521332",
    "fillingDate": "2011-06-30",
    "acceptedDate": "2011-06-30 00:00:00",
    "calendarYear": "2011",
    "period": "Q2",
    "revenue": 4213000000,
    "costOfRevenue": 3518000000,
    "grossProfit": 695000000,
    "grossProfitRatio": 0.1649655827,
    "researchAndDevelopmentExpenses": 0,
    "generalAndAdministrativeExpenses": 0,
    "sellingAndMarketingExpenses": 0,
    "sellingGeneralAndAdministrativeExpenses": 240000000,
    "otherExpenses": 27000000,
    "operatingExpenses": 267000000,
    "costAndExpenses": 3785000000,
    "interestIncome": 7000000,
    "interestExpense": 41000000,
    "depreciationAndAmortization": 116000000,
    "ebitda": 540000000,
    "ebitdaratio": 0.1281746974,
    "operatingIncome": 428000000,
    "operatingIncomeRatio": 0.1015903157,
    "totalOtherIncomeExpensesNet": -45000000,
    "incomeBeforeTax": 383000000,
    "incomeBeforeTaxRatio": 0.0909090909,
    "incomeTaxExpense": 73000000,
    "netIncome": 298000000,
    "netIncomeRatio": 0.0707334441,
    "eps": 0.88,
    "epsdiluted": 0.88,
    "weightedAverageShsOut": 337780000,
    "weightedAverageShsOutDil": 337780000,
    "link": null,
    "finalLink": null
  },
  {
    "date": "2011-03-31",
    "symbol": "APTV",
    "reportedCurrency": "USD",
    "cik": "0001521332",
    "fillingDate": "2011-03-31",
    "acceptedDate": "2011-03-31 00:00:00",
    "calendarYear": "2011",
    "period": "Q1",
    "revenue": 3997000000,
    "costOfRevenue": 3353000000,
    "grossProfit": 644000000,
    "grossProfitRatio": 0.1611208406,
    "researchAndDevelopmentExpenses": 0,
    "generalAndAdministrativeExpenses": 0,
    "sellingAndMarketingExpenses": 0,
    "sellingGeneralAndAdministrativeExpenses": 205000000,
    "otherExpenses": 27000000,
    "operatingExpenses": 232000000,
    "costAndExpenses": 3585000000,
    "interestIncome": 9000000,
    "interestExpense": 6000000,
    "depreciationAndAmortization": 117000000,
    "ebitda": 532000000,
    "ebitdaratio": 0.1330998249,
    "operatingIncome": 412000000,
    "operatingIncomeRatio": 0.103077308,
    "totalOtherIncomeExpensesNet": -3000000,
    "incomeBeforeTax": 409000000,
    "incomeBeforeTaxRatio": 0.1023267451,
    "incomeTaxExpense": 116000000,
    "netIncome": 291000000,
    "netIncomeRatio": 0.0728046035,
    "eps": 0.42,
    "epsdiluted": 0.42,
    "weightedAverageShsOut": 395180000,
    "weightedAverageShsOutDil": 395180000,
    "link": null,
    "finalLink": null
  },
  {
    "date": "2010-12-31",
    "symbol": "APTV",
    "reportedCurrency": "USD",
    "cik": "0001521332",
    "fillingDate": "2010-12-31",
    "acceptedDate": "2010-12-31 00:00:00",
    "calendarYear": "2010",
    "period": "Q4",
    "revenue": 3652000000,
    "costOfRevenue": 3210000000,
    "grossProfit": 442000000,
    "grossProfitRatio": 0.1210295728,
    "researchAndDevelopmentExpenses": 0,
    "generalAndAdministrativeExpenses": 0,
    "sellingAndMarketingExpenses": 0,
    "sellingGeneralAndAdministrativeExpenses": 211000000,
    "otherExpenses": 118000000,
    "operatingExpenses": 329000000,
    "costAndExpenses": 3539000000,
    "interestIncome": 9000000,
    "interestExpense": 8000000,
    "depreciationAndAmortization": 110000000,
    "ebitda": 250000000,
    "ebitdaratio": 0.0684556407,
    "operatingIncome": 113000000,
    "operatingIncomeRatio": 0.0309419496,
    "totalOtherIncomeExpensesNet": 19000000,
    "incomeBeforeTax": 132000000,
    "incomeBeforeTaxRatio": 0.0361445783,
    "incomeTaxExpense": 49000000,
    "netIncome": 75000000,
    "netIncomeRatio": 0.0205366922,
    "eps": 0,
    "epsdiluted": 0,
    "weightedAverageShsOut": 452580000,
    "weightedAverageShsOutDil": 452580000,
    "link": null,
    "finalLink": null
  },
  {
    "date": "2010-09-30",
    "symbol": "APTV",
    "reportedCurrency": "USD",
    "cik": "0001521332",
    "fillingDate": "2010-09-30",
    "acceptedDate": "2010-09-30 00:00:00",
    "calendarYear": "2010",
    "period": "Q3",
    "revenue": 3309000000,
    "costOfRevenue": 2807000000,
    "grossProfit": 502000000,
    "grossProfitRatio": 0.1517074645,
    "researchAndDevelopmentExpenses": 0,
    "generalAndAdministrativeExpenses": 0,
    "sellingAndMarketingExpenses": 0,
    "sellingGeneralAndAdministrativeExpenses": 207000000,
    "otherExpenses": 89000000,
    "operatingExpenses": 296000000,
    "costAndExpenses": 3103000000,
    "interestIncome": 9000000,
    "interestExpense": 6000000,
    "depreciationAndAmortization": 105000000,
    "ebitda": 316000000,
    "ebitdaratio": 0.095497129,
    "operatingIncome": 206000000,
    "operatingIncomeRatio": 0.0622544575,
    "totalOtherIncomeExpensesNet": -1000000,
    "incomeBeforeTax": 205000000,
    "incomeBeforeTaxRatio": 0.0619522514,
    "incomeTaxExpense": 62000000,
    "netIncome": 127000000,
    "netIncomeRatio": 0.0383801753,
    "eps": 0.38,
    "epsdiluted": 0.38,
    "weightedAverageShsOut": 336830000,
    "weightedAverageShsOutDil": 336830000,
    "link": null,
    "finalLink": null
  },
  {
    "date": "2010-06-30",
    "symbol": "APTV",
    "reportedCurrency": "USD",
    "cik": "0001521332",
    "fillingDate": "2010-06-30",
    "acceptedDate": "2010-06-30 00:00:00",
    "calendarYear": "2010",
    "period": "Q2",
    "revenue": 3446000000,
    "costOfRevenue": 2903000000,
    "grossProfit": 543000000,
    "grossProfitRatio": 0.1575739988,
    "researchAndDevelopmentExpenses": 0,
    "generalAndAdministrativeExpenses": 0,
    "sellingAndMarketingExpenses": 0,
    "sellingGeneralAndAdministrativeExpenses": 199000000,
    "otherExpenses": 47000000,
    "operatingExpenses": 246000000,
    "costAndExpenses": 3149000000,
    "interestIncome": 6000000,
    "interestExpense": 8000000,
    "depreciationAndAmortization": 107000000,
    "ebitda": 404000000,
    "ebitdaratio": 0.1172373767,
    "operatingIncome": 297000000,
    "operatingIncomeRatio": 0.0861868833,
    "totalOtherIncomeExpensesNet": -8000000,
    "incomeBeforeTax": 289000000,
    "incomeBeforeTaxRatio": 0.0838653511,
    "incomeTaxExpense": 62000000,
    "netIncome": 214000000,
    "netIncomeRatio": 0.0621009867,
    "eps": 0.64,
    "epsdiluted": 0.64,
    "weightedAverageShsOut": 336830000,
    "weightedAverageShsOutDil": 336830000,
    "link": null,
    "finalLink": null
  },
  {
    "date": "2010-03-31",
    "symbol": "APTV",
    "reportedCurrency": "USD",
    "cik": "0001521332",
    "fillingDate": "2010-03-31",
    "acceptedDate": "2010-03-31 00:00:00",
    "calendarYear": "2010",
    "period": "Q1",
    "revenue": 3410000000,
    "costOfRevenue": 2848000000,
    "grossProfit": 562000000,
    "grossProfitRatio": 0.1648093842,
    "researchAndDevelopmentExpenses": 0,
    "generalAndAdministrativeExpenses": 0,
    "sellingAndMarketingExpenses": 0,
    "sellingGeneralAndAdministrativeExpenses": 198000000,
    "otherExpenses": 40000000,
    "operatingExpenses": 238000000,
    "costAndExpenses": 3086000000,
    "interestIncome": 5000000,
    "interestExpense": 8000000,
    "depreciationAndAmortization": 99000000,
    "ebitda": 425000000,
    "ebitdaratio": 0.1246334311,
    "operatingIncome": 324000000,
    "operatingIncomeRatio": 0.0950146628,
    "totalOtherIncomeExpensesNet": -6000000,
    "incomeBeforeTax": 318000000,
    "incomeBeforeTaxRatio": 0.093255132,
    "incomeTaxExpense": 85000000,
    "netIncome": 215000000,
    "netIncomeRatio": 0.0630498534,
    "eps": 0.64,
    "epsdiluted": 0.64,
    "weightedAverageShsOut": 336830000,
    "weightedAverageShsOutDil": 336830000,
    "link": null,
    "finalLink": null
  }
]