[
  {
    "date": "2025-06-30",
    "symbol": "ARE",
    "reportedCurrency": "USD",
    "cik": "0001035443",
    "fillingDate": "2025-07-21",
    "acceptedDate": "2025-07-21 16:06:47",
    "calendarYear": "2025",
    "period": "Q2",
    "revenue": 762040000,
    "costOfRevenue": 224433000,
    "grossProfit": 537607000,
    "grossProfitRatio": 0.7054839641,
    "researchAndDevelopmentExpenses": 0,
    "generalAndAdministrativeExpenses": 29128000,
    "sellingAndMarketingExpenses": 0,
    "sellingGeneralAndAdministrativeExpenses": 29128000,
    "otherExpenses": 0,
    "operatingExpenses": 29128000,
    "costAndExpenses": 253561000,
    "interestIncome": 0,
    "interestExpense": 0,
    "depreciationAndAmortization": 346123000,
    "ebitda": 486541000,
    "ebitdaratio": 0.6384717338,
    "operatingIncome": 140418000,
    "operatingIncomeRatio": 0.1842659178,
    "totalOtherIncomeExpensesNet": 0,
    "incomeBeforeTax": -109611000,
    "incomeBeforeTaxRatio": -0.1438389061,
    "incomeTaxExpense": 0,
    "netIncome": -109611000,
    "netIncomeRatio": -0.1438389061,
    "eps": -0.64,
    "epsdiluted": -0.64,
    "weightedAverageShsOut": 170135000,
    "weightedAverageShsOutDil": 170135000,
    "link": "https://www.sec.gov/Archives/edgar/data/1035443/000103544325000179/0001035443-25-000179-index.htm",
    "finalLink": "https://www.sec.gov/Archives/edgar/data/1035443/000103544325000179/are-20250630.htm"
  },
  {
    "date": "2025-03-31",
    "symbol": "ARE",
    "reportedCurrency": "USD",
    "cik": "0001035443",
    "fillingDate": "2025-04-28",
    "acceptedDate": "2025-04-28 16:07:00",
    "calendarYear": "2025",
    "period": "Q1",
    "revenue": 743175000,
    "costOfRevenue": 226395000,
    "grossProfit": 516780000,
    "grossProfitRatio": 0.6953678474,
    "researchAndDevelopmentExpenses": 0,
    "generalAndAdministrativeExpenses": 30675000,
    "sellingAndMarketingExpenses": 0,
    "sellingGeneralAndAdministrativeExpenses": 30675000,
    "otherExpenses": 342062000,
    "operatingExpenses": 372737000,
    "costAndExpenses": 599132000,
    "interestIncome": 0,
    "interestExpense": 50876000,
    "depreciationAndAmortization": 342062000,
    "ebitda": 431600000,
    "ebitdaratio": 0.5807515054,
    "operatingIncome": 144043000,
    "operatingIncomeRatio": 0.1938211054,
    "totalOtherIncomeExpensesNet": -105381000,
    "incomeBeforeTax": 38662000,
    "incomeBeforeTaxRatio": 0.0520227403,
    "incomeTaxExpense": 0,
    "netIncome": -8939000,
    "netIncomeRatio": -0.0120281226,
    "eps": -0.067,
    "epsdiluted": -0.067,
    "weightedAverageShsOut": 170522000,
    "weightedAverageShsOutDil": 170522000,
    "link": "https://www.sec.gov/Archives/edgar/data/1035443/000103544325000136/0001035443-25-000136-index.htm",
    "finalLink": "https://www.sec.gov/Archives/edgar/data/1035443/000103544325000136/are-20250331.htm"
  },
  {
    "date": "2024-12-31",
    "symbol": "ARE",
    "reportedCurrency": "USD",
    "cik": "0001035443",
    "fillingDate": "2025-01-27",
    "acceptedDate": "2025-01-27 16:06:28",
    "calendarYear": "2024",
    "period": "Q4",
    "revenue": 763249000,
    "costOfRevenue": 240432000,
    "grossProfit": 522817000,
    "grossProfitRatio": 0.6849887782,
    "researchAndDevelopmentExpenses": 0,
    "generalAndAdministrativeExpenses": 32730000,
    "sellingAndMarketingExpenses": 0,
    "sellingGeneralAndAdministrativeExpenses": 32730000,
    "otherExpenses": 330108000,
    "operatingExpenses": 362838000,
    "costAndExpenses": 603270000,
    "interestIncome": 0,
    "interestExpense": 55659000,
    "depreciationAndAmortization": 330108000,
    "ebitda": 369672000,
    "ebitdaratio": 0.4843399729,
    "operatingIncome": 159979000,
    "operatingIncomeRatio": 0.209602633,
    "totalOtherIncomeExpensesNet": -176074000,
    "incomeBeforeTax": -16095000,
    "incomeBeforeTaxRatio": -0.0210874826,
    "incomeTaxExpense": 0,
    "netIncome": -62245000,
    "netIncomeRatio": -0.0815526781,
    "eps": -0.38,
    "epsdiluted": -0.38,
    "weightedAverageShsOut": 172058000,
    "weightedAverageShsOutDil": 172058000,
    "link": "https://www.sec.gov/Archives/edgar/data/1035443/000103544325000067/0001035443-25-000067-index.htm",
    "finalLink": "https://www.sec.gov/Archives/edgar/data/1035443/000103544325000067/are-20241231.htm"
  },
  {
    "date": "2024-09-30",
    "symbol": "ARE",
    "reportedCurrency": "USD",
    "cik": "0001035443",
    "fillingDate": "2024-10-21",
    "acceptedDate": "2024-10-21 16:06:27",
    "calendarYear": "2024",
    "period": "Q3",
    "revenue": 775744000,
    "costOfRevenue": 233265000,
    "grossProfit": 542479000,
    "grossProfitRatio": 0.6993015737,
    "researchAndDevelopmentExpenses": 0,
    "generalAndAdministrativeExpenses": 43945000,
    "sellingAndMarketingExpenses": 0,
    "sellingGeneralAndAdministrativeExpenses": 43945000,
    "otherExpenses": 293998000,
    "operatingExpenses": 337943000,
    "costAndExpenses": 571208000,
    "interestIncome": 0,
    "interestExpense": 43550000,
    "depreciationAndAmortization": 293998000,
    "ebitda": 551151000,
    "ebitdaratio": 0.7104805193,
    "operatingIncome": 204536000,
    "operatingIncomeRatio": 0.2636643016,
    "totalOtherIncomeExpensesNet": 9067000,
    "incomeBeforeTax": 213603000,
    "incomeBeforeTaxRatio": 0.2753524359,
    "incomeTaxExpense": 0,
    "netIncome": 167947000,
    "netIncomeRatio": 0.2164979684,
    "eps": 0.96,
    "epsdiluted": 0.96,
    "weightedAverageShsOut": 172058000,
    "weightedAverageShsOutDil": 172058000,
    "link": "https://www.sec.gov/Archives/edgar/data/1035443/000103544324000298/0001035443-24-000298-index.htm",
    "finalLink": "https://www.sec.gov/Archives/edgar/data/1035443/000103544324000298/are-20240930.htm"
  },
  {
    "date": "2024-06-30",
    "symbol": "ARE",
    "reportedCurrency": "USD",
    "cik": "0001035443",
    "fillingDate": "2024-07-22",
    "acceptedDate": "2024-07-22 16:06:42",
    "calendarYear": "2024",
    "period": "Q2",
    "revenue": 755162000,
    "costOfRevenue": 217254000,
    "grossProfit": 537908000,
    "grossProfitRatio": 0.7123080875,
    "researchAndDevelopmentExpenses": 0,
    "generalAndAdministrativeExpenses": 44629000,
    "sellingAndMarketingExpenses": 0,
    "sellingGeneralAndAdministrativeExpenses": 44629000,
    "otherExpenses": 290720000,
    "operatingExpenses": 335349000,
    "costAndExpenses": 552603000,
    "interestIncome": 0,
    "interestExpense": 45789000,
    "depreciationAndAmortization": 290720000,
    "ebitda": 430558000,
    "ebitdaratio": 0.5701531592,
    "operatingIncome": 202559000,
    "operatingIncomeRatio": 0.2682325117,
    "totalOtherIncomeExpensesNet": -108510000,
    "incomeBeforeTax": 94049000,
    "incomeBeforeTaxRatio": 0.1245414891,
    "incomeTaxExpense": 0,
    "netIncome": 46702000,
    "netIncomeRatio": 0.0618436839,
    "eps": 0.25,
    "epsdiluted": 0.25,
    "weightedAverageShsOut": 172013000,
    "weightedAverageShsOutDil": 172013000,
    "link": "https://www.sec.gov/Archives/edgar/data/1035443/000103544324000225/0001035443-24-000225-index.htm",
    "finalLink": "https://www.sec.gov/Archives/edgar/data/1035443/000103544324000225/are-20240630.htm"
  },
  {
    "date": "2024-03-31",
    "symbol": "ARE",
    "reportedCurrency": "USD",
    "cik": "0001035443",
    "fillingDate": "2024-04-22",
    "acceptedDate": "2024-04-22 16:06:38",
    "calendarYear": "2024",
    "period": "Q1",
    "revenue": 755551000,
    "costOfRevenue": 218314000,
    "grossProfit": 537237000,
    "grossProfitRatio": 0.7110532578,
    "researchAndDevelopmentExpenses": 0,
    "generalAndAdministrativeExpenses": 47055000,
    "sellingAndMarketingExpenses": 0,
    "sellingGeneralAndAdministrativeExpenses": 47055000,
    "otherExpenses": 287554000,
    "operatingExpenses": 334609000,
    "costAndExpenses": 552923000,
    "interestIncome": 0,
    "interestExpense": 40840000,
    "depreciationAndAmortization": 287554000,
    "ebitda": 547570000,
    "ebitdaratio": 0.7247293697,
    "operatingIncome": 202628000,
    "operatingIncomeRatio": 0.2681857346,
    "totalOtherIncomeExpensesNet": 16548000,
    "incomeBeforeTax": 219176000,
    "incomeBeforeTaxRatio": 0.2900876314,
    "incomeTaxExpense": 0,
    "netIncome": 170545000,
    "netIncomeRatio": 0.2257226845,
    "eps": 0.97,
    "epsdiluted": 0.97,
    "weightedAverageShsOut": 171949000,
    "weightedAverageShsOutDil": 171949000,
    "link": "https://www.sec.gov/Archives/edgar/data/1035443/000103544324000158/0001035443-24-000158-index.htm",
    "finalLink": "https://www.sec.gov/Archives/edgar/data/1035443/000103544324000158/are-20240331.htm"
  },
  {
    "date": "2023-12-31",
    "symbol": "ARE",
    "reportedCurrency": "USD",
    "cik": "0001035443",
    "fillingDate": "2024-01-29",
    "acceptedDate": "2024-01-29 16:07:08",
    "calendarYear": "2023",
    "period": "Q4",
    "revenue": 742637000,
    "costOfRevenue": 222726000,
    "grossProfit": 519911000,
    "grossProfitRatio": 0.7000876606,
    "researchAndDevelopmentExpenses": 0,
    "generalAndAdministrativeExpenses": 59289000,
    "sellingAndMarketingExpenses": 0,
    "sellingGeneralAndAdministrativeExpenses": 59289000,
    "otherExpenses": 285246000,
    "operatingExpenses": 344535000,
    "costAndExpenses": 567261000,
    "interestIncome": 0,
    "interestExpense": 31967000,
    "depreciationAndAmortization": 261562000,
    "ebitda": 274555000,
    "ebitdaratio": 0.3697028292,
    "operatingIncome": 175376000,
    "operatingIncomeRatio": 0.23615306,
    "totalOtherIncomeExpensesNet": -218034000,
    "incomeBeforeTax": -42658000,
    "incomeBeforeTaxRatio": -0.0574412533,
    "incomeTaxExpense": 0,
    "netIncome": -88429000,
    "netIncomeRatio": -0.1190743257,
    "eps": 2.29,
    "epsdiluted": 2.29,
    "weightedAverageShsOut": 171096000,
    "weightedAverageShsOutDil": 171096000,
    "link": "https://www.sec.gov/Archives/edgar/data/1035443/000103544324000072/0001035443-24-000072-index.htm",
    "finalLink": "https://www.sec.gov/Archives/edgar/data/1035443/000103544324000072/are-20231231.htm"
  },
  {
    "date": "2023-09-30",
    "symbol": "ARE",
    "reportedCurrency": "USD",
    "cik": "0001035443",
    "fillingDate": "2023-10-23",
    "acceptedDate": "2023-10-23 16:06:35",
    "calendarYear": "2023",
    "period": "Q3",
    "revenue": 707531000,
    "costOfRevenue": 217687000,
    "grossProfit": 489844000,
    "grossProfitRatio": 0.6923286754,
    "researchAndDevelopmentExpenses": 0,
    "generalAndAdministrativeExpenses": 45987000,
    "sellingAndMarketingExpenses": 0,
    "sellingGeneralAndAdministrativeExpenses": 45987000,
    "otherExpenses": 269370000,
    "operatingExpenses": 315357000,
    "costAndExpenses": 533044000,
    "interestIncome": 0,
    "interestExpense": 11411000,
    "depreciationAndAmortization": 246148000,
    "ebitda": 349035000,
    "ebitdaratio": 0.4933140739,
    "operatingIncome": 174487000,
    "operatingIncomeRatio": 0.2466139293,
    "totalOtherIncomeExpensesNet": -106233000,
    "incomeBeforeTax": 68254000,
    "incomeBeforeTaxRatio": 0.0964678579,
    "incomeTaxExpense": 0,
    "netIncome": 24269000,
    "netIncomeRatio": 0.0343009706,
    "eps": 0.13,
    "epsdiluted": 0.13,
    "weightedAverageShsOut": 170890000,
    "weightedAverageShsOutDil": 170890000,
    "link": "https://www.sec.gov/Archives/edgar/data/1035443/000103544323000303/0001035443-23-000303-index.htm",
    "finalLink": "https://www.sec.gov/Archives/edgar/data/1035443/000103544323000303/are-20230930.htm"
  },
  {
    "date": "2023-06-30",
    "symbol": "ARE",
    "reportedCurrency": "USD",
    "cik": "0001035443",
    "fillingDate": "2023-07-24",
    "acceptedDate": "2023-07-24 16:06:33",
    "calendarYear": "2023",
    "period": "Q2",
    "revenue": 704339000,
    "costOfRevenue": 211834000,
    "grossProfit": 492505000,
    "grossProfitRatio": 0.699244256,
    "researchAndDevelopmentExpenses": 0,
    "generalAndAdministrativeExpenses": 45882000,
    "sellingAndMarketingExpenses": 0,
    "sellingGeneralAndAdministrativeExpenses": 45882000,
    "otherExpenses": 273555000,
    "operatingExpenses": 319437000,
    "costAndExpenses": 531271000,
    "interestIncome": 0,
    "interestExpense": 17072000,
    "depreciationAndAmortization": 248766000,
    "ebitda": 424332000,
    "ebitdaratio": 0.6024542159,
    "operatingIncome": 173068000,
    "operatingIncomeRatio": 0.2457169062,
    "totalOtherIncomeExpensesNet": -39363000,
    "incomeBeforeTax": 133705000,
    "incomeBeforeTaxRatio": 0.1898304652,
    "incomeTaxExpense": 0,
    "netIncome": 89937000,
    "netIncomeRatio": 0.1276899334,
    "eps": 0.0977,
    "epsdiluted": 0.0977,
    "weightedAverageShsOut": 170864000,
    "weightedAverageShsOutDil": 170864000,
    "link": "https://www.sec.gov/Archives/edgar/data/1035443/000103544323000244/0001035443-23-000244-index.htm",
    "finalLink": "https://www.sec.gov/Archives/edgar/data/1035443/000103544323000244/are-20230630.htm"
  },
  {
    "date": "2023-03-31",
    "symbol": "ARE",
    "reportedCurrency": "USD",
    "cik": "0001035443",
    "fillingDate": "2023-04-24",
    "acceptedDate": "2023-04-24 16:06:30",
    "calendarYear": "2023",
    "period": "Q1",
    "revenue": 687949000,
    "costOfRevenue": 206933000,
    "grossProfit": 481016000,
    "grossProfitRatio": 0.6992029932,
    "researchAndDevelopmentExpenses": 0,
    "generalAndAdministrativeExpenses": 48196000,
    "sellingAndMarketingExpenses": 0,
    "sellingGeneralAndAdministrativeExpenses": 48196000,
    "otherExpenses": 265302000,
    "operatingExpenses": 313498000,
    "costAndExpenses": 520431000,
    "interestIncome": 0,
    "interestExpense": 13754000,
    "depreciationAndAmortization": 243666000,
    "ebitda": 400749000,
    "ebitdaratio": 0.5825271931,
    "operatingIncome": 167518000,
    "operatingIncomeRatio": 0.2435035155,
    "totalOtherIncomeExpensesNet": -45825000,
    "incomeBeforeTax": 121693000,
    "incomeBeforeTaxRatio": 0.1768924731,
    "incomeTaxExpense": 0,
    "netIncome": 77862000,
    "netIncomeRatio": 0.1131799014,
    "eps": 0.19,
    "epsdiluted": 0.19,
    "weightedAverageShsOut": 170784000,
    "weightedAverageShsOutDil": 170784000,
    "link": "https://www.sec.gov/Archives/edgar/data/1035443/000103544323000198/0001035443-23-000198-index.htm",
    "finalLink": "https://www.sec.gov/Archives/edgar/data/1035443/000103544323000198/are-20230331.htm"
  },
  {
    "date": "2022-12-31",
    "symbol": "ARE",
    "reportedCurrency": "USD",
    "cik": "0001035443",
    "fillingDate": "2023-01-30",
    "acceptedDate": "2023-01-30 16:17:25",
    "calendarYear": "2022",
    "period": "Q4",
    "revenue": 670281000,
    "costOfRevenue": 204352000,
    "grossProfit": 465929000,
    "grossProfitRatio": 0.6951248805,
    "researchAndDevelopmentExpenses": 0,
    "generalAndAdministrativeExpenses": 42992000,
    "sellingAndMarketingExpenses": 0,
    "sellingGeneralAndAdministrativeExpenses": 42992000,
    "otherExpenses": 264480000,
    "operatingExpenses": 307472000,
    "costAndExpenses": 511824000,
    "interestIncome": 0,
    "interestExpense": 17522000,
    "depreciationAndAmortization": 264480000,
    "ebitda": 423109000,
    "ebitdaratio": 0.6312412257,
    "operatingIncome": 158629000,
    "operatingIncomeRatio": 0.2366604454,
    "totalOtherIncomeExpensesNet": -39072000,
    "incomeBeforeTax": 95268000,
    "incomeBeforeTaxRatio": 0.1421314344,
    "incomeTaxExpense": 17522000,
    "netIncome": 77746000,
    "netIncomeRatio": 0.1159901594,
    "eps": 0.47,
    "epsdiluted": 0.47,
    "weightedAverageShsOut": 165393000,
    "weightedAverageShsOutDil": 165393000,
    "link": "https://www.sec.gov/Archives/edgar/data/1035443/000103544323000099/0001035443-23-000099-index.htm",
    "finalLink": "https://www.sec.gov/Archives/edgar/data/1035443/000103544323000099/are-20221231.htm"
  },
  {
    "date": "2022-09-30",
    "symbol": "ARE",
    "reportedCurrency": "USD",
    "cik": "0001035443",
    "fillingDate": "2022-10-24",
    "acceptedDate": "2022-10-24 16:07:17",
    "calendarYear": "2022",
    "period": "Q3",
    "revenue": 659852000,
    "costOfRevenue": 201189000,
    "grossProfit": 458663000,
    "grossProfitRatio": 0.6950998103,
    "researchAndDevelopmentExpenses": 0,
    "generalAndAdministrativeExpenses": 49958000,
    "sellingAndMarketingExpenses": 0,
    "sellingGeneralAndAdministrativeExpenses": 49958000,
    "otherExpenses": 254929000,
    "operatingExpenses": 304887000,
    "costAndExpenses": 506076000,
    "interestIncome": 0,
    "interestExpense": 22984000,
    "depreciationAndAmortization": 254929000,
    "ebitda": 301112000,
    "ebitdaratio": 0.4563326322,
    "operatingIncome": 208037000,
    "operatingIncomeRatio": 0.3152782745,
    "totalOtherIncomeExpensesNet": -25302000,
    "incomeBeforeTax": 383443000,
    "incomeBeforeTaxRatio": 0.5811045507,
    "incomeTaxExpense": 38747000,
    "netIncome": 344696000,
    "netIncomeRatio": 0.5223838073,
    "eps": 2.13,
    "epsdiluted": 2.13,
    "weightedAverageShsOut": 161554000,
    "weightedAverageShsOutDil": 161554000,
    "link": "https://www.sec.gov/Archives/edgar/data/1035443/000103544322000308/0001035443-22-000308-index.htm",
    "finalLink": "https://www.sec.gov/Archives/edgar/data/1035443/000103544322000308/are-20220930.htm"
  },
  {
    "date": "2022-06-30",
    "symbol": "ARE",
    "reportedCurrency": "USD",
    "cik": "0001035443",
    "fillingDate": "2022-07-25",
    "acceptedDate": "2022-07-25 16:06:46",
    "calendarYear": "2022",
    "period": "Q2",
    "revenue": 643764000,
    "costOfRevenue": 196284000,
    "grossProfit": 447480000,
    "grossProfitRatio": 0.6950994464,
    "researchAndDevelopmentExpenses": 0,
    "generalAndAdministrativeExpenses": 43397000,
    "sellingAndMarketingExpenses": 0,
    "sellingGeneralAndAdministrativeExpenses": 43397000,
    "otherExpenses": 242078000,
    "operatingExpenses": 285475000,
    "costAndExpenses": 481759000,
    "interestIncome": 0,
    "interestExpense": 24257000,
    "depreciationAndAmortization": 242078000,
    "ebitda": 431729000,
    "ebitdaratio": 0.6706324057,
    "operatingIncome": 162218000,
    "operatingIncomeRatio": 0.2519836462,
    "totalOtherIncomeExpensesNet": -94914000,
    "incomeBeforeTax": 309382000,
    "incomeBeforeTaxRatio": 0.4805829465,
    "incomeTaxExpense": 37168000,
    "netIncome": 272214000,
    "netIncomeRatio": 0.4228475031,
    "eps": 1.69,
    "epsdiluted": 1.69,
    "weightedAverageShsOut": 161412000,
    "weightedAverageShsOutDil": 161412000,
    "link": "https://www.sec.gov/Archives/edgar/data/1035443/000103544322000226/0001035443-22-000226-index.htm",
    "finalLink": "https://www.sec.gov/Archives/edgar/data/1035443/000103544322000226/are-20220630.htm"
  },
  {
    "date": "2022-03-31",
    "symbol": "ARE",
    "reportedCurrency": "USD",
    "cik": "0001035443",
    "fillingDate": "2022-04-25",
    "acceptedDate": "2022-04-25 16:07:01",
    "calendarYear": "2022",
    "period": "Q1",
    "revenue": 615065000,
    "costOfRevenue": 181328000,
    "grossProfit": 433737000,
    "grossProfitRatio": 0.7051888825,
    "researchAndDevelopmentExpenses": 0,
    "generalAndAdministrativeExpenses": 40931000,
    "sellingAndMarketingExpenses": 0,
    "sellingGeneralAndAdministrativeExpenses": 40931000,
    "otherExpenses": 240659000,
    "operatingExpenses": 281590000,
    "costAndExpenses": 462918000,
    "interestIncome": 0,
    "interestExpense": 29440000,
    "depreciationAndAmortization": 240659000,
    "ebitda": 152707000,
    "ebitdaratio": 0.2482778243,
    "operatingIncome": 152367000,
    "operatingIncomeRatio": 0.2477250372,
    "totalOtherIncomeExpensesNet": -509978000,
    "incomeBeforeTax": -117392000,
    "incomeBeforeTaxRatio": -0.1908611285,
    "incomeTaxExpense": 32177000,
    "netIncome": -149569000,
    "netIncomeRatio": -0.2431759245,
    "eps": -0.95,
    "epsdiluted": -0.95,
    "weightedAverageShsOut": 157968750,
    "weightedAverageShsOutDil": 158198000,
    "link": "https://www.sec.gov/Archives/edgar/data/1035443/000103544322000151/0001035443-22-000151-index.htm",
    "finalLink": "https://www.sec.gov/Archives/edgar/data/1035443/000103544322000151/are-20220331.htm"
  },
  {
    "date": "2021-12-31",
    "symbol": "ARE",
    "reportedCurrency": "USD",
    "cik": "0001035443",
    "fillingDate": "2022-01-31",
    "acceptedDate": "2022-01-31 16:07:33",
    "calendarYear": "2021",
    "period": "Q4",
    "revenue": 576923000,
    "costOfRevenue": 175717000,
    "grossProfit": 401206000,
    "grossProfitRatio": 0.6954238261,
    "researchAndDevelopmentExpenses": 0,
    "generalAndAdministrativeExpenses": 41654000,
    "sellingAndMarketingExpenses": 0,
    "sellingGeneralAndAdministrativeExpenses": 41654000,
    "otherExpenses": 239254000,
    "operatingExpenses": 280908000,
    "costAndExpenses": 456625000,
    "interestIncome": 0,
    "interestExpense": 34862000,
    "depreciationAndAmortization": 239254000,
    "ebitda": 362570000,
    "ebitdaratio": 0.6284547505,
    "operatingIncome": 109757000,
    "operatingIncomeRatio": 0.190245492,
    "totalOtherIncomeExpensesNet": 119214000,
    "incomeBeforeTax": 99796000,
    "incomeBeforeTaxRatio": 0.1729797564,
    "incomeTaxExpense": 24901000,
    "netIncome": 74895000,
    "netIncomeRatio": 0.1298180173,
    "eps": 0.47,
    "epsdiluted": 0.47,
    "weightedAverageShsOut": 153464000,
    "weightedAverageShsOutDil": 154307000,
    "link": "https://www.sec.gov/Archives/edgar/data/1035443/000103544322000040/0001035443-22-000040-index.htm",
    "finalLink": "https://www.sec.gov/Archives/edgar/data/1035443/000103544322000040/are-20211231.htm"
  },
  {
    "date": "2021-09-30",
    "symbol": "ARE",
    "reportedCurrency": "USD",
    "cik": "0001035443",
    "fillingDate": "2021-10-25",
    "acceptedDate": "2021-10-25 16:07:05",
    "calendarYear": "2021",
    "period": "Q3",
    "revenue": 547759000,
    "costOfRevenue": 165995000,
    "grossProfit": 381764000,
    "grossProfitRatio": 0.6969561431,
    "researchAndDevelopmentExpenses": 0,
    "generalAndAdministrativeExpenses": 37931000,
    "sellingAndMarketingExpenses": 0,
    "sellingGeneralAndAdministrativeExpenses": 37931000,
    "otherExpenses": 210842000,
    "operatingExpenses": 248773000,
    "costAndExpenses": 414768000,
    "interestIncome": 0,
    "interestExpense": 35678000,
    "depreciationAndAmortization": 210842000,
    "ebitda": 509399000,
    "ebitdaratio": 0.9299692018,
    "operatingIncome": 138825000,
    "operatingIncomeRatio": 0.2534417508,
    "totalOtherIncomeExpensesNet": 5874000,
    "incomeBeforeTax": 124433000,
    "incomeBeforeTaxRatio": 0.2271674222,
    "incomeTaxExpense": 21286000,
    "netIncome": 103147000,
    "netIncomeRatio": 0.1883072665,
    "eps": 0.67,
    "epsdiluted": 0.67,
    "weightedAverageShsOut": 150854000,
    "weightedAverageShsOutDil": 151561000,
    "link": "https://www.sec.gov/Archives/edgar/data/1035443/000103544321000244/0001035443-21-000244-index.htm",
    "finalLink": "https://www.sec.gov/Archives/edgar/data/1035443/000103544321000244/are-20210930.htm"
  },
  {
    "date": "2021-06-30",
    "symbol": "ARE",
    "reportedCurrency": "USD",
    "cik": "0001035443",
    "fillingDate": "2021-07-26",
    "acceptedDate": "2021-07-26 16:07:12",
    "calendarYear": "2021",
    "period": "Q2",
    "revenue": 509619000,
    "costOfRevenue": 143955000,
    "grossProfit": 365664000,
    "grossProfitRatio": 0.7175242681,
    "researchAndDevelopmentExpenses": 0,
    "generalAndAdministrativeExpenses": 37880000,
    "sellingAndMarketingExpenses": 0,
    "sellingGeneralAndAdministrativeExpenses": 37880000,
    "otherExpenses": 190052000,
    "operatingExpenses": 227932000,
    "costAndExpenses": 371887000,
    "interestIncome": 0,
    "interestExpense": 35158000,
    "depreciationAndAmortization": 190052000,
    "ebitda": 510301000,
    "ebitdaratio": 1.0013382547,
    "operatingIncome": 420242000,
    "operatingIncomeRatio": 0.8246199612,
    "totalOtherIncomeExpensesNet": 74127000,
    "incomeBeforeTax": 404520000,
    "incomeBeforeTaxRatio": 0.7937694631,
    "incomeTaxExpense": 19436000,
    "netIncome": 385084000,
    "netIncomeRatio": 0.7556311676,
    "eps": 2.61,
    "epsdiluted": 2.61,
    "weightedAverageShsOut": 145825000,
    "weightedAverageShsOutDil": 146058000,
    "link": "https://www.sec.gov/Archives/edgar/data/1035443/000103544321000191/0001035443-21-000191-index.htm",
    "finalLink": "https://www.sec.gov/Archives/edgar/data/1035443/000103544321000191/are-20210630.htm"
  },
  {
    "date": "2021-03-31",
    "symbol": "ARE",
    "reportedCurrency": "USD",
    "cik": "0001035443",
    "fillingDate": "2021-04-26",
    "acceptedDate": "2021-04-26 16:07:21",
    "calendarYear": "2021",
    "period": "Q1",
    "revenue": 479849000,
    "costOfRevenue": 137888000,
    "grossProfit": 341961000,
    "grossProfitRatio": 0.7126429356,
    "researchAndDevelopmentExpenses": 0,
    "generalAndAdministrativeExpenses": 33996000,
    "sellingAndMarketingExpenses": 0,
    "sellingGeneralAndAdministrativeExpenses": 33996000,
    "otherExpenses": 180913000,
    "operatingExpenses": 214909000,
    "costAndExpenses": 352797000,
    "interestIncome": 0,
    "interestExpense": 36467000,
    "depreciationAndAmortization": 180913000,
    "ebitda": 477433000,
    "ebitdaratio": 0.9949650828,
    "operatingIncome": 44588000,
    "operatingIncomeRatio": 0.092920898,
    "totalOtherIncomeExpensesNet": -55268000,
    "incomeBeforeTax": 25533000,
    "incomeBeforeTaxRatio": 0.0532104891,
    "incomeTaxExpense": 17412000,
    "netIncome": 8121000,
    "netIncomeRatio": 0.016924074,
    "eps": 0.04,
    "epsdiluted": 0.04,
    "weightedAverageShsOut": 137319000,
    "weightedAverageShsOutDil": 137688000,
    "link": "https://www.sec.gov/Archives/edgar/data/1035443/000103544321000123/0001035443-21-000123-index.htm",
    "finalLink": "https://www.sec.gov/Archives/edgar/data/1035443/000103544321000123/are-20210331.htm"
  },
  {
    "date": "2020-12-31",
    "symbol": "ARE",
    "reportedCurrency": "USD",
    "cik": "0001035443",
    "fillingDate": "2021-02-01",
    "acceptedDate": "2021-02-01 16:07:31",
    "calendarYear": "2020",
    "period": "Q4",
    "revenue": 463720000,
    "costOfRevenue": 136767000,
    "grossProfit": 326953000,
    "grossProfitRatio": 0.7050655568,
    "researchAndDevelopmentExpenses": 0,
    "generalAndAdministrativeExpenses": 32690000,
    "sellingAndMarketingExpenses": 0,
    "sellingGeneralAndAdministrativeExpenses": 32690000,
    "otherExpenses": 177750000,
    "operatingExpenses": 210440000,
    "costAndExpenses": 347207000,
    "interestIncome": 0,
    "interestExpense": 37538000,
    "depreciationAndAmortization": 177750000,
    "ebitda": 527801000,
    "ebitdaratio": 1.1381889934,
    "operatingIncome": 479022000,
    "operatingIncomeRatio": 1.0329983611,
    "totalOtherIncomeExpensesNet": -21889000,
    "incomeBeforeTax": 457133000,
    "incomeBeforeTaxRatio": 0.9857953075,
    "incomeTaxExpense": 0,
    "netIncome": 441484000,
    "netIncomeRatio": 0.95204865,
    "eps": 3.26,
    "epsdiluted": 3.26,
    "weightedAverageShsOut": 133688000,
    "weightedAverageShsOutDil": 133827000,
    "link": "https://www.sec.gov/Archives/edgar/data/1035443/000103544321000044/0001035443-21-000044-index.htm",
    "finalLink": "https://www.sec.gov/Archives/edgar/data/1035443/000103544321000044/are-20201231.htm"
  },
  {
    "date": "2020-09-30",
    "symbol": "ARE",
    "reportedCurrency": "USD",
    "cik": "0001035443",
    "fillingDate": "2020-10-26",
    "acceptedDate": "2020-10-26 16:07:01",
    "calendarYear": "2020",
    "period": "Q3",
    "revenue": 545042000,
    "costOfRevenue": 140443000,
    "grossProfit": 404599000,
    "grossProfitRatio": 0.7423262794,
    "researchAndDevelopmentExpenses": 0,
    "generalAndAdministrativeExpenses": 36913000,
    "sellingAndMarketingExpenses": 0,
    "sellingGeneralAndAdministrativeExpenses": 36913000,
    "otherExpenses": 176831000,
    "operatingExpenses": 213744000,
    "costAndExpenses": 354187000,
    "interestIncome": 0,
    "interestExpense": 43318000,
    "depreciationAndAmortization": 176831000,
    "ebitda": 531473000,
    "ebitdaratio": 0.9751046708,
    "operatingIncome": 124374000,
    "operatingIncomeRatio": 0.2281915889,
    "totalOtherIncomeExpensesNet": -70281000,
    "incomeBeforeTax": 95799000,
    "incomeBeforeTaxRatio": 0.1757644365,
    "incomeTaxExpense": 14743000,
    "netIncome": 81056000,
    "netIncomeRatio": 0.1487151449,
    "eps": 0.64,
    "epsdiluted": 0.63,
    "weightedAverageShsOut": 124901000,
    "weightedAverageShsOutDil": 125828000,
    "link": "https://www.sec.gov/Archives/edgar/data/1035443/000103544320000273/0001035443-20-000273-index.htm",
    "finalLink": "https://www.sec.gov/Archives/edgar/data/1035443/000103544320000273/are-20200930.htm"
  },
  {
    "date": "2020-06-30",
    "symbol": "ARE",
    "reportedCurrency": "USD",
    "cik": "0001035443",
    "fillingDate": "2020-07-27",
    "acceptedDate": "2020-07-27 16:07:57",
    "calendarYear": "2020",
    "period": "Q2",
    "revenue": 436956000,
    "costOfRevenue": 123911000,
    "grossProfit": 313045000,
    "grossProfitRatio": 0.7164222485,
    "researchAndDevelopmentExpenses": 0,
    "generalAndAdministrativeExpenses": 31775000,
    "sellingAndMarketingExpenses": 0,
    "sellingGeneralAndAdministrativeExpenses": 31775000,
    "otherExpenses": 168027000,
    "operatingExpenses": 199802000,
    "costAndExpenses": 323713000,
    "interestIncome": 0,
    "interestExpense": 45014000,
    "depreciationAndAmortization": 168027000,
    "ebitda": 432186000,
    "ebitdaratio": 0.9890835691,
    "operatingIncome": 274668000,
    "operatingIncomeRatio": 0.6285941834,
    "totalOtherIncomeExpensesNet": -49202000,
    "incomeBeforeTax": 243561000,
    "incomeBeforeTaxRatio": 0.5574039491,
    "incomeTaxExpense": 13907000,
    "netIncome": 229654000,
    "netIncomeRatio": 0.525576946,
    "eps": 1.82,
    "epsdiluted": 1.82,
    "weightedAverageShsOut": 124333000,
    "weightedAverageShsOutDil": 124448000,
    "link": "https://www.sec.gov/Archives/edgar/data/1035443/000103544320000208/0001035443-20-000208-index.htm",
    "finalLink": "https://www.sec.gov/Archives/edgar/data/1035443/000103544320000208/are-20200630.htm"
  },
  {
    "date": "2020-03-31",
    "symbol": "ARE",
    "reportedCurrency": "USD",
    "cik": "0001035443",
    "fillingDate": "2020-04-27",
    "acceptedDate": "2020-04-27 16:09:26",
    "calendarYear": "2020",
    "period": "Q1",
    "revenue": 439919000,
    "costOfRevenue": 129103000,
    "grossProfit": 310816000,
    "grossProfitRatio": 0.7065300658,
    "researchAndDevelopmentExpenses": 0,
    "generalAndAdministrativeExpenses": 31963000,
    "sellingAndMarketingExpenses": 0,
    "sellingGeneralAndAdministrativeExpenses": 31963000,
    "otherExpenses": 175496000,
    "operatingExpenses": 207459000,
    "costAndExpenses": 336562000,
    "interestIncome": 0,
    "interestExpense": 45739000,
    "depreciationAndAmortization": 175496000,
    "ebitda": 455462000,
    "ebitdaratio": 1.0353315042,
    "operatingIncome": 64504000,
    "operatingIncomeRatio": 0.1466269927,
    "totalOtherIncomeExpensesNet": -34476000,
    "incomeBeforeTax": 30678000,
    "incomeBeforeTaxRatio": 0.069735565,
    "incomeTaxExpense": 11913000,
    "netIncome": 18765000,
    "netIncomeRatio": 0.0426555798,
    "eps": 0.14,
    "epsdiluted": 0.14,
    "weightedAverageShsOut": 121433000,
    "weightedAverageShsOutDil": 121785000,
    "link": "https://www.sec.gov/Archives/edgar/data/1035443/000103544320000135/0001035443-20-000135-index.htm",
    "finalLink": "https://www.sec.gov/Archives/edgar/data/1035443/000103544320000135/a1q2010-q.htm"
  },
  {
    "date": "2019-12-31",
    "symbol": "ARE",
    "reportedCurrency": "USD",
    "cik": "0001035443",
    "fillingDate": "2020-02-04",
    "acceptedDate": "2020-02-04 16:15:46",
    "calendarYear": "2019",
    "period": "Q4",
    "revenue": 408114000,
    "costOfRevenue": 121852000,
    "grossProfit": 286262000,
    "grossProfitRatio": 0.7014265622,
    "researchAndDevelopmentExpenses": 0,
    "generalAndAdministrativeExpenses": 29782000,
    "sellingAndMarketingExpenses": 0,
    "sellingGeneralAndAdministrativeExpenses": 29782000,
    "otherExpenses": 140518000,
    "operatingExpenses": 170300000,
    "costAndExpenses": 292152000,
    "interestIncome": 0,
    "interestExpense": 45493000,
    "depreciationAndAmortization": 140518000,
    "ebitda": 261257000,
    "ebitdaratio": 0.6401569169,
    "operatingIncome": 247934000,
    "operatingIncomeRatio": 0.6075116267,
    "totalOtherIncomeExpensesNet": 100912000,
    "incomeBeforeTax": 216053000,
    "incomeBeforeTaxRatio": 0.5293937478,
    "incomeTaxExpense": 13612000,
    "netIncome": 202441000,
    "netIncomeRatio": 0.4960403221,
    "eps": 1.75,
    "epsdiluted": 1.74,
    "weightedAverageShsOut": 114175000,
    "weightedAverageShsOutDil": 114974000,
    "link": "https://www.sec.gov/Archives/edgar/data/1035443/000103544320000042/0001035443-20-000042-index.htm",
    "finalLink": "https://www.sec.gov/Archives/edgar/data/1035443/000103544320000042/a4q1910-k.htm"
  },
  {
    "date": "2019-09-30",
    "symbol": "ARE",
    "reportedCurrency": "USD",
    "cik": "0001035443",
    "fillingDate": "2019-10-29",
    "acceptedDate": "2019-10-29 16:07:27",
    "calendarYear": "2019",
    "period": "Q3",
    "revenue": 390484000,
    "costOfRevenue": 116450000,
    "grossProfit": 274034000,
    "grossProfitRatio": 0.7017803546,
    "researchAndDevelopmentExpenses": 0,
    "generalAndAdministrativeExpenses": 27930000,
    "sellingAndMarketingExpenses": 0,
    "sellingGeneralAndAdministrativeExpenses": 27930000,
    "otherExpenses": 135570000,
    "operatingExpenses": 163500000,
    "costAndExpenses": 279950000,
    "interestIncome": 0,
    "interestExpense": 46203000,
    "depreciationAndAmortization": 135570000,
    "ebitda": 378723000,
    "ebitdaratio": 0.9698809682,
    "operatingIncome": -999000,
    "operatingIncomeRatio": -0.0025583635,
    "totalOtherIncomeExpensesNet": -146537000,
    "incomeBeforeTax": -36003000,
    "incomeBeforeTaxRatio": -0.0922009609,
    "incomeTaxExpense": 11199000,
    "netIncome": -47202000,
    "netIncomeRatio": -0.1208807531,
    "eps": -0.42,
    "epsdiluted": -0.42,
    "weightedAverageShsOut": 112120000,
    "weightedAverageShsOutDil": 112120000,
    "link": "https://www.sec.gov/Archives/edgar/data/1035443/000103544319000268/0001035443-19-000268-index.htm",
    "finalLink": "https://www.sec.gov/Archives/edgar/data/1035443/000103544319000268/a3q1910-q.htm"
  },
  {
    "date": "2019-06-30",
    "symbol": "ARE",
    "reportedCurrency": "USD",
    "cik": "0001035443",
    "fillingDate": "2019-07-30",
    "acceptedDate": "2019-07-30 16:50:37",
    "calendarYear": "2019",
    "period": "Q2",
    "revenue": 373856000,
    "costOfRevenue": 105689000,
    "grossProfit": 268167000,
    "grossProfitRatio": 0.7173002439,
    "researchAndDevelopmentExpenses": 0,
    "generalAndAdministrativeExpenses": 26434000,
    "sellingAndMarketingExpenses": 0,
    "sellingGeneralAndAdministrativeExpenses": 26434000,
    "otherExpenses": 134437000,
    "operatingExpenses": 160871000,
    "costAndExpenses": 266560000,
    "interestIncome": 0,
    "interestExpense": 42879000,
    "depreciationAndAmortization": 134437000,
    "ebitda": 374908000,
    "ebitdaratio": 1.0028139177,
    "operatingIncome": 121646000,
    "operatingIncomeRatio": 0.3253819652,
    "totalOtherIncomeExpensesNet": -9970000,
    "incomeBeforeTax": 87179000,
    "incomeBeforeTaxRatio": 0.2331887144,
    "incomeTaxExpense": 8412000,
    "netIncome": 78767000,
    "netIncomeRatio": 0.2106880724,
    "eps": 0.68,
    "epsdiluted": 0.68,
    "weightedAverageShsOut": 111433000,
    "weightedAverageShsOutDil": 111501000,
    "link": "https://www.sec.gov/Archives/edgar/data/1035443/000103544319000196/0001035443-19-000196-index.htm",
    "finalLink": "https://www.sec.gov/Archives/edgar/data/1035443/000103544319000196/a2q1910-q.htm"
  },
  {
    "date": "2019-03-31",
    "symbol": "ARE",
    "reportedCurrency": "USD",
    "cik": "0001035443",
    "fillingDate": "2019-04-30",
    "acceptedDate": "2019-04-30 16:12:51",
    "calendarYear": "2019",
    "period": "Q1",
    "revenue": 358842000,
    "costOfRevenue": 101501000,
    "grossProfit": 257341000,
    "grossProfitRatio": 0.7171429208,
    "researchAndDevelopmentExpenses": 0,
    "generalAndAdministrativeExpenses": 24677000,
    "sellingAndMarketingExpenses": 0,
    "sellingGeneralAndAdministrativeExpenses": 24677000,
    "otherExpenses": 134087000,
    "operatingExpenses": 158764000,
    "costAndExpenses": 260265000,
    "interestIncome": 0,
    "interestExpense": 39100000,
    "depreciationAndAmortization": 134087000,
    "ebitda": 365605000,
    "ebitdaratio": 1.0188467348,
    "operatingIncome": 168259000,
    "operatingIncomeRatio": 0.4688943881,
    "totalOtherIncomeExpensesNet": -96992000,
    "incomeBeforeTax": 136818000,
    "incomeBeforeTaxRatio": 0.3812764392,
    "incomeTaxExpense": 7659000,
    "netIncome": 129159000,
    "netIncomeRatio": 0.3599327838,
    "eps": 1.11,
    "epsdiluted": 1.11,
    "weightedAverageShsOut": 111054000,
    "weightedAverageShsOutDil": 111054000,
    "link": "https://www.sec.gov/Archives/edgar/data/1035443/000103544319000130/0001035443-19-000130-index.htm",
    "finalLink": "https://www.sec.gov/Archives/edgar/data/1035443/000103544319000130/a1q1910-q.htm"
  },
  {
    "date": "2018-12-31",
    "symbol": "ARE",
    "reportedCurrency": "USD",
    "cik": "0001035443",
    "fillingDate": "2019-02-05",
    "acceptedDate": "2019-02-05 16:11:51",
    "calendarYear": "2018",
    "period": "Q4",
    "revenue": 340463000,
    "costOfRevenue": 97682000,
    "grossProfit": 242781000,
    "grossProfitRatio": 0.713090703,
    "researchAndDevelopmentExpenses": 0,
    "generalAndAdministrativeExpenses": 22385000,
    "sellingAndMarketingExpenses": 0,
    "sellingGeneralAndAdministrativeExpenses": 22385000,
    "otherExpenses": 124990000,
    "operatingExpenses": 147375000,
    "costAndExpenses": 245057000,
    "interestIncome": 0,
    "interestExpense": 40239000,
    "depreciationAndAmortization": 124990000,
    "ebitda": 221425000,
    "ebitdaratio": 0.6503643568,
    "operatingIncome": 15555000,
    "operatingIncomeRatio": 0.045687784,
    "totalOtherIncomeExpensesNet": -114037000,
    "incomeBeforeTax": -18631000,
    "incomeBeforeTaxRatio": -0.0547225396,
    "incomeTaxExpense": 6053000,
    "netIncome": -24684000,
    "netIncomeRatio": -0.0725012703,
    "eps": -0.23,
    "epsdiluted": -0.23,
    "weightedAverageShsOut": 105073172,
    "weightedAverageShsOutDil": 106033000,
    "link": "https://www.sec.gov/Archives/edgar/data/1035443/000103544319000041/0001035443-19-000041-index.htm",
    "finalLink": "https://www.sec.gov/Archives/edgar/data/1035443/000103544319000041/a4q1810k.htm"
  },
  {
    "date": "2018-09-30",
    "symbol": "ARE",
    "reportedCurrency": "USD",
    "cik": "0001035443",
    "fillingDate": "2018-10-30",
    "acceptedDate": "2018-10-30 16:34:09",
    "calendarYear": "2018",
    "period": "Q3",
    "revenue": 341823000,
    "costOfRevenue": 99759000,
    "grossProfit": 242064000,
    "grossProfitRatio": 0.7081559755,
    "researchAndDevelopmentExpenses": 0,
    "generalAndAdministrativeExpenses": 22660000,
    "sellingAndMarketingExpenses": 0,
    "sellingGeneralAndAdministrativeExpenses": 22660000,
    "otherExpenses": 119600000,
    "operatingExpenses": 142260000,
    "costAndExpenses": 242019000,
    "interestIncome": 0,
    "interestExpense": 42244000,
    "depreciationAndAmortization": 119600000,
    "ebitda": 298286000,
    "ebitdaratio": 0.8726329124,
    "operatingIncome": 255880000,
    "operatingIncomeRatio": 0.7485745547,
    "totalOtherIncomeExpensesNet": -36521000,
    "incomeBeforeTax": 219359000,
    "incomeBeforeTaxRatio": 0.6417327096,
    "incomeTaxExpense": 0,
    "netIncome": 213636000,
    "netIncomeRatio": 0.6249901265,
    "eps": 2.01,
    "epsdiluted": 1.99,
    "weightedAverageShsOut": 104179000,
    "weightedAverageShsOutDil": 105385000,
    "link": "https://www.sec.gov/Archives/edgar/data/1035443/000103544318000215/0001035443-18-000215-index.htm",
    "finalLink": "https://www.sec.gov/Archives/edgar/data/1035443/000103544318000215/a3q1810q.htm"
  },
  {
    "date": "2018-06-30",
    "symbol": "ARE",
    "reportedCurrency": "USD",
    "cik": "0001035443",
    "fillingDate": "2018-07-31",
    "acceptedDate": "2018-07-31 16:59:33",
    "calendarYear": "2018",
    "period": "Q2",
    "revenue": 325034000,
    "costOfRevenue": 91908000,
    "grossProfit": 233126000,
    "grossProfitRatio": 0.7172357353,
    "researchAndDevelopmentExpenses": 0,
    "generalAndAdministrativeExpenses": 22939000,
    "sellingAndMarketingExpenses": 0,
    "sellingGeneralAndAdministrativeExpenses": 22939000,
    "otherExpenses": 118852000,
    "operatingExpenses": 141791000,
    "costAndExpenses": 233699000,
    "interestIncome": 0,
    "interestExpense": 38097000,
    "depreciationAndAmortization": 118852000,
    "ebitda": 321638000,
    "ebitdaratio": 0.9895518623,
    "operatingIncome": 92827000,
    "operatingIncomeRatio": 0.2855916612,
    "totalOtherIncomeExpensesNet": -13285000,
    "incomeBeforeTax": 60547000,
    "incomeBeforeTaxRatio": 0.1862789739,
    "incomeTaxExpense": 5817000,
    "netIncome": 54730000,
    "netIncomeRatio": 0.1683823846,
    "eps": 0.51,
    "epsdiluted": 0.51,
    "weightedAverageShsOut": 101881000,
    "weightedAverageShsOutDil": 102236000,
    "link": "https://www.sec.gov/Archives/edgar/data/1035443/000103544318000158/0001035443-18-000158-index.htm",
    "finalLink": "https://www.sec.gov/Archives/edgar/data/1035443/000103544318000158/a2q1810q.htm"
  },
  {
    "date": "2018-03-31",
    "symbol": "ARE",
    "reportedCurrency": "USD",
    "cik": "0001035443",
    "fillingDate": "2018-05-01",
    "acceptedDate": "2018-05-01 16:36:45",
    "calendarYear": "2018",
    "period": "Q1",
    "revenue": 320139000,
    "costOfRevenue": 91771000,
    "grossProfit": 228368000,
    "grossProfitRatio": 0.7133401429,
    "researchAndDevelopmentExpenses": 0,
    "generalAndAdministrativeExpenses": 22421000,
    "sellingAndMarketingExpenses": 0,
    "sellingGeneralAndAdministrativeExpenses": 22421000,
    "otherExpenses": 114219000,
    "operatingExpenses": 136640000,
    "costAndExpenses": 228411000,
    "interestIncome": 0,
    "interestExpense": 36915000,
    "depreciationAndAmortization": 114219000,
    "ebitda": 319022000,
    "ebitdaratio": 0.9965108906,
    "operatingIncome": 172545000,
    "operatingIncomeRatio": 0.5389690103,
    "totalOtherIncomeExpensesNet": -65573000,
    "incomeBeforeTax": 141518000,
    "incomeBeforeTaxRatio": 0.4420517338,
    "incomeTaxExpense": 5888000,
    "netIncome": 135630000,
    "netIncomeRatio": 0.4236597228,
    "eps": 1.33,
    "epsdiluted": 1.32,
    "weightedAverageShsOut": 99855000,
    "weightedAverageShsOutDil": 100125000,
    "link": "https://www.sec.gov/Archives/edgar/data/1035443/000103544318000087/0001035443-18-000087-index.htm",
    "finalLink": "https://www.sec.gov/Archives/edgar/data/1035443/000103544318000087/a1q1810q.htm"
  },
  {
    "date": "2017-12-31",
    "symbol": "ARE",
    "reportedCurrency": "USD",
    "cik": "0001035443",
    "fillingDate": "2018-01-30",
    "acceptedDate": "2018-01-30 16:32:38",
    "calendarYear": "2017",
    "period": "Q4",
    "revenue": 298838000,
    "costOfRevenue": 88073000,
    "grossProfit": 210765000,
    "grossProfitRatio": 0.7052817915,
    "researchAndDevelopmentExpenses": 0,
    "generalAndAdministrativeExpenses": 18910000,
    "sellingAndMarketingExpenses": 0,
    "sellingGeneralAndAdministrativeExpenses": 18910000,
    "otherExpenses": 107714000,
    "operatingExpenses": 126624000,
    "costAndExpenses": 214697000,
    "interestIncome": 631000,
    "interestExpense": 36082000,
    "depreciationAndAmortization": 107714000,
    "ebitda": 168623000,
    "ebitdaratio": 0.5642622424,
    "operatingIncome": 75470000,
    "operatingIncomeRatio": 0.2525448571,
    "totalOtherIncomeExpensesNet": -38534000,
    "incomeBeforeTax": 45607000,
    "incomeBeforeTaxRatio": 0.15261446,
    "incomeTaxExpense": 6219000,
    "netIncome": 39388000,
    "netIncomeRatio": 0.1318038536,
    "eps": 0.39,
    "epsdiluted": 0.39,
    "weightedAverageShsOut": 99855000,
    "weightedAverageShsOutDil": 100125000,
    "link": "https://www.sec.gov/Archives/edgar/data/1035443/000103544318000028/0001035443-18-000028-index.htm",
    "finalLink": "https://www.sec.gov/Archives/edgar/data/1035443/000103544318000028/a4q1710k.htm"
  },
  {
    "date": "2017-09-30",
    "symbol": "ARE",
    "reportedCurrency": "USD",
    "cik": "0001035443",
    "fillingDate": "2017-10-31",
    "acceptedDate": "2017-10-31 16:06:29",
    "calendarYear": "2017",
    "period": "Q3",
    "revenue": 283737000,
    "costOfRevenue": 83469000,
    "grossProfit": 200268000,
    "grossProfitRatio": 0.7058226456,
    "researchAndDevelopmentExpenses": 0,
    "generalAndAdministrativeExpenses": 17636000,
    "sellingAndMarketingExpenses": 0,
    "sellingGeneralAndAdministrativeExpenses": 17636000,
    "otherExpenses": 107788000,
    "operatingExpenses": 125424000,
    "costAndExpenses": 208893000,
    "interestIncome": 588000,
    "interestExpense": 31031000,
    "depreciationAndAmortization": 107788000,
    "ebitda": 277953000,
    "ebitdaratio": 0.9796149251,
    "operatingIncome": 84804000,
    "operatingIncomeRatio": 0.2988824158,
    "totalOtherIncomeExpensesNet": -110619000,
    "incomeBeforeTax": 59546000,
    "incomeBeforeTaxRatio": 0.2098633594,
    "incomeTaxExpense": 5773000,
    "netIncome": 53773000,
    "netIncomeRatio": 0.1895170528,
    "eps": 0.55,
    "epsdiluted": 0.55,
    "weightedAverageShsOut": 92598000,
    "weightedAverageShsOutDil": 93296000,
    "link": "https://www.sec.gov/Archives/edgar/data/1035443/000103544317000173/0001035443-17-000173-index.htm",
    "finalLink": "https://www.sec.gov/Archives/edgar/data/1035443/000103544317000173/a3q1710q.htm"
  },
  {
    "date": "2017-06-30",
    "symbol": "ARE",
    "reportedCurrency": "USD",
    "cik": "0001035443",
    "fillingDate": "2017-08-01",
    "acceptedDate": "2017-08-01 16:22:52",
    "calendarYear": "2017",
    "period": "Q2",
    "revenue": 273084000,
    "costOfRevenue": 76980000,
    "grossProfit": 196104000,
    "grossProfitRatio": 0.7181087138,
    "researchAndDevelopmentExpenses": 0,
    "generalAndAdministrativeExpenses": 19234000,
    "sellingAndMarketingExpenses": 0,
    "sellingGeneralAndAdministrativeExpenses": 19234000,
    "otherExpenses": 104098000,
    "operatingExpenses": 123332000,
    "costAndExpenses": 200312000,
    "interestIncome": 500000,
    "interestExpense": 31748000,
    "depreciationAndAmortization": 104098000,
    "ebitda": 280040000,
    "ebitdaratio": 1.0254720159,
    "operatingIncome": 65969000,
    "operatingIncomeRatio": 0.2415703593,
    "totalOtherIncomeExpensesNet": -135938000,
    "incomeBeforeTax": 41496000,
    "incomeBeforeTaxRatio": 0.1519532452,
    "incomeTaxExpense": 7275000,
    "netIncome": 34221000,
    "netIncomeRatio": 0.1253130905,
    "eps": 0.35,
    "epsdiluted": 0.35,
    "weightedAverageShsOut": 90215000,
    "weightedAverageShsOutDil": 90745000,
    "link": "https://www.sec.gov/Archives/edgar/data/1035443/000103544317000142/0001035443-17-000142-index.htm",
    "finalLink": "https://www.sec.gov/Archives/edgar/data/1035443/000103544317000142/a2q1710q.htm"
  },
  {
    "date": "2017-03-31",
    "symbol": "ARE",
    "reportedCurrency": "USD",
    "cik": "0001035443",
    "fillingDate": "2017-05-02",
    "acceptedDate": "2017-05-02 16:25:39",
    "calendarYear": "2017",
    "period": "Q1",
    "revenue": 268852000,
    "costOfRevenue": 77087000,
    "grossProfit": 191765000,
    "grossProfitRatio": 0.7132734739,
    "researchAndDevelopmentExpenses": 0,
    "generalAndAdministrativeExpenses": 19229000,
    "sellingAndMarketingExpenses": 0,
    "sellingGeneralAndAdministrativeExpenses": 19229000,
    "otherExpenses": 97183000,
    "operatingExpenses": 116412000,
    "costAndExpenses": 193499000,
    "interestIncome": 538000,
    "interestExpense": 29784000,
    "depreciationAndAmortization": 97183000,
    "ebitda": 271113000,
    "ebitdaratio": 1.0084098314,
    "operatingIncome": 71495000,
    "operatingIncomeRatio": 0.2659269784,
    "totalOtherIncomeExpensesNet": -13203000,
    "incomeBeforeTax": 47555000,
    "incomeBeforeTaxRatio": 0.1768817044,
    "incomeTaxExpense": 5844000,
    "netIncome": 41711000,
    "netIncomeRatio": 0.1551448381,
    "eps": 0.29,
    "epsdiluted": 0.29,
    "weightedAverageShsOut": 88147000,
    "weightedAverageShsOutDil": 88200000,
    "link": "https://www.sec.gov/Archives/edgar/data/1035443/000103544317000086/0001035443-17-000086-index.htm",
    "finalLink": "https://www.sec.gov/Archives/edgar/data/1035443/000103544317000086/a1q1710q.htm"
  },
  {
    "date": "2016-12-31",
    "symbol": "ARE",
    "reportedCurrency": "USD",
    "cik": "0001035443",
    "fillingDate": "2017-01-31",
    "acceptedDate": "2017-01-31 17:25:23",
    "calendarYear": "2016",
    "period": "Q4",
    "revenue": 245623000,
    "costOfRevenue": 73244000,
    "grossProfit": 172379000,
    "grossProfitRatio": 0.7018031699,
    "researchAndDevelopmentExpenses": 0,
    "generalAndAdministrativeExpenses": 17458000,
    "sellingAndMarketingExpenses": 0,
    "sellingGeneralAndAdministrativeExpenses": 17458000,
    "otherExpenses": 95222000,
    "operatingExpenses": 112680000,
    "costAndExpenses": 185924000,
    "interestIncome": 4457000,
    "interestExpense": 31223000,
    "depreciationAndAmortization": 95222000,
    "ebitda": 158460000,
    "ebitdaratio": 0.645135024,
    "operatingIncome": 46527000,
    "operatingIncomeRatio": 0.1894244432,
    "totalOtherIncomeExpensesNet": -39907000,
    "incomeBeforeTax": 19792000,
    "incomeBeforeTaxRatio": 0.0805787732,
    "incomeTaxExpense": 4488000,
    "netIncome": 15304000,
    "netIncomeRatio": 0.0623068687,
    "eps": 0.17,
    "epsdiluted": 0.17,
    "weightedAverageShsOut": 88147000,
    "weightedAverageShsOutDil": 88200000,
    "link": "https://www.sec.gov/Archives/edgar/data/1035443/000103544317000022/0001035443-17-000022-index.htm",
    "finalLink": "https://www.sec.gov/Archives/edgar/data/1035443/000103544317000022/a4q1610k.htm"
  },
  {
    "date": "2016-09-30",
    "symbol": "ARE",
    "reportedCurrency": "USD",
    "cik": "0001035443",
    "fillingDate": "2016-11-02",
    "acceptedDate": "2016-11-02 16:12:43",
    "calendarYear": "2016",
    "period": "Q3",
    "revenue": 225318000,
    "costOfRevenue": 72002000,
    "grossProfit": 153316000,
    "grossProfitRatio": 0.680442752,
    "researchAndDevelopmentExpenses": 0,
    "generalAndAdministrativeExpenses": 15854000,
    "sellingAndMarketingExpenses": 0,
    "sellingGeneralAndAdministrativeExpenses": 15854000,
    "otherExpenses": 77133000,
    "operatingExpenses": 92987000,
    "costAndExpenses": 164989000,
    "interestIncome": 795000,
    "interestExpense": 25850000,
    "depreciationAndAmortization": 77133000,
    "ebitda": 105602000,
    "ebitdaratio": 0.4686798214,
    "operatingIncome": 35274000,
    "operatingIncomeRatio": 0.1565520731,
    "totalOtherIncomeExpensesNet": -36831000,
    "incomeBeforeTax": 28559000,
    "incomeBeforeTaxRatio": 0.1267497492,
    "incomeTaxExpense": 4084000,
    "netIncome": 24475000,
    "netIncomeRatio": 0.1086242555,
    "eps": 0.07,
    "epsdiluted": 0.07,
    "weightedAverageShsOut": 76651000,
    "weightedAverageShsOutDil": 77402000,
    "link": "https://www.sec.gov/Archives/edgar/data/1035443/000103544316000241/0001035443-16-000241-index.htm",
    "finalLink": "https://www.sec.gov/Archives/edgar/data/1035443/000103544316000241/a3q1610q.htm"
  },
  {
    "date": "2016-06-30",
    "symbol": "ARE",
    "reportedCurrency": "USD",
    "cik": "0001035443",
    "fillingDate": "2016-08-04",
    "acceptedDate": "2016-08-04 16:02:56",
    "calendarYear": "2016",
    "period": "Q2",
    "revenue": 215826000,
    "costOfRevenue": 67325000,
    "grossProfit": 148501000,
    "grossProfitRatio": 0.6880588993,
    "researchAndDevelopmentExpenses": 0,
    "generalAndAdministrativeExpenses": 15384000,
    "sellingAndMarketingExpenses": 0,
    "sellingGeneralAndAdministrativeExpenses": 15384000,
    "otherExpenses": 70169000,
    "operatingExpenses": 85553000,
    "costAndExpenses": 152878000,
    "interestIncome": 574000,
    "interestExpense": 25025000,
    "depreciationAndAmortization": 70169000,
    "ebitda": -37947000,
    "ebitdaratio": -0.1758221901,
    "operatingIncome": -86591000,
    "operatingIncomeRatio": -0.4012074542,
    "totalOtherIncomeExpensesNet": -171064000,
    "incomeBeforeTax": -108116000,
    "incomeBeforeTaxRatio": -0.5009405725,
    "incomeTaxExpense": 3500000,
    "netIncome": -111616000,
    "netIncomeRatio": -0.5171573397,
    "eps": -1.5,
    "epsdiluted": -1.5,
    "weightedAverageShsOut": 74213953,
    "weightedAverageShsOutDil": 74319000,
    "link": "https://www.sec.gov/Archives/edgar/data/1035443/000103544316000219/0001035443-16-000219-index.htm",
    "finalLink": "https://www.sec.gov/Archives/edgar/data/1035443/000103544316000219/a2q1610q.htm"
  },
  {
    "date": "2016-03-31",
    "symbol": "ARE",
    "reportedCurrency": "USD",
    "cik": "0001035443",
    "fillingDate": "2016-05-04",
    "acceptedDate": "2016-05-03 17:42:44",
    "calendarYear": "2016",
    "period": "Q1",
    "revenue": 211126000,
    "costOfRevenue": 65837000,
    "grossProfit": 145289000,
    "grossProfitRatio": 0.6881625191,
    "researchAndDevelopmentExpenses": 0,
    "generalAndAdministrativeExpenses": 15188000,
    "sellingAndMarketingExpenses": 0,
    "sellingGeneralAndAdministrativeExpenses": 15188000,
    "otherExpenses": 70866000,
    "operatingExpenses": 86054000,
    "costAndExpenses": 151891000,
    "interestIncome": 854000,
    "interestExpense": 24855000,
    "depreciationAndAmortization": 70866000,
    "ebitda": 105687000,
    "ebitdaratio": 0.500587327,
    "operatingIncome": 30791000,
    "operatingIncomeRatio": 0.1458418196,
    "totalOtherIncomeExpensesNet": -49269000,
    "incomeBeforeTax": 9966000,
    "incomeBeforeTaxRatio": 0.0472040393,
    "incomeTaxExpense": 4030000,
    "netIncome": 5936000,
    "netIncomeRatio": 0.0281159118,
    "eps": -0.05,
    "epsdiluted": -0.05,
    "weightedAverageShsOut": 72584000,
    "weightedAverageShsOutDil": 72584000,
    "link": "https://www.sec.gov/Archives/edgar/data/1035443/000103544316000166/0001035443-16-000166-index.htm",
    "finalLink": "https://www.sec.gov/Archives/edgar/data/1035443/000103544316000166/a1q1610q.htm"
  },
  {
    "date": "2015-12-31",
    "symbol": "ARE",
    "reportedCurrency": "USD",
    "cik": "0001035443",
    "fillingDate": "2016-02-03",
    "acceptedDate": "2016-02-02 21:39:20",
    "calendarYear": "2015",
    "period": "Q4",
    "revenue": 213382000,
    "costOfRevenue": 68913000,
    "grossProfit": 144469000,
    "grossProfitRatio": 0.6770439868,
    "researchAndDevelopmentExpenses": 0,
    "generalAndAdministrativeExpenses": 15102000,
    "sellingAndMarketingExpenses": 0,
    "sellingGeneralAndAdministrativeExpenses": 15102000,
    "otherExpenses": 72245000,
    "operatingExpenses": 87347000,
    "costAndExpenses": 156260000,
    "interestIncome": 2842000,
    "interestExpense": 28230000,
    "depreciationAndAmortization": 72245000,
    "ebitda": 143452000,
    "ebitdaratio": 0.6722778866,
    "operatingIncome": 70235000,
    "operatingIncomeRatio": 0.3291514748,
    "totalOtherIncomeExpensesNet": -14145000,
    "incomeBeforeTax": 42977000,
    "incomeBeforeTaxRatio": 0.2014087411,
    "incomeTaxExpense": 972000,
    "netIncome": 42005000,
    "netIncomeRatio": 0.1968535303,
    "eps": 0.58,
    "epsdiluted": 0.58,
    "weightedAverageShsOut": 71838000,
    "weightedAverageShsOutDil": 72584000,
    "link": "https://www.sec.gov/Archives/edgar/data/1035443/000103544316000136/0001035443-16-000136-index.htm",
    "finalLink": "https://www.sec.gov/Archives/edgar/data/1035443/000103544316000136/a4q1510k.htm"
  },
  {
    "date": "2015-09-30",
    "symbol": "ARE",
    "reportedCurrency": "USD",
    "cik": "0001035443",
    "fillingDate": "2015-11-04",
    "acceptedDate": "2015-11-03 20:19:11",
    "calendarYear": "2015",
    "period": "Q3",
    "revenue": 211960000,
    "costOfRevenue": 68846000,
    "grossProfit": 143114000,
    "grossProfitRatio": 0.6751934327,
    "researchAndDevelopmentExpenses": 0,
    "generalAndAdministrativeExpenses": 15143000,
    "sellingAndMarketingExpenses": 0,
    "sellingGeneralAndAdministrativeExpenses": 15143000,
    "otherExpenses": 67953000,
    "operatingExpenses": 83096000,
    "costAndExpenses": 151942000,
    "interestIncome": 1272000,
    "interestExpense": 27679000,
    "depreciationAndAmortization": 67953000,
    "ebitda": 135331000,
    "ebitdaratio": 0.6384742404,
    "operatingIncome": 33611000,
    "operatingIncomeRatio": 0.1585723721,
    "totalOtherIncomeExpensesNet": 6088000,
    "incomeBeforeTax": 39699000,
    "incomeBeforeTaxRatio": 0.1872947726,
    "incomeTaxExpense": 170000,
    "netIncome": 39529000,
    "netIncomeRatio": 0.1864927345,
    "eps": 0.46,
    "epsdiluted": 0.46,
    "weightedAverageShsOut": 71500000,
    "weightedAverageShsOutDil": 71500000,
    "link": "https://www.sec.gov/Archives/edgar/data/1035443/000103544315000096/0001035443-15-000096-index.htm",
    "finalLink": "https://www.sec.gov/Archives/edgar/data/1035443/000103544315000096/a3q1510q.htm"
  },
  {
    "date": "2015-06-30",
    "symbol": "ARE",
    "reportedCurrency": "USD",
    "cik": "0001035443",
    "fillingDate": "2015-07-29",
    "acceptedDate": "2015-07-29 16:03:05",
    "calendarYear": "2015",
    "period": "Q2",
    "revenue": 201656000,
    "costOfRevenue": 62250000,
    "grossProfit": 139406000,
    "grossProfitRatio": 0.6913059864,
    "researchAndDevelopmentExpenses": 0,
    "generalAndAdministrativeExpenses": 14989000,
    "sellingAndMarketingExpenses": 0,
    "sellingGeneralAndAdministrativeExpenses": 14989000,
    "otherExpenses": 62171000,
    "operatingExpenses": 77160000,
    "costAndExpenses": 139410000,
    "interestIncome": 379000,
    "interestExpense": 26668000,
    "depreciationAndAmortization": 62171000,
    "ebitda": 127269000,
    "ebitdaratio": 0.6311193319,
    "operatingIncome": 35957000,
    "operatingIncomeRatio": 0.1783086048,
    "totalOtherIncomeExpensesNet": -23816000,
    "incomeBeforeTax": 38430000,
    "incomeBeforeTaxRatio": 0.1905720633,
    "incomeTaxExpense": 263000,
    "netIncome": 38167000,
    "netIncomeRatio": 0.1892678621,
    "eps": 0.44,
    "epsdiluted": 0.44,
    "weightedAverageShsOut": 71412000,
    "weightedAverageShsOutDil": 71412000,
    "link": "https://www.sec.gov/Archives/edgar/data/1035443/000103544315000077/0001035443-15-000077-index.htm",
    "finalLink": "https://www.sec.gov/Archives/edgar/data/1035443/000103544315000077/a2q15-10q.htm"
  },
  {
    "date": "2015-03-31",
    "symbol": "ARE",
    "reportedCurrency": "USD",
    "cik": "0001035443",
    "fillingDate": "2015-04-29",
    "acceptedDate": "2015-04-29 16:06:23",
    "calendarYear": "2015",
    "period": "Q1",
    "revenue": 192556000,
    "costOfRevenue": 61223000,
    "grossProfit": 131333000,
    "grossProfitRatio": 0.6820509358,
    "researchAndDevelopmentExpenses": 0,
    "generalAndAdministrativeExpenses": 14387000,
    "sellingAndMarketingExpenses": 0,
    "sellingGeneralAndAdministrativeExpenses": 14387000,
    "otherExpenses": 58920000,
    "operatingExpenses": 73307000,
    "costAndExpenses": 134530000,
    "interestIncome": 485000,
    "interestExpense": 23236000,
    "depreciationAndAmortization": 58920000,
    "ebitda": 107207000,
    "ebitdaratio": 0.5567575147,
    "operatingIncome": 47752000,
    "operatingIncomeRatio": 0.2479901951,
    "totalOtherIncomeExpensesNet": -32975000,
    "incomeBeforeTax": 25051000,
    "incomeBeforeTaxRatio": 0.1300972185,
    "incomeTaxExpense": 535000,
    "netIncome": 24516000,
    "netIncomeRatio": 0.127318806,
    "eps": 0.25,
    "epsdiluted": 0.25,
    "weightedAverageShsOut": 71366000,
    "weightedAverageShsOutDil": 71366000,
    "link": "https://www.sec.gov/Archives/edgar/data/1035443/000103544315000054/0001035443-15-000054-index.htm",
    "finalLink": "https://www.sec.gov/Archives/edgar/data/1035443/000103544315000054/a1q15-10q.htm"
  },
  {
    "date": "2014-12-31",
    "symbol": "ARE",
    "reportedCurrency": "USD",
    "cik": "0001035443",
    "fillingDate": "2015-02-24",
    "acceptedDate": "2015-02-23 17:36:23",
    "calendarYear": "2014",
    "period": "Q4",
    "revenue": 188674000,
    "costOfRevenue": 56881000,
    "grossProfit": 131793000,
    "grossProfitRatio": 0.6985223189,
    "researchAndDevelopmentExpenses": 0,
    "generalAndAdministrativeExpenses": 13861000,
    "sellingAndMarketingExpenses": 0,
    "sellingGeneralAndAdministrativeExpenses": 13861000,
    "otherExpenses": 57973000,
    "operatingExpenses": 71834000,
    "costAndExpenses": 128715000,
    "interestIncome": 390000,
    "interestExpense": 22188000,
    "depreciationAndAmortization": 57973000,
    "ebitda": 118486000,
    "ebitdaratio": 0.6279932582,
    "operatingIncome": 14796000,
    "operatingIncomeRatio": 0.0784209801,
    "totalOtherIncomeExpensesNet": -65751000,
    "incomeBeforeTax": -7752000,
    "incomeBeforeTaxRatio": -0.0410867422,
    "incomeTaxExpense": -360000,
    "netIncome": -7392000,
    "netIncomeRatio": -0.0391786892,
    "eps": -0.11,
    "epsdiluted": -0.1,
    "weightedAverageShsOut": 69963679,
    "weightedAverageShsOutDil": 71314000,
    "link": "https://www.sec.gov/Archives/edgar/data/1035443/000103544315000018/0001035443-15-000018-index.htm",
    "finalLink": "https://www.sec.gov/Archives/edgar/data/1035443/000103544315000018/a4q14-10xk.htm"
  },
  {
    "date": "2014-09-30",
    "symbol": "ARE",
    "reportedCurrency": "USD",
    "cik": "0001035443",
    "fillingDate": "2014-11-04",
    "acceptedDate": "2014-11-04 16:02:05",
    "calendarYear": "2014",
    "period": "Q3",
    "revenue": 185615000,
    "costOfRevenue": 57423000,
    "grossProfit": 128192000,
    "grossProfitRatio": 0.6906338389,
    "researchAndDevelopmentExpenses": 0,
    "generalAndAdministrativeExpenses": 12609000,
    "sellingAndMarketingExpenses": 0,
    "sellingGeneralAndAdministrativeExpenses": 12609000,
    "otherExpenses": 58388000,
    "operatingExpenses": 70997000,
    "costAndExpenses": 128420000,
    "interestIncome": 1994000,
    "interestExpense": 20555000,
    "depreciationAndAmortization": 58388000,
    "ebitda": 115583000,
    "ebitdaratio": 0.6227029066,
    "operatingIncome": 36869000,
    "operatingIncomeRatio": 0.1986315761,
    "totalOtherIncomeExpensesNet": 8000,
    "incomeBeforeTax": 36123000,
    "incomeBeforeTaxRatio": 0.1946125044,
    "incomeTaxExpense": 1520000,
    "netIncome": 34603000,
    "netIncomeRatio": 0.186423511,
    "eps": 0.39,
    "epsdiluted": 0.39,
    "weightedAverageShsOut": 71195000,
    "weightedAverageShsOutDil": 71195000,
    "link": "https://www.sec.gov/Archives/edgar/data/1035443/000103544314000081/0001035443-14-000081-index.htm",
    "finalLink": "https://www.sec.gov/Archives/edgar/data/1035443/000103544314000081/a3q14-10q.htm"
  },
  {
    "date": "2014-06-30",
    "symbol": "ARE",
    "reportedCurrency": "USD",
    "cik": "0001035443",
    "fillingDate": "2014-08-07",
    "acceptedDate": "2014-08-06 19:15:34",
    "calendarYear": "2014",
    "period": "Q2",
    "revenue": 176402000,
    "costOfRevenue": 52353000,
    "grossProfit": 124049000,
    "grossProfitRatio": 0.7032176506,
    "researchAndDevelopmentExpenses": 0,
    "generalAndAdministrativeExpenses": 13836000,
    "sellingAndMarketingExpenses": 0,
    "sellingGeneralAndAdministrativeExpenses": 13836000,
    "otherExpenses": 57314000,
    "operatingExpenses": 71150000,
    "costAndExpenses": 123503000,
    "interestIncome": 911000,
    "interestExpense": 17433000,
    "depreciationAndAmortization": 57314000,
    "ebitda": 110213000,
    "ebitdaratio": 0.6247831657,
    "operatingIncome": 36827000,
    "operatingIncomeRatio": 0.2087674743,
    "totalOtherIncomeExpensesNet": 797000,
    "incomeBeforeTax": 36263000,
    "incomeBeforeTaxRatio": 0.2055702316,
    "incomeTaxExpense": 1454000,
    "netIncome": 34809000,
    "netIncomeRatio": 0.1973276947,
    "eps": 0.39,
    "epsdiluted": 0.39,
    "weightedAverageShsOut": 71126000,
    "weightedAverageShsOutDil": 71126000,
    "link": "https://www.sec.gov/Archives/edgar/data/1035443/000103544314000060/0001035443-14-000060-index.htm",
    "finalLink": "https://www.sec.gov/Archives/edgar/data/1035443/000103544314000060/a2q14-10q.htm"
  },
  {
    "date": "2014-03-31",
    "symbol": "ARE",
    "reportedCurrency": "USD",
    "cik": "0001035443",
    "fillingDate": "2014-05-08",
    "acceptedDate": "2014-05-08 16:26:55",
    "calendarYear": "2014",
    "period": "Q1",
    "revenue": 176186000,
    "costOfRevenue": 52507000,
    "grossProfit": 123679000,
    "grossProfitRatio": 0.701979726,
    "researchAndDevelopmentExpenses": 0,
    "generalAndAdministrativeExpenses": 13224000,
    "sellingAndMarketingExpenses": 0,
    "sellingGeneralAndAdministrativeExpenses": 13224000,
    "otherExpenses": 50421000,
    "operatingExpenses": 63645000,
    "costAndExpenses": 116152000,
    "interestIncome": 862000,
    "interestExpense": 19123000,
    "depreciationAndAmortization": 50421000,
    "ebitda": 110455000,
    "ebitdaratio": 0.626922684,
    "operatingIncome": 38565000,
    "operatingIncomeRatio": 0.2188879934,
    "totalOtherIncomeExpensesNet": -69544000,
    "incomeBeforeTax": 40911000,
    "incomeBeforeTaxRatio": 0.2322034668,
    "incomeTaxExpense": 1357000,
    "netIncome": 39554000,
    "netIncomeRatio": 0.2245013792,
    "eps": 0.46,
    "epsdiluted": 0.46,
    "weightedAverageShsOut": 71073000,
    "weightedAverageShsOutDil": 71073000,
    "link": "https://www.sec.gov/Archives/edgar/data/1035443/000103544314000036/0001035443-14-000036-index.htm",
    "finalLink": "https://www.sec.gov/Archives/edgar/data/1035443/000103544314000036/are-20140331x10q.htm"
  },
  {
    "date": "2013-12-31",
    "symbol": "ARE",
    "reportedCurrency": "USD",
    "cik": "0001035443",
    "fillingDate": "2014-03-03",
    "acceptedDate": "2014-02-28 17:48:48",
    "calendarYear": "2013",
    "period": "Q4",
    "revenue": 168823000,
    "costOfRevenue": 49892000,
    "grossProfit": 118931000,
    "grossProfitRatio": 0.7044715471,
    "researchAndDevelopmentExpenses": 0,
    "generalAndAdministrativeExpenses": 12751000,
    "sellingAndMarketingExpenses": 0,
    "sellingGeneralAndAdministrativeExpenses": 12751000,
    "otherExpenses": 47376000,
    "operatingExpenses": 60835000,
    "costAndExpenses": 110727000,
    "interestIncome": 1078000,
    "interestExpense": 17783000,
    "depreciationAndAmortization": 48084000,
    "ebitda": 106180000,
    "ebitdaratio": 0.6289427388,
    "operatingIncome": 60895000,
    "operatingIncomeRatio": 0.3607032217,
    "totalOtherIncomeExpensesNet": -10370000,
    "incomeBeforeTax": 44365000,
    "incomeBeforeTaxRatio": 0.2627900227,
    "incomeTaxExpense": 1203000,
    "netIncome": 43112000,
    "netIncomeRatio": 0.2553680482,
    "eps": 0.51,
    "epsdiluted": 0.51,
    "weightedAverageShsOut": 71000000,
    "weightedAverageShsOutDil": 71000000,
    "link": "https://www.sec.gov/Archives/edgar/data/1035443/000103544314000013/0001035443-14-000013-index.htm",
    "finalLink": "https://www.sec.gov/Archives/edgar/data/1035443/000103544314000013/are-20131231x10k.htm"
  },
  {
    "date": "2013-09-30",
    "symbol": "ARE",
    "reportedCurrency": "USD",
    "cik": "0001035443",
    "fillingDate": "2013-11-07",
    "acceptedDate": "2013-11-07 17:29:38",
    "calendarYear": "2013",
    "period": "Q3",
    "revenue": 158630000,
    "costOfRevenue": 47742000,
    "grossProfit": 110888000,
    "grossProfitRatio": 0.6990354914,
    "researchAndDevelopmentExpenses": 0,
    "generalAndAdministrativeExpenses": 11666000,
    "sellingAndMarketingExpenses": 0,
    "sellingGeneralAndAdministrativeExpenses": 11666000,
    "otherExpenses": 49102000,
    "operatingExpenses": 60768000,
    "costAndExpenses": 108510000,
    "interestIncome": 1193000,
    "interestExpense": 16171000,
    "depreciationAndAmortization": 49102000,
    "ebitda": 97769000,
    "ebitdaratio": 0.6163336065,
    "operatingIncome": 31899000,
    "operatingIncomeRatio": 0.2010905882,
    "totalOtherIncomeExpensesNet": -14360000,
    "incomeBeforeTax": 32517000,
    "incomeBeforeTaxRatio": 0.2049864464,
    "incomeTaxExpense": 1024000,
    "netIncome": 31493000,
    "netIncomeRatio": 0.1985311732,
    "eps": 0.35,
    "epsdiluted": 0.35,
    "weightedAverageShsOut": 70900000,
    "weightedAverageShsOutDil": 70900000,
    "link": "https://www.sec.gov/Archives/edgar/data/1035443/000103544313000063/0001035443-13-000063-index.htm",
    "finalLink": "https://www.sec.gov/Archives/edgar/data/1035443/000103544313000063/are-20130930x10q.htm"
  },
  {
    "date": "2013-06-30",
    "symbol": "ARE",
    "reportedCurrency": "USD",
    "cik": "0001035443",
    "fillingDate": "2013-08-07",
    "acceptedDate": "2013-08-07 16:01:28",
    "calendarYear": "2013",
    "period": "Q2",
    "revenue": 154235000,
    "costOfRevenue": 46323000,
    "grossProfit": 107912000,
    "grossProfitRatio": 0.6996596103,
    "researchAndDevelopmentExpenses": 0,
    "generalAndAdministrativeExpenses": 12472000,
    "sellingAndMarketingExpenses": 0,
    "sellingGeneralAndAdministrativeExpenses": 12472000,
    "otherExpenses": 46580000,
    "operatingExpenses": 59052000,
    "costAndExpenses": 105375000,
    "interestIncome": 991000,
    "interestExpense": 15978000,
    "depreciationAndAmortization": 46580000,
    "ebitda": 95646000,
    "ebitdaratio": 0.6201316173,
    "operatingIncome": 30805000,
    "operatingIncomeRatio": 0.1997276883,
    "totalOtherIncomeExpensesNet": -12699000,
    "incomeBeforeTax": 33094000,
    "incomeBeforeTaxRatio": 0.2145686777,
    "incomeTaxExpense": 737000,
    "netIncome": 32357000,
    "netIncomeRatio": 0.2097902551,
    "eps": 0.38,
    "epsdiluted": 0.38,
    "weightedAverageShsOut": 66973000,
    "weightedAverageShsOutDil": 66973000,
    "link": "https://www.sec.gov/Archives/edgar/data/1035443/000103544313000032/0001035443-13-000032-index.htm",
    "finalLink": "https://www.sec.gov/Archives/edgar/data/1035443/000103544313000032/are-2013630x10q.htm"
  },
  {
    "date": "2013-03-31",
    "symbol": "ARE",
    "reportedCurrency": "USD",
    "cik": "0001035443",
    "fillingDate": "2013-05-03",
    "acceptedDate": "2013-05-03 16:31:54",
    "calendarYear": "2013",
    "period": "Q1",
    "revenue": 150380000,
    "costOfRevenue": 45224000,
    "grossProfit": 105156000,
    "grossProfitRatio": 0.6992685197,
    "researchAndDevelopmentExpenses": 0,
    "generalAndAdministrativeExpenses": 11648000,
    "sellingAndMarketingExpenses": 0,
    "sellingGeneralAndAdministrativeExpenses": 11648000,
    "otherExpenses": 46065000,
    "operatingExpenses": 57713000,
    "costAndExpenses": 102937000,
    "interestIncome": 1327000,
    "interestExpense": 18020000,
    "depreciationAndAmortization": 46065000,
    "ebitda": 94415000,
    "ebitdaratio": 0.6278427982,
    "operatingIncome": 29363000,
    "operatingIncomeRatio": 0.195258678,
    "totalOtherIncomeExpensesNet": -16610000,
    "incomeBeforeTax": 29423000,
    "incomeBeforeTaxRatio": 0.1956576672,
    "incomeTaxExpense": 168000,
    "netIncome": 29255000,
    "netIncomeRatio": 0.1945404974,
    "eps": 0.36,
    "epsdiluted": 0.36,
    "weightedAverageShsOut": 63161064,
    "weightedAverageShsOutDil": 63161319,
    "link": "https://www.sec.gov/Archives/edgar/data/1035443/000110465913037161/0001104659-13-037161-index.htm",
    "finalLink": "https://www.sec.gov/Archives/edgar/data/1035443/000110465913037161/a13-8300_110q.htm"
  },
  {
    "date": "2012-12-31",
    "symbol": "ARE",
    "reportedCurrency": "USD",
    "cik": "0001035443",
    "fillingDate": "2013-02-26",
    "acceptedDate": "2013-02-25 20:46:52",
    "calendarYear": "2012",
    "period": "Q4",
    "revenue": 154170000,
    "costOfRevenue": 46639000,
    "grossProfit": 107531000,
    "grossProfitRatio": 0.6974832977,
    "researchAndDevelopmentExpenses": 0,
    "generalAndAdministrativeExpenses": 12643000,
    "sellingAndMarketingExpenses": 0,
    "sellingGeneralAndAdministrativeExpenses": 12643000,
    "otherExpenses": 175956000,
    "operatingExpenses": 60715000,
    "costAndExpenses": 107354000,
    "interestIncome": 0,
    "interestExpense": 17941000,
    "depreciationAndAmortization": 48072000,
    "ebitda": 0,
    "ebitdaratio": 0,
    "operatingIncome": 35652000,
    "operatingIncomeRatio": 0.2312512162,
    "totalOtherIncomeExpensesNet": -21094000,
    "incomeBeforeTax": 25224000,
    "incomeBeforeTaxRatio": 0.1636115976,
    "incomeTaxExpense": -2571000,
    "netIncome": 27795000,
    "netIncomeRatio": 0.1802879938,
    "eps": 0.33,
    "epsdiluted": 0.33,
    "weightedAverageShsOut": 63091781,
    "weightedAverageShsOutDil": 63091781,
    "link": "https://www.sec.gov/Archives/edgar/data/1035443/000110465913014040/0001104659-13-014040-index.htm",
    "finalLink": "https://www.sec.gov/Archives/edgar/data/1035443/000110465913014040/a12-28254_110k.htm"
  },
  {
    "date": "2012-09-30",
    "symbol": "ARE",
    "reportedCurrency": "USD",
    "cik": "0001035443",
    "fillingDate": "2012-11-09",
    "acceptedDate": "2012-11-09 16:06:54",
    "calendarYear": "2012",
    "period": "Q3",
    "revenue": 128361000,
    "costOfRevenue": 44614000,
    "grossProfit": 83747000,
    "grossProfitRatio": 0.6524333715,
    "researchAndDevelopmentExpenses": 0,
    "generalAndAdministrativeExpenses": 57099000,
    "sellingAndMarketingExpenses": 0,
    "sellingGeneralAndAdministrativeExpenses": 57099000,
    "otherExpenses": 45901000,
    "operatingExpenses": 57099000,
    "costAndExpenses": 57099000,
    "interestIncome": 1031000,
    "interestExpense": 17094000,
    "depreciationAndAmortization": 47176000,
    "ebitda": 77967000,
    "ebitdaratio": 0.6074041181,
    "operatingIncome": 34571000,
    "operatingIncomeRatio": 0.269326353,
    "totalOtherIncomeExpensesNet": -25188000,
    "incomeBeforeTax": 17477000,
    "incomeBeforeTaxRatio": 0.1361550627,
    "incomeTaxExpense": -17477000,
    "netIncome": 17477000,
    "netIncomeRatio": 0.1361550627,
    "eps": 0.17,
    "epsdiluted": 0.17,
    "weightedAverageShsOut": 62364210,
    "weightedAverageShsOutDil": 62364210,
    "link": "https://www.sec.gov/Archives/edgar/data/1035443/000110465912076636/0001104659-12-076636-index.htm",
    "finalLink": "https://www.sec.gov/Archives/edgar/data/1035443/000110465912076636/a12-18635_110q.htm"
  },
  {
    "date": "2012-06-30",
    "symbol": "ARE",
    "reportedCurrency": "USD",
    "cik": "0001035443",
    "fillingDate": "2012-08-08",
    "acceptedDate": "2012-08-08 17:22:50",
    "calendarYear": "2012",
    "period": "Q2",
    "revenue": 136183000,
    "costOfRevenue": 44506000,
    "grossProfit": 91677000,
    "grossProfitRatio": 0.673189752,
    "researchAndDevelopmentExpenses": 0,
    "generalAndAdministrativeExpenses": 56830000,
    "sellingAndMarketingExpenses": 0,
    "sellingGeneralAndAdministrativeExpenses": 56830000,
    "otherExpenses": 1602000,
    "operatingExpenses": 58432000,
    "costAndExpenses": 58432000,
    "interestIncome": 833000,
    "interestExpense": 17922000,
    "depreciationAndAmortization": 52316000,
    "ebitda": 91205000,
    "ebitdaratio": 0.6697238275,
    "operatingIncome": 42712000,
    "operatingIncomeRatio": 0.3136367975,
    "totalOtherIncomeExpensesNet": -21784000,
    "incomeBeforeTax": 25435000,
    "incomeBeforeTaxRatio": 0.1867707423,
    "incomeTaxExpense": 645000,
    "netIncome": 24790000,
    "netIncomeRatio": 0.1820344683,
    "eps": 0.29,
    "epsdiluted": 0.29,
    "weightedAverageShsOut": 61663367,
    "weightedAverageShsOutDil": 61663540,
    "link": "https://www.sec.gov/Archives/edgar/data/1035443/000110465912056010/0001104659-12-056010-index.htm",
    "finalLink": "https://www.sec.gov/Archives/edgar/data/1035443/000110465912056010/a12-12442_110q.htm"
  },
  {
    "date": "2012-03-31",
    "symbol": "ARE",
    "reportedCurrency": "USD",
    "cik": "0001035443",
    "fillingDate": "2012-05-04",
    "acceptedDate": "2012-05-04 16:06:10",
    "calendarYear": "2012",
    "period": "Q1",
    "revenue": 128739000,
    "costOfRevenue": 43410000,
    "grossProfit": 85329000,
    "grossProfitRatio": 0.6628061427,
    "researchAndDevelopmentExpenses": 0,
    "generalAndAdministrativeExpenses": 53771000,
    "sellingAndMarketingExpenses": 0,
    "sellingGeneralAndAdministrativeExpenses": 53771000,
    "otherExpenses": 623000,
    "operatingExpenses": 53148000,
    "costAndExpenses": 53148000,
    "interestIncome": 607000,
    "interestExpense": 16227000,
    "depreciationAndAmortization": 43405000,
    "ebitda": 87761000,
    "ebitdaratio": 0.681697077,
    "operatingIncome": 48291000,
    "operatingIncomeRatio": 0.3751077762,
    "totalOtherIncomeExpensesNet": -12407000,
    "incomeBeforeTax": 30940000,
    "incomeBeforeTaxRatio": 0.2403312128,
    "incomeTaxExpense": -1124000,
    "netIncome": 32064000,
    "netIncomeRatio": 0.2490620558,
    "eps": 0.3,
    "epsdiluted": 0.3,
    "weightedAverageShsOut": 61507807,
    "weightedAverageShsOutDil": 61508967,
    "link": "https://www.sec.gov/Archives/edgar/data/1035443/000110465912033196/0001104659-12-033196-index.htm",
    "finalLink": "https://www.sec.gov/Archives/edgar/data/1035443/000110465912033196/a12-7035_110q.htm"
  },
  {
    "date": "2011-12-31",
    "symbol": "ARE",
    "reportedCurrency": "USD",
    "cik": "0001035443",
    "fillingDate": "2012-02-21",
    "acceptedDate": "2012-02-21 09:16:33",
    "calendarYear": "2011",
    "period": "Q4",
    "revenue": 126438000,
    "costOfRevenue": 168627000,
    "grossProfit": -42189000,
    "grossProfitRatio": -0.333673421,
    "researchAndDevelopmentExpenses": 0,
    "generalAndAdministrativeExpenses": 55694000,
    "sellingAndMarketingExpenses": 0,
    "sellingGeneralAndAdministrativeExpenses": 55694000,
    "otherExpenses": 25306000,
    "operatingExpenses": 55694000,
    "costAndExpenses": 55694000,
    "interestIncome": 0,
    "interestExpense": 14757000,
    "depreciationAndAmortization": 40966000,
    "ebitda": 0,
    "ebitdaratio": 0,
    "operatingIncome": 49077000,
    "operatingIncomeRatio": 0.3881507142,
    "totalOtherIncomeExpensesNet": -55723000,
    "incomeBeforeTax": 34320000,
    "incomeBeforeTaxRatio": 0.2714373843,
    "incomeTaxExpense": -34320000,
    "netIncome": 34320000,
    "netIncomeRatio": 0.2714373843,
    "eps": 1.12,
    "epsdiluted": 1.12,
    "weightedAverageShsOut": 61507807,
    "weightedAverageShsOutDil": 61508967,
    "link": "https://www.sec.gov/Archives/edgar/data/1035443/000110465912011131/0001104659-12-011131-index.htm",
    "finalLink": "https://www.sec.gov/Archives/edgar/data/1035443/000110465912011131/a11-32209_110k.htm"
  },
  {
    "date": "2011-09-30",
    "symbol": "ARE",
    "reportedCurrency": "USD",
    "cik": "0001035443",
    "fillingDate": "2011-11-09",
    "acceptedDate": "2011-11-09 16:15:42",
    "calendarYear": "2011",
    "period": "Q3",
    "revenue": 129154000,
    "costOfRevenue": 42608000,
    "grossProfit": 86546000,
    "grossProfitRatio": 0.6700992613,
    "researchAndDevelopmentExpenses": 0,
    "generalAndAdministrativeExpenses": 52905000,
    "sellingAndMarketingExpenses": 0,
    "sellingGeneralAndAdministrativeExpenses": 52905000,
    "otherExpenses": 2742000,
    "operatingExpenses": 55647000,
    "costAndExpenses": 55647000,
    "interestIncome": 0,
    "interestExpense": 14273000,
    "depreciationAndAmortization": 39652000,
    "ebitda": 0,
    "ebitdaratio": 0,
    "operatingIncome": 46302000,
    "operatingIncomeRatio": 0.3585022531,
    "totalOtherIncomeExpensesNet": -9193000,
    "incomeBeforeTax": 32029000,
    "incomeBeforeTaxRatio": 0.2479907707,
    "incomeTaxExpense": -32029000,
    "netIncome": 32029000,
    "netIncomeRatio": 0.2479907707,
    "eps": 0.4,
    "epsdiluted": 0.4,
    "weightedAverageShsOut": 61295659,
    "weightedAverageShsOutDil": 61303969,
    "link": "https://www.sec.gov/Archives/edgar/data/1035443/000110465911062717/0001104659-11-062717-index.htm",
    "finalLink": "https://www.sec.gov/Archives/edgar/data/1035443/000110465911062717/a11-25615_110q.htm"
  },
  {
    "date": "2011-06-30",
    "symbol": "ARE",
    "reportedCurrency": "USD",
    "cik": "0001035443",
    "fillingDate": "2011-08-09",
    "acceptedDate": "2011-08-09 16:45:24",
    "calendarYear": "2011",
    "period": "Q2",
    "revenue": 127405000,
    "costOfRevenue": 40679000,
    "grossProfit": 86726000,
    "grossProfitRatio": 0.6807111181,
    "researchAndDevelopmentExpenses": 0,
    "generalAndAdministrativeExpenses": 51445000,
    "sellingAndMarketingExpenses": 0,
    "sellingGeneralAndAdministrativeExpenses": 51445000,
    "otherExpenses": 1248000,
    "operatingExpenses": 52693000,
    "costAndExpenses": 52693000,
    "interestIncome": 0,
    "interestExpense": 16571000,
    "depreciationAndAmortization": 40363000,
    "ebitda": 95758000,
    "ebitdaratio": 0.7516031553,
    "operatingIncome": 49944000,
    "operatingIncomeRatio": 0.3920097327,
    "totalOtherIncomeExpensesNet": -15970000,
    "incomeBeforeTax": 33373000,
    "incomeBeforeTaxRatio": 0.2619441937,
    "incomeTaxExpense": -33373000,
    "netIncome": 33373000,
    "netIncomeRatio": 0.2619441937,
    "eps": 0.44,
    "epsdiluted": 0.44,
    "weightedAverageShsOut": 58500055,
    "weightedAverageShsOutDil": 58513122,
    "link": "https://www.sec.gov/Archives/edgar/data/1035443/000110465911045410/0001104659-11-045410-index.htm",
    "finalLink": "https://www.sec.gov/Archives/edgar/data/1035443/000110465911045410/a11-13781_110q.htm"
  },
  {
    "date": "2011-03-31",
    "symbol": "ARE",
    "reportedCurrency": "USD",
    "cik": "0001035443",
    "fillingDate": "2011-05-05",
    "acceptedDate": "2011-05-05 16:03:43",
    "calendarYear": "2011",
    "period": "Q1",
    "revenue": 119972000,
    "costOfRevenue": 41081000,
    "grossProfit": 78891000,
    "grossProfitRatio": 0.657578435,
    "researchAndDevelopmentExpenses": 0,
    "generalAndAdministrativeExpenses": 50581000,
    "sellingAndMarketingExpenses": 0,
    "sellingGeneralAndAdministrativeExpenses": 50581000,
    "otherExpenses": 2495000,
    "operatingExpenses": 53076000,
    "costAndExpenses": 53076000,
    "interestIncome": 0,
    "interestExpense": 17842000,
    "depreciationAndAmortization": 36707000,
    "ebitda": 69391000,
    "ebitdaratio": 0.5783932918,
    "operatingIncome": 49538000,
    "operatingIncomeRatio": 0.412913013,
    "totalOtherIncomeExpensesNet": -17063000,
    "incomeBeforeTax": 31696000,
    "incomeBeforeTaxRatio": 0.2641949788,
    "incomeTaxExpense": -31696000,
    "netIncome": 31696000,
    "netIncomeRatio": 0.2641949788,
    "eps": 0.44,
    "epsdiluted": 0.44,
    "weightedAverageShsOut": 54948345,
    "weightedAverageShsOutDil": 54967755,
    "link": "https://www.sec.gov/Archives/edgar/data/1035443/000110465911026317/0001104659-11-026317-index.htm",
    "finalLink": "https://www.sec.gov/Archives/edgar/data/1035443/000110465911026317/a11-7585_110q.htm"
  },
  {
    "date": "2010-12-31",
    "symbol": "ARE",
    "reportedCurrency": "USD",
    "cik": "0001035443",
    "fillingDate": "2011-03-01",
    "acceptedDate": "2011-03-01 16:31:11",
    "calendarYear": "2010",
    "period": "Q4",
    "revenue": 157782000,
    "costOfRevenue": 132278000,
    "grossProfit": 25504000,
    "grossProfitRatio": 0.1616407448,
    "researchAndDevelopmentExpenses": 0,
    "generalAndAdministrativeExpenses": 45170000,
    "sellingAndMarketingExpenses": 0,
    "sellingGeneralAndAdministrativeExpenses": 45170000,
    "otherExpenses": 20830000,
    "operatingExpenses": 45170000,
    "costAndExpenses": 45170000,
    "interestIncome": 0,
    "interestExpense": 17191000,
    "depreciationAndAmortization": 34551000,
    "ebitda": 0,
    "ebitdaratio": 0,
    "operatingIncome": 108247000,
    "operatingIncomeRatio": 0.686054176,
    "totalOtherIncomeExpensesNet": -17191000,
    "incomeBeforeTax": 91056000,
    "incomeBeforeTaxRatio": 0.5771000494,
    "incomeTaxExpense": -91056000,
    "netIncome": 91056000,
    "netIncomeRatio": 0.5771000494,
    "eps": 3.31,
    "epsdiluted": 3.31,
    "weightedAverageShsOut": 54948345,
    "weightedAverageShsOutDil": 54967755,
    "link": "https://www.sec.gov/Archives/edgar/data/1035443/000110465911011479/0001104659-11-011479-index.htm",
    "finalLink": "https://www.sec.gov/Archives/edgar/data/1035443/000110465911011479/a10-23320_110k.htm"
  },
  {
    "date": "2010-09-30",
    "symbol": "ARE",
    "reportedCurrency": "USD",
    "cik": "0001035443",
    "fillingDate": "2010-11-09",
    "acceptedDate": "2010-11-09 16:30:31",
    "calendarYear": "2010",
    "period": "Q3",
    "revenue": 105518000,
    "costOfRevenue": 33704000,
    "grossProfit": 71814000,
    "grossProfitRatio": 0.680585303,
    "researchAndDevelopmentExpenses": 0,
    "generalAndAdministrativeExpenses": -25660000,
    "sellingAndMarketingExpenses": 0,
    "sellingGeneralAndAdministrativeExpenses": -25660000,
    "otherExpenses": 31252000,
    "operatingExpenses": 41748000,
    "costAndExpenses": 41748000,
    "interestIncome": 0,
    "interestExpense": 16111000,
    "depreciationAndAmortization": 32009000,
    "ebitda": 0,
    "ebitdaratio": 0,
    "operatingIncome": 45652000,
    "operatingIncomeRatio": 0.4326465627,
    "totalOtherIncomeExpensesNet": -8226000,
    "incomeBeforeTax": 29541000,
    "incomeBeforeTaxRatio": 0.2799617127,
    "incomeTaxExpense": -29541000,
    "netIncome": 29541000,
    "netIncomeRatio": 0.2799617127,
    "eps": 0.45,
    "epsdiluted": 0.45,
    "weightedAverageShsOut": 49807241,
    "weightedAverageShsOutDil": 49830339,
    "link": "https://www.sec.gov/Archives/edgar/data/1035443/000110465910057300/0001104659-10-057300-index.htm",
    "finalLink": "https://www.sec.gov/Archives/edgar/data/1035443/000110465910057300/a10-17238_110q.htm"
  },
  {
    "date": "2010-06-30",
    "symbol": "ARE",
    "reportedCurrency": "USD",
    "cik": "0001035443",
    "fillingDate": "2010-08-04",
    "acceptedDate": "2010-08-04 17:00:47",
    "calendarYear": "2010",
    "period": "Q2",
    "revenue": 98232000,
    "costOfRevenue": 30352000,
    "grossProfit": 67880000,
    "grossProfitRatio": 0.6910171838,
    "researchAndDevelopmentExpenses": 0,
    "generalAndAdministrativeExpenses": 38618000,
    "sellingAndMarketingExpenses": 0,
    "sellingGeneralAndAdministrativeExpenses": 38618000,
    "otherExpenses": 41496000,
    "operatingExpenses": 80114000,
    "costAndExpenses": 80114000,
    "interestIncome": 0,
    "interestExpense": 18778000,
    "depreciationAndAmortization": 30342000,
    "ebitda": 36896000,
    "ebitdaratio": 0.3756006189,
    "operatingIncome": 5624000,
    "operatingIncomeRatio": 0.0572522192,
    "totalOtherIncomeExpensesNet": -8169000,
    "incomeBeforeTax": -12224000,
    "incomeBeforeTaxRatio": -0.124440101,
    "incomeTaxExpense": 930000,
    "netIncome": -13154000,
    "netIncomeRatio": -0.1339074843,
    "eps": -0.29,
    "epsdiluted": -0.29,
    "weightedAverageShsOut": 44870142,
    "weightedAverageShsOutDil": 44870142,
    "link": "https://www.sec.gov/Archives/edgar/data/1035443/000110465910041919/0001104659-10-041919-index.htm",
    "finalLink": "https://www.sec.gov/Archives/edgar/data/1035443/000110465910041919/a10-11955_110q.htm"
  },
  {
    "date": "2010-03-31",
    "symbol": "ARE",
    "reportedCurrency": "USD",
    "cik": "0001035443",
    "fillingDate": "2010-04-30",
    "acceptedDate": "2010-04-30 17:01:06",
    "calendarYear": "2010",
    "period": "Q1",
    "revenue": 98925000,
    "costOfRevenue": 31651000,
    "grossProfit": 67274000,
    "grossProfitRatio": 0.6800505433,
    "researchAndDevelopmentExpenses": 0,
    "generalAndAdministrativeExpenses": 41132000,
    "sellingAndMarketingExpenses": 0,
    "sellingGeneralAndAdministrativeExpenses": 41132000,
    "otherExpenses": 29868000,
    "operatingExpenses": 41132000,
    "costAndExpenses": 41132000,
    "interestIncome": 0,
    "interestExpense": 17562000,
    "depreciationAndAmortization": 29735000,
    "ebitda": 0,
    "ebitdaratio": 0,
    "operatingIncome": 45412000,
    "operatingIncomeRatio": 0.4590548395,
    "totalOtherIncomeExpensesNet": -7516000,
    "incomeBeforeTax": 27850000,
    "incomeBeforeTaxRatio": 0.2815264089,
    "incomeTaxExpense": -27850000,
    "netIncome": 27850000,
    "netIncomeRatio": 0.2815264089,
    "eps": 0.47,
    "epsdiluted": 0.47,
    "weightedAverageShsOut": 43706383,
    "weightedAverageShsOutDil": 43706383,
    "link": "https://www.sec.gov/Archives/edgar/data/1035443/000110465910024093/0001104659-10-024093-index.htm",
    "finalLink": "https://www.sec.gov/Archives/edgar/data/1035443/000110465910024093/a10-5966_110q.htm"
  },
  {
    "date": "2009-12-31",
    "symbol": "ARE",
    "reportedCurrency": "USD",
    "cik": "0001035443",
    "fillingDate": "2010-03-01",
    "acceptedDate": "2010-03-01 16:37:36",
    "calendarYear": "2009",
    "period": "Q4",
    "revenue": 83709000,
    "costOfRevenue": 225468000,
    "grossProfit": -141759000,
    "grossProfitRatio": -1.69347382,
    "researchAndDevelopmentExpenses": 0,
    "generalAndAdministrativeExpenses": 37527000,
    "sellingAndMarketingExpenses": 0,
    "sellingGeneralAndAdministrativeExpenses": 37527000,
    "otherExpenses": 28473000,
    "operatingExpenses": 37527000,
    "costAndExpenses": 37527000,
    "interestIncome": 0,
    "interestExpense": 19406000,
    "depreciationAndAmortization": 29004000,
    "ebitda": 0,
    "ebitdaratio": 0,
    "operatingIncome": 48387000,
    "operatingIncomeRatio": 0.5780382038,
    "totalOtherIncomeExpensesNet": -48410000,
    "incomeBeforeTax": 28981000,
    "incomeBeforeTaxRatio": 0.3462112796,
    "incomeTaxExpense": -28981000,
    "netIncome": 28981000,
    "netIncomeRatio": 0.3462112796,
    "eps": 1.33,
    "epsdiluted": 1.33,
    "weightedAverageShsOut": 43706383,
    "weightedAverageShsOutDil": 43706383,
    "link": "https://www.sec.gov/Archives/edgar/data/1035443/000110465910010792/0001104659-10-010792-index.htm",
    "finalLink": "https://www.sec.gov/Archives/edgar/data/1035443/000110465910010792/a10-1589_110k.htm"
  },
  {
    "date": "2009-09-30",
    "symbol": "ARE",
    "reportedCurrency": "USD",
    "cik": "0001035443",
    "fillingDate": "2009-11-06",
    "acceptedDate": "2009-11-06 17:03:38",
    "calendarYear": "2009",
    "period": "Q3",
    "revenue": 114605000,
    "costOfRevenue": 30783000,
    "grossProfit": 83822000,
    "grossProfitRatio": 0.7313991536,
    "researchAndDevelopmentExpenses": 0,
    "generalAndAdministrativeExpenses": 40393000,
    "sellingAndMarketingExpenses": 0,
    "sellingGeneralAndAdministrativeExpenses": 40393000,
    "otherExpenses": 28607000,
    "operatingExpenses": 40393000,
    "costAndExpenses": 40393000,
    "interestIncome": 0,
    "interestExpense": 20909000,
    "depreciationAndAmortization": 28031000,
    "ebitda": 0,
    "ebitdaratio": 0,
    "operatingIncome": 46401000,
    "operatingIncomeRatio": 0.4048776231,
    "totalOtherIncomeExpensesNet": -7069000,
    "incomeBeforeTax": 25492000,
    "incomeBeforeTaxRatio": 0.2224335762,
    "incomeTaxExpense": -25492000,
    "netIncome": 25492000,
    "netIncomeRatio": 0.2224335762,
    "eps": 0.47,
    "epsdiluted": 0.47,
    "weightedAverageShsOut": 39094018,
    "weightedAverageShsOutDil": 39105950,
    "link": "https://www.sec.gov/Archives/edgar/data/1035443/000110465909063391/0001104659-09-063391-index.htm",
    "finalLink": "https://www.sec.gov/Archives/edgar/data/1035443/000110465909063391/a09-31018_110q.htm"
  },
  {
    "date": "2009-06-30",
    "symbol": "ARE",
    "reportedCurrency": "USD",
    "cik": "0001035443",
    "fillingDate": "2009-08-10",
    "acceptedDate": "2009-08-10 17:00:37",
    "calendarYear": "2009",
    "period": "Q2",
    "revenue": 111623000,
    "costOfRevenue": 29059000,
    "grossProfit": 82564000,
    "grossProfitRatio": 0.7396683479,
    "researchAndDevelopmentExpenses": 0,
    "generalAndAdministrativeExpenses": 37862000,
    "sellingAndMarketingExpenses": 0,
    "sellingGeneralAndAdministrativeExpenses": 37862000,
    "otherExpenses": 30138000,
    "operatingExpenses": 37862000,
    "costAndExpenses": 37862000,
    "interestIncome": 0,
    "interestExpense": 21063000,
    "depreciationAndAmortization": 29722000,
    "ebitda": 94487000,
    "ebitdaratio": 0.8464832517,
    "operatingIncome": 60817000,
    "operatingIncomeRatio": 0.5448429087,
    "totalOtherIncomeExpensesNet": -17425000,
    "incomeBeforeTax": 39754000,
    "incomeBeforeTaxRatio": 0.3561452389,
    "incomeTaxExpense": -39754000,
    "netIncome": 39754000,
    "netIncomeRatio": 0.3561452389,
    "eps": 0.83,
    "epsdiluted": 0.82,
    "weightedAverageShsOut": 38929971,
    "weightedAverageShsOutDil": 43071925,
    "link": "https://www.sec.gov/Archives/edgar/data/1035443/000110465909048686/0001104659-09-048686-index.htm",
    "finalLink": "https://www.sec.gov/Archives/edgar/data/1035443/000110465909048686/a09-18672_110q.htm"
  },
  {
    "date": "2009-03-31",
    "symbol": "ARE",
    "reportedCurrency": "USD",
    "cik": "0001035443",
    "fillingDate": "2009-05-11",
    "acceptedDate": "2009-05-11 16:30:39",
    "calendarYear": "2009",
    "period": "Q1",
    "revenue": 112558000,
    "costOfRevenue": 32684000,
    "grossProfit": 79874000,
    "grossProfitRatio": 0.7096252599,
    "researchAndDevelopmentExpenses": 0,
    "generalAndAdministrativeExpenses": 42102000,
    "sellingAndMarketingExpenses": 0,
    "sellingGeneralAndAdministrativeExpenses": 42102000,
    "otherExpenses": 30898000,
    "operatingExpenses": 42102000,
    "costAndExpenses": 42102000,
    "interestIncome": 0,
    "interestExpense": 20199000,
    "depreciationAndAmortization": 31446000,
    "ebitda": 0,
    "ebitdaratio": 0,
    "operatingIncome": 60573000,
    "operatingIncomeRatio": 0.5381492208,
    "totalOtherIncomeExpensesNet": -6242000,
    "incomeBeforeTax": 40374000,
    "incomeBeforeTaxRatio": 0.3586950728,
    "incomeTaxExpense": -40374000,
    "netIncome": 40374000,
    "netIncomeRatio": 0.3586950728,
    "eps": 1.01,
    "epsdiluted": 1.01,
    "weightedAverageShsOut": 32478671,
    "weightedAverageShsOutDil": 32498107,
    "link": "https://www.sec.gov/Archives/edgar/data/1035443/000110465909031529/0001104659-09-031529-index.htm",
    "finalLink": "https://www.sec.gov/Archives/edgar/data/1035443/000110465909031529/a09-11299_110q.htm"
  },
  {
    "date": "2008-12-31",
    "symbol": "ARE",
    "reportedCurrency": "USD",
    "cik": "0001035443",
    "fillingDate": "2009-02-17",
    "acceptedDate": "2009-02-17 06:31:26",
    "calendarYear": "2008",
    "period": "Q4",
    "revenue": 106509000,
    "costOfRevenue": 114543000,
    "grossProfit": -8034000,
    "grossProfitRatio": -0.0754302453,
    "researchAndDevelopmentExpenses": 0,
    "generalAndAdministrativeExpenses": 123512000,
    "sellingAndMarketingExpenses": 0,
    "sellingGeneralAndAdministrativeExpenses": 123512000,
    "otherExpenses": -57512000,
    "operatingExpenses": 123512000,
    "costAndExpenses": 123512000,
    "interestIncome": 0,
    "interestExpense": 18866000,
    "depreciationAndAmortization": 29085000,
    "ebitda": 0,
    "ebitdaratio": 0,
    "operatingIncome": 47026000,
    "operatingIncomeRatio": 0.4415213738,
    "totalOtherIncomeExpensesNet": -47951000,
    "incomeBeforeTax": 28160000,
    "incomeBeforeTaxRatio": 0.2643908027,
    "incomeTaxExpense": -28160000,
    "netIncome": 28160000,
    "netIncomeRatio": 0.2643908027,
    "eps": 1.73,
    "epsdiluted": 1.73,
    "weightedAverageShsOut": 32478671,
    "weightedAverageShsOutDil": 32498107,
    "link": "https://www.sec.gov/Archives/edgar/data/1035443/000110465909009784/0001104659-09-009784-index.htm",
    "finalLink": "https://www.sec.gov/Archives/edgar/data/1035443/000110465909009784/a09-1729_110k.htm"
  },
  {
    "date": "2008-09-30",
    "symbol": "ARE",
    "reportedCurrency": "USD",
    "cik": "0001035443",
    "fillingDate": "2008-11-10",
    "acceptedDate": "2008-11-10 16:10:43",
    "calendarYear": "2008",
    "period": "Q3",
    "revenue": 95332000,
    "costOfRevenue": 29749000,
    "grossProfit": 65583000,
    "grossProfitRatio": 0.687943188,
    "researchAndDevelopmentExpenses": 0,
    "generalAndAdministrativeExpenses": 8588000,
    "sellingAndMarketingExpenses": 0,
    "sellingGeneralAndAdministrativeExpenses": 8588000,
    "otherExpenses": 56412000,
    "operatingExpenses": 8588000,
    "costAndExpenses": 8588000,
    "interestIncome": 0,
    "interestExpense": 19948000,
    "depreciationAndAmortization": 27245000,
    "ebitda": 0,
    "ebitdaratio": 0,
    "operatingIncome": 48548000,
    "operatingIncomeRatio": 0.5092518776,
    "totalOtherIncomeExpensesNet": -48736000,
    "incomeBeforeTax": 28600000,
    "incomeBeforeTaxRatio": 0.3000041959,
    "incomeTaxExpense": -28600000,
    "netIncome": 26673000,
    "netIncomeRatio": 0.2797906264,
    "eps": 0.61,
    "epsdiluted": 0.61,
    "weightedAverageShsOut": 31694711,
    "weightedAverageShsOutDil": 31807455,
    "link": "https://www.sec.gov/Archives/edgar/data/1035443/000110465908069715/0001104659-08-069715-index.htm",
    "finalLink": "https://www.sec.gov/Archives/edgar/data/1035443/000110465908069715/a08-25626_110q.htm"
  },
  {
    "date": "2008-06-30",
    "symbol": "ARE",
    "reportedCurrency": "USD",
    "cik": "0001035443",
    "fillingDate": "2008-08-08",
    "acceptedDate": "2008-08-08 16:30:35",
    "calendarYear": "2008",
    "period": "Q2",
    "revenue": 92322000,
    "costOfRevenue": 27588000,
    "grossProfit": 64734000,
    "grossProfitRatio": 0.7011763177,
    "researchAndDevelopmentExpenses": 0,
    "generalAndAdministrativeExpenses": 8452000,
    "sellingAndMarketingExpenses": 0,
    "sellingGeneralAndAdministrativeExpenses": 8452000,
    "otherExpenses": 53548000,
    "operatingExpenses": 8452000,
    "costAndExpenses": 8452000,
    "interestIncome": 0,
    "interestExpense": 17732000,
    "depreciationAndAmortization": 26783000,
    "ebitda": 0,
    "ebitdaratio": 0,
    "operatingIncome": 46153000,
    "operatingIncomeRatio": 0.4999133468,
    "totalOtherIncomeExpensesNet": -28243000,
    "incomeBeforeTax": 28421000,
    "incomeBeforeTaxRatio": 0.3078464505,
    "incomeTaxExpense": -28421000,
    "netIncome": 26828000,
    "netIncomeRatio": 0.290591625,
    "eps": 0.61,
    "epsdiluted": 0.61,
    "weightedAverageShsOut": 31615359,
    "weightedAverageShsOutDil": 31740291,
    "link": "https://www.sec.gov/Archives/edgar/data/1035443/000110465908051390/0001104659-08-051390-index.htm",
    "finalLink": "https://www.sec.gov/Archives/edgar/data/1035443/000110465908051390/a08-18952_110q.htm"
  },
  {
    "date": "2008-03-31",
    "symbol": "ARE",
    "reportedCurrency": "USD",
    "cik": "0001035443",
    "fillingDate": "2008-05-12",
    "acceptedDate": "2008-05-12 16:41:07",
    "calendarYear": "2008",
    "period": "Q1",
    "revenue": 87714000,
    "costOfRevenue": 28329000,
    "grossProfit": 59385000,
    "grossProfitRatio": 0.6770298926,
    "researchAndDevelopmentExpenses": 0,
    "generalAndAdministrativeExpenses": 8787000,
    "sellingAndMarketingExpenses": 0,
    "sellingGeneralAndAdministrativeExpenses": 8787000,
    "otherExpenses": 54213000,
    "operatingExpenses": 8787000,
    "costAndExpenses": 8787000,
    "interestIncome": 0,
    "interestExpense": 22245000,
    "depreciationAndAmortization": 25630000,
    "ebitda": 0,
    "ebitdaratio": 0,
    "operatingIncome": 59933000,
    "operatingIncomeRatio": 0.68327747,
    "totalOtherIncomeExpensesNet": -22245000,
    "incomeBeforeTax": 37688000,
    "incomeBeforeTaxRatio": 0.429669152,
    "incomeTaxExpense": -37688000,
    "netIncome": 36200000,
    "netIncomeRatio": 0.4127049274,
    "eps": 1.04,
    "epsdiluted": 1.03,
    "weightedAverageShsOut": 31546591,
    "weightedAverageShsOutDil": 31687241,
    "link": "https://www.sec.gov/Archives/edgar/data/1035443/000110465908032402/0001104659-08-032402-index.htm",
    "finalLink": "https://www.sec.gov/Archives/edgar/data/1035443/000110465908032402/a08-11608_110q.htm"
  },
  {
    "date": "2007-12-31",
    "symbol": "ARE",
    "reportedCurrency": "USD",
    "cik": "0001035443",
    "fillingDate": "2008-02-29",
    "acceptedDate": "2008-02-28 21:45:51",
    "calendarYear": "2007",
    "period": "Q4",
    "revenue": 83978000,
    "costOfRevenue": 99210000,
    "grossProfit": -15232000,
    "grossProfitRatio": -0.1813808378,
    "researchAndDevelopmentExpenses": 0,
    "generalAndAdministrativeExpenses": 8114000,
    "sellingAndMarketingExpenses": 0,
    "sellingGeneralAndAdministrativeExpenses": 8114000,
    "otherExpenses": 48886000,
    "operatingExpenses": 8114000,
    "costAndExpenses": 8114000,
    "interestIncome": 0,
    "interestExpense": 24013000,
    "depreciationAndAmortization": 20966000,
    "ebitda": 0,
    "ebitdaratio": 0,
    "operatingIncome": 49005000,
    "operatingIncomeRatio": 0.5835456905,
    "totalOtherIncomeExpensesNet": -44979000,
    "incomeBeforeTax": 24992000,
    "incomeBeforeTaxRatio": 0.2976017528,
    "incomeTaxExpense": -24992000,
    "netIncome": 24992000,
    "netIncomeRatio": 0.2976017528,
    "eps": 1.58,
    "epsdiluted": 1.57,
    "weightedAverageShsOut": 31546591,
    "weightedAverageShsOutDil": 31801945,
    "link": "https://www.sec.gov/Archives/edgar/data/1035443/000110465908013937/0001104659-08-013937-index.htm",
    "finalLink": "https://www.sec.gov/Archives/edgar/data/1035443/000110465908013937/a08-6477_110k.htm"
  },
  {
    "date": "2007-09-30",
    "symbol": "ARE",
    "reportedCurrency": "USD",
    "cik": "0001035443",
    "fillingDate": "2007-11-09",
    "acceptedDate": "2007-11-09 15:01:43",
    "calendarYear": "2007",
    "period": "Q3",
    "revenue": 80185000,
    "costOfRevenue": 25522000,
    "grossProfit": 54663000,
    "grossProfitRatio": 0.6817110432,
    "researchAndDevelopmentExpenses": 0,
    "generalAndAdministrativeExpenses": 8343000,
    "sellingAndMarketingExpenses": 0,
    "sellingGeneralAndAdministrativeExpenses": 8343000,
    "otherExpenses": 48657000,
    "operatingExpenses": 8343000,
    "costAndExpenses": 8343000,
    "interestIncome": 0,
    "interestExpense": 23947000,
    "depreciationAndAmortization": 25676000,
    "ebitda": 0,
    "ebitdaratio": 0,
    "operatingIncome": 46847000,
    "operatingIncomeRatio": 0.5842364532,
    "totalOtherIncomeExpensesNet": -19762000,
    "incomeBeforeTax": 22900000,
    "incomeBeforeTaxRatio": 0.2855895741,
    "incomeTaxExpense": -22900000,
    "netIncome": 22900000,
    "netIncomeRatio": 0.2855895741,
    "eps": 0.69,
    "epsdiluted": 0.68,
    "weightedAverageShsOut": 29258184,
    "weightedAverageShsOutDil": 29507316,
    "link": "https://www.sec.gov/Archives/edgar/data/1035443/000110465907081717/0001104659-07-081717-index.htm",
    "finalLink": "https://www.sec.gov/Archives/edgar/data/1035443/000110465907081717/a07-25917_110q.htm"
  },
  {
    "date": "2007-06-30",
    "symbol": "ARE",
    "reportedCurrency": "USD",
    "cik": "0001035443",
    "fillingDate": "2007-08-09",
    "acceptedDate": "2007-08-09 15:00:33",
    "calendarYear": "2007",
    "period": "Q2",
    "revenue": 76032000,
    "costOfRevenue": 22838000,
    "grossProfit": 53194000,
    "grossProfitRatio": 0.6996264731,
    "researchAndDevelopmentExpenses": 0,
    "generalAndAdministrativeExpenses": 7921000,
    "sellingAndMarketingExpenses": 0,
    "sellingGeneralAndAdministrativeExpenses": 7921000,
    "otherExpenses": 44079000,
    "operatingExpenses": 7921000,
    "costAndExpenses": 7921000,
    "interestIncome": 0,
    "interestExpense": 19870000,
    "depreciationAndAmortization": 24100000,
    "ebitda": 0,
    "ebitdaratio": 0,
    "operatingIncome": 43918000,
    "operatingIncomeRatio": 0.5776252104,
    "totalOtherIncomeExpensesNet": -19386000,
    "incomeBeforeTax": 24048000,
    "incomeBeforeTaxRatio": 0.3162878788,
    "incomeTaxExpense": -24048000,
    "netIncome": 24048000,
    "netIncomeRatio": 0.3162878788,
    "eps": 0.73,
    "epsdiluted": 0.73,
    "weightedAverageShsOut": 29045354,
    "weightedAverageShsOutDil": 29362514,
    "link": "https://www.sec.gov/Archives/edgar/data/1035443/000110465907060802/0001104659-07-060802-index.htm",
    "finalLink": "https://www.sec.gov/Archives/edgar/data/1035443/000110465907060802/a07-19275_110q.htm"
  },
  {
    "date": "2007-03-31",
    "symbol": "ARE",
    "reportedCurrency": "USD",
    "cik": "0001035443",
    "fillingDate": "2007-05-09",
    "acceptedDate": "2007-05-09 16:31:06",
    "calendarYear": "2007",
    "period": "Q1",
    "revenue": 77083000,
    "costOfRevenue": 24129000,
    "grossProfit": 52954000,
    "grossProfitRatio": 0.6869737815,
    "researchAndDevelopmentExpenses": 0,
    "generalAndAdministrativeExpenses": 8082000,
    "sellingAndMarketingExpenses": 0,
    "sellingGeneralAndAdministrativeExpenses": 8082000,
    "otherExpenses": 45918000,
    "operatingExpenses": 8082000,
    "costAndExpenses": 8082000,
    "interestIncome": 0,
    "interestExpense": 20556000,
    "depreciationAndAmortization": 24530000,
    "ebitda": 0,
    "ebitdaratio": 0,
    "operatingIncome": 42340000,
    "operatingIncomeRatio": 0.5492780509,
    "totalOtherIncomeExpensesNet": -19214000,
    "incomeBeforeTax": 21784000,
    "incomeBeforeTaxRatio": 0.2826044653,
    "incomeTaxExpense": -21784000,
    "netIncome": 21784000,
    "netIncomeRatio": 0.2826044653,
    "eps": 0.52,
    "epsdiluted": 0.52,
    "weightedAverageShsOut": 28899303,
    "weightedAverageShsOutDil": 29299733,
    "link": "https://www.sec.gov/Archives/edgar/data/1035443/000110465907037573/0001104659-07-037573-index.htm",
    "finalLink": "https://www.sec.gov/Archives/edgar/data/1035443/000110465907037573/a07-12856_110q.htm"
  },
  {
    "date": "2006-12-31",
    "symbol": "ARE",
    "reportedCurrency": "USD",
    "cik": "0001035443",
    "fillingDate": "2007-03-01",
    "acceptedDate": "2007-03-01 14:15:38",
    "calendarYear": "2006",
    "period": "Q4",
    "revenue": 71390000,
    "costOfRevenue": 0,
    "grossProfit": 71390000,
    "grossProfitRatio": 1,
    "researchAndDevelopmentExpenses": 0,
    "generalAndAdministrativeExpenses": 6697000,
    "sellingAndMarketingExpenses": 0,
    "sellingGeneralAndAdministrativeExpenses": 6697000,
    "otherExpenses": 0,
    "operatingExpenses": 6697000,
    "costAndExpenses": 6697000,
    "interestIncome": 0,
    "interestExpense": 21148000,
    "depreciationAndAmortization": 23473000,
    "ebitda": 0,
    "ebitdaratio": 0,
    "operatingIncome": 41683000,
    "operatingIncomeRatio": 0.5838772937,
    "totalOtherIncomeExpensesNet": -21148000,
    "incomeBeforeTax": 20535000,
    "incomeBeforeTaxRatio": 0.2876453285,
    "incomeTaxExpense": -20535000,
    "netIncome": 20535000,
    "netIncomeRatio": 0.2876453285,
    "eps": 1.42,
    "epsdiluted": 1.4,
    "weightedAverageShsOut": 28899303,
    "weightedAverageShsOutDil": 29299733,
    "link": "https://www.sec.gov/Archives/edgar/data/1035443/000103544307000004/0001035443-07-000004-index.htm",
    "finalLink": "https://www.sec.gov/Archives/edgar/data/1035443/000103544307000004/are200610k.htm"
  },
  {
    "date": "2006-09-30",
    "symbol": "ARE",
    "reportedCurrency": "USD",
    "cik": "0001035443",
    "fillingDate": "2006-11-09",
    "acceptedDate": "2006-11-09 16:30:39",
    "calendarYear": "2006",
    "period": "Q3",
    "revenue": 66167000,
    "costOfRevenue": 0,
    "grossProfit": 66167000,
    "grossProfitRatio": 1,
    "researchAndDevelopmentExpenses": 0,
    "generalAndAdministrativeExpenses": 6653000,
    "sellingAndMarketingExpenses": 0,
    "sellingGeneralAndAdministrativeExpenses": 6653000,
    "otherExpenses": 0,
    "operatingExpenses": 6653000,
    "costAndExpenses": 6653000,
    "interestIncome": 0,
    "interestExpense": 19041000,
    "depreciationAndAmortization": 20988000,
    "ebitda": 0,
    "ebitdaratio": 0,
    "operatingIncome": 38005000,
    "operatingIncomeRatio": 0.5743799779,
    "totalOtherIncomeExpensesNet": -19041000,
    "incomeBeforeTax": 18964000,
    "incomeBeforeTaxRatio": 0.2866081279,
    "incomeTaxExpense": -18964000,
    "netIncome": 18964000,
    "netIncomeRatio": 0.2866081279,
    "eps": 0.57,
    "epsdiluted": 0.56,
    "weightedAverageShsOut": 26323345,
    "weightedAverageShsOutDil": 26714050,
    "link": "https://www.sec.gov/Archives/edgar/data/1035443/000103544306000051/0001035443-06-000051-index.htm",
    "finalLink": "https://www.sec.gov/Archives/edgar/data/1035443/000103544306000051/are3q0610q.htm"
  },
  {
    "date": "2006-06-30",
    "symbol": "ARE",
    "reportedCurrency": "USD",
    "cik": "0001035443",
    "fillingDate": "2006-08-09",
    "acceptedDate": "2006-08-09 16:26:55",
    "calendarYear": "2006",
    "period": "Q2",
    "revenue": 54167000,
    "costOfRevenue": 0,
    "grossProfit": 54167000,
    "grossProfitRatio": 1,
    "researchAndDevelopmentExpenses": 0,
    "generalAndAdministrativeExpenses": 6269000,
    "sellingAndMarketingExpenses": 0,
    "sellingGeneralAndAdministrativeExpenses": 6269000,
    "otherExpenses": 0,
    "operatingExpenses": 6269000,
    "costAndExpenses": 6269000,
    "interestIncome": 0,
    "interestExpense": 16317000,
    "depreciationAndAmortization": 17072000,
    "ebitda": 0,
    "ebitdaratio": 0,
    "operatingIncome": 33479000,
    "operatingIncomeRatio": 0.6180700426,
    "totalOtherIncomeExpensesNet": -16317000,
    "incomeBeforeTax": 17162000,
    "incomeBeforeTaxRatio": 0.3168349733,
    "incomeTaxExpense": -17162000,
    "netIncome": 17162000,
    "netIncomeRatio": 0.3168349733,
    "eps": 0.57,
    "epsdiluted": 0.57,
    "weightedAverageShsOut": 22856380,
    "weightedAverageShsOutDil": 23250681,
    "link": "https://www.sec.gov/Archives/edgar/data/1035443/000103544306000038/0001035443-06-000038-index.htm",
    "finalLink": "https://www.sec.gov/Archives/edgar/data/1035443/000103544306000038/are2q0610q.htm"
  },
  {
    "date": "2006-03-31",
    "symbol": "ARE",
    "reportedCurrency": "USD",
    "cik": "0001035443",
    "fillingDate": "2006-05-10",
    "acceptedDate": "2006-05-10 15:53:29",
    "calendarYear": "2006",
    "period": "Q1",
    "revenue": 53726000,
    "costOfRevenue": 0,
    "grossProfit": 53726000,
    "grossProfitRatio": 1,
    "researchAndDevelopmentExpenses": 0,
    "generalAndAdministrativeExpenses": 6452000,
    "sellingAndMarketingExpenses": 0,
    "sellingGeneralAndAdministrativeExpenses": 6452000,
    "otherExpenses": 0,
    "operatingExpenses": 6452000,
    "costAndExpenses": 6452000,
    "interestIncome": 0,
    "interestExpense": 14865000,
    "depreciationAndAmortization": 16147000,
    "ebitda": 0,
    "ebitdaratio": 0,
    "operatingIncome": 31620000,
    "operatingIncomeRatio": 0.5885418606,
    "totalOtherIncomeExpensesNet": -14865000,
    "incomeBeforeTax": 16755000,
    "incomeBeforeTaxRatio": 0.3118601794,
    "incomeTaxExpense": -16755000,
    "netIncome": 16755000,
    "netIncomeRatio": 0.3118601794,
    "eps": 0.57,
    "epsdiluted": 0.56,
    "weightedAverageShsOut": 22322290,
    "weightedAverageShsOutDil": 22759795,
    "link": "https://www.sec.gov/Archives/edgar/data/1035443/000103544306000024/0001035443-06-000024-index.htm",
    "finalLink": "https://www.sec.gov/Archives/edgar/data/1035443/000103544306000024/are-1q0610q.htm"
  },
  {
    "date": "2005-12-31",
    "symbol": "ARE",
    "reportedCurrency": "USD",
    "cik": "0001035443",
    "fillingDate": "2006-03-16",
    "acceptedDate": "2006-03-16 14:48:22",
    "calendarYear": "2005",
    "period": "Q4",
    "revenue": 52689000,
    "costOfRevenue": 0,
    "grossProfit": 52689000,
    "grossProfitRatio": 1,
    "researchAndDevelopmentExpenses": 0,
    "generalAndAdministrativeExpenses": 5914000,
    "sellingAndMarketingExpenses": 0,
    "sellingGeneralAndAdministrativeExpenses": 5914000,
    "otherExpenses": 0,
    "operatingExpenses": 5914000,
    "costAndExpenses": 5914000,
    "interestIncome": 0,
    "interestExpense": 13387000,
    "depreciationAndAmortization": 16604000,
    "ebitda": 0,
    "ebitdaratio": 0,
    "operatingIncome": 29567000,
    "operatingIncomeRatio": 0.5611607736,
    "totalOtherIncomeExpensesNet": -29991000,
    "incomeBeforeTax": 16180000,
    "incomeBeforeTaxRatio": 0.3070849703,
    "incomeTaxExpense": -16180000,
    "netIncome": 16180000,
    "netIncomeRatio": 0.3070849703,
    "eps": 1.45,
    "epsdiluted": 1.42,
    "weightedAverageShsOut": 22322290,
    "weightedAverageShsOutDil": 22759795,
    "link": "https://www.sec.gov/Archives/edgar/data/1035443/000103544306000013/0001035443-06-000013-index.htm",
    "finalLink": "https://www.sec.gov/Archives/edgar/data/1035443/000103544306000013/are2005-10k.htm"
  },
  {
    "date": "2005-09-30",
    "symbol": "ARE",
    "reportedCurrency": "USD",
    "cik": "0001035443",
    "fillingDate": "2005-11-09",
    "acceptedDate": "2005-11-09 16:20:20",
    "calendarYear": "2005",
    "period": "Q3",
    "revenue": 50592000,
    "costOfRevenue": 0,
    "grossProfit": 50592000,
    "grossProfitRatio": 1,
    "researchAndDevelopmentExpenses": 0,
    "generalAndAdministrativeExpenses": 5993000,
    "sellingAndMarketingExpenses": 0,
    "sellingGeneralAndAdministrativeExpenses": 5993000,
    "otherExpenses": 0,
    "operatingExpenses": 5993000,
    "costAndExpenses": 5993000,
    "interestIncome": 0,
    "interestExpense": 13160000,
    "depreciationAndAmortization": 15275000,
    "ebitda": 0,
    "ebitdaratio": 0,
    "operatingIncome": 29151000,
    "operatingIncomeRatio": 0.5761978178,
    "totalOtherIncomeExpensesNet": -13160000,
    "incomeBeforeTax": 15991000,
    "incomeBeforeTaxRatio": 0.3160776407,
    "incomeTaxExpense": -15991000,
    "netIncome": 15991000,
    "netIncomeRatio": 0.3160776407,
    "eps": 0.57,
    "epsdiluted": 0.56,
    "weightedAverageShsOut": 21091183,
    "weightedAverageShsOutDil": 21486731,
    "link": "https://www.sec.gov/Archives/edgar/data/1035443/000103544305000028/0001035443-05-000028-index.htm",
    "finalLink": "https://www.sec.gov/Archives/edgar/data/1035443/000103544305000028/are_3q0510q.htm"
  },
  {
    "date": "2005-06-30",
    "symbol": "ARE",
    "reportedCurrency": "USD",
    "cik": "0001035443",
    "fillingDate": "2005-08-09",
    "acceptedDate": "2005-08-09 16:28:23",
    "calendarYear": "2005",
    "period": "Q2",
    "revenue": 46969000,
    "costOfRevenue": 0,
    "grossProfit": 46969000,
    "grossProfitRatio": 1,
    "researchAndDevelopmentExpenses": 0,
    "generalAndAdministrativeExpenses": 4765000,
    "sellingAndMarketingExpenses": 0,
    "sellingGeneralAndAdministrativeExpenses": 4765000,
    "otherExpenses": 0,
    "operatingExpenses": 4765000,
    "costAndExpenses": 4765000,
    "interestIncome": 0,
    "interestExpense": 11248000,
    "depreciationAndAmortization": 14728000,
    "ebitda": 0,
    "ebitdaratio": 0,
    "operatingIncome": 27521000,
    "operatingIncomeRatio": 0.5859396623,
    "totalOtherIncomeExpensesNet": -11248000,
    "incomeBeforeTax": 16273000,
    "incomeBeforeTaxRatio": 0.3464625604,
    "incomeTaxExpense": -16273000,
    "netIncome": 16273000,
    "netIncomeRatio": 0.3464625604,
    "eps": 0.59,
    "epsdiluted": 0.58,
    "weightedAverageShsOut": 20936265,
    "weightedAverageShsOutDil": 21275364,
    "link": "https://www.sec.gov/Archives/edgar/data/1035443/000103544305000021/0001035443-05-000021-index.htm",
    "finalLink": "https://www.sec.gov/Archives/edgar/data/1035443/000103544305000021/are_2q0510q.htm"
  },
  {
    "date": "2005-03-31",
    "symbol": "ARE",
    "reportedCurrency": "USD",
    "cik": "0001035443",
    "fillingDate": "2005-05-10",
    "acceptedDate": "2005-05-10 16:27:11",
    "calendarYear": "2005",
    "period": "Q1",
    "revenue": 44768000,
    "costOfRevenue": 0,
    "grossProfit": 44768000,
    "grossProfitRatio": 1,
    "researchAndDevelopmentExpenses": 0,
    "generalAndAdministrativeExpenses": 4445000,
    "sellingAndMarketingExpenses": 0,
    "sellingGeneralAndAdministrativeExpenses": 4445000,
    "otherExpenses": 0,
    "operatingExpenses": 4445000,
    "costAndExpenses": 4445000,
    "interestIncome": 0,
    "interestExpense": 11321000,
    "depreciationAndAmortization": 14386000,
    "ebitda": 0,
    "ebitdaratio": 0,
    "operatingIncome": 26310000,
    "operatingIncomeRatio": 0.587696569,
    "totalOtherIncomeExpensesNet": -11321000,
    "incomeBeforeTax": 14989000,
    "incomeBeforeTaxRatio": 0.3348150465,
    "incomeTaxExpense": -14989000,
    "netIncome": 14989000,
    "netIncomeRatio": 0.3348150465,
    "eps": 0.56,
    "epsdiluted": 0.55,
    "weightedAverageShsOut": 19468620,
    "weightedAverageShsOutDil": 19789798,
    "link": "https://www.sec.gov/Archives/edgar/data/1035443/000103544305000010/0001035443-05-000010-index.htm",
    "finalLink": "https://www.sec.gov/Archives/edgar/data/1035443/000103544305000010/form10q.htm"
  },
  {
    "date": "2004-12-31",
    "symbol": "ARE",
    "reportedCurrency": "USD",
    "cik": "0001035443",
    "fillingDate": "2005-03-16",
    "acceptedDate": "2005-03-16 16:42:44",
    "calendarYear": "2004",
    "period": "Q4",
    "revenue": 42067000,
    "costOfRevenue": 0,
    "grossProfit": 42067000,
    "grossProfitRatio": 1,
    "researchAndDevelopmentExpenses": 0,
    "generalAndAdministrativeExpenses": 3993000,
    "sellingAndMarketingExpenses": 0,
    "sellingGeneralAndAdministrativeExpenses": 3993000,
    "otherExpenses": 0,
    "operatingExpenses": 3993000,
    "costAndExpenses": 3993000,
    "interestIncome": 0,
    "interestExpense": 8409000,
    "depreciationAndAmortization": 12475000,
    "ebitda": 0,
    "ebitdaratio": 0,
    "operatingIncome": 23913000,
    "operatingIncomeRatio": 0.5684503292,
    "totalOtherIncomeExpensesNet": -20884000,
    "incomeBeforeTax": 15504000,
    "incomeBeforeTaxRatio": 0.3685549243,
    "incomeTaxExpense": -15504000,
    "netIncome": 15504000,
    "netIncomeRatio": 0.3685549243,
    "eps": 1.59,
    "epsdiluted": 1.57,
    "weightedAverageShsOut": 19468620,
    "weightedAverageShsOutDil": 19789798,
    "link": "https://www.sec.gov/Archives/edgar/data/1035443/000103544305000005/0001035443-05-000005-index.htm",
    "finalLink": "https://www.sec.gov/Archives/edgar/data/1035443/000103544305000005/are2004_10k.htm"
  },
  {
    "date": "2004-09-30",
    "symbol": "ARE",
    "reportedCurrency": "USD",
    "cik": "0001035443",
    "fillingDate": "2004-11-09",
    "acceptedDate": "2004-11-09 16:28:21",
    "calendarYear": "2004",
    "period": "Q3",
    "revenue": 39884000,
    "costOfRevenue": 0,
    "grossProfit": 39884000,
    "grossProfitRatio": 1,
    "researchAndDevelopmentExpenses": 0,
    "generalAndAdministrativeExpenses": 3662000,
    "sellingAndMarketingExpenses": 0,
    "sellingGeneralAndAdministrativeExpenses": 3662000,
    "otherExpenses": 0,
    "operatingExpenses": 3662000,
    "costAndExpenses": 3662000,
    "interestIncome": 0,
    "interestExpense": 6626000,
    "depreciationAndAmortization": 11113000,
    "ebitda": 0,
    "ebitdaratio": 0,
    "operatingIncome": 22090000,
    "operatingIncomeRatio": 0.5538561829,
    "totalOtherIncomeExpensesNet": -6626000,
    "incomeBeforeTax": 15464000,
    "incomeBeforeTaxRatio": 0.3877244008,
    "incomeTaxExpense": -15464000,
    "netIncome": 15464000,
    "netIncomeRatio": 0.3877244008,
    "eps": 0.59,
    "epsdiluted": 0.58,
    "weightedAverageShsOut": 19352670,
    "weightedAverageShsOutDil": 19668360,
    "link": "https://www.sec.gov/Archives/edgar/data/1035443/000103544304000036/0001035443-04-000036-index.htm",
    "finalLink": "https://www.sec.gov/Archives/edgar/data/1035443/000103544304000036/are_3q0410q.htm"
  },
  {
    "date": "2004-06-30",
    "symbol": "ARE",
    "reportedCurrency": "USD",
    "cik": "0001035443",
    "fillingDate": "2004-08-09",
    "acceptedDate": "2004-08-09 16:47:49",
    "calendarYear": "2004",
    "period": "Q2",
    "revenue": 36597000,
    "costOfRevenue": 0,
    "grossProfit": 36597000,
    "grossProfitRatio": 1,
    "researchAndDevelopmentExpenses": 0,
    "generalAndAdministrativeExpenses": 3814000,
    "sellingAndMarketingExpenses": 0,
    "sellingGeneralAndAdministrativeExpenses": 3814000,
    "otherExpenses": 0,
    "operatingExpenses": 3814000,
    "costAndExpenses": 3814000,
    "interestIncome": 0,
    "interestExpense": 6926000,
    "depreciationAndAmortization": 10640000,
    "ebitda": 0,
    "ebitdaratio": 0,
    "operatingIncome": 20813000,
    "operatingIncomeRatio": 0.5687078176,
    "totalOtherIncomeExpensesNet": -6926000,
    "incomeBeforeTax": 13887000,
    "incomeBeforeTaxRatio": 0.3794573326,
    "incomeTaxExpense": -13887000,
    "netIncome": 13887000,
    "netIncomeRatio": 0.3794573326,
    "eps": 0.5,
    "epsdiluted": 0.5,
    "weightedAverageShsOut": 19284631,
    "weightedAverageShsOutDil": 19608854,
    "link": "https://www.sec.gov/Archives/edgar/data/1035443/000103544304000027/0001035443-04-000027-index.htm",
    "finalLink": "https://www.sec.gov/Archives/edgar/data/1035443/000103544304000027/form10q2q04.htm"
  },
  {
    "date": "2004-03-31",
    "symbol": "ARE",
    "reportedCurrency": "USD",
    "cik": "0001035443",
    "fillingDate": "2004-05-10",
    "acceptedDate": "2004-05-10 16:11:45",
    "calendarYear": "2004",
    "period": "Q1",
    "revenue": 36066000,
    "costOfRevenue": 0,
    "grossProfit": 36066000,
    "grossProfitRatio": 1,
    "researchAndDevelopmentExpenses": 0,
    "generalAndAdministrativeExpenses": 3636000,
    "sellingAndMarketingExpenses": 0,
    "sellingGeneralAndAdministrativeExpenses": 3636000,
    "otherExpenses": 0,
    "operatingExpenses": 3636000,
    "costAndExpenses": 3636000,
    "interestIncome": 0,
    "interestExpense": 6709000,
    "depreciationAndAmortization": 10508000,
    "ebitda": 0,
    "ebitdaratio": 0,
    "operatingIncome": 22049000,
    "operatingIncomeRatio": 0.6113514113,
    "totalOtherIncomeExpensesNet": -6709000,
    "incomeBeforeTax": 15340000,
    "incomeBeforeTaxRatio": 0.425331337,
    "incomeTaxExpense": -15340000,
    "netIncome": 15340000,
    "netIncomeRatio": 0.425331337,
    "eps": 0.8,
    "epsdiluted": 0.78,
    "weightedAverageShsOut": 19206954,
    "weightedAverageShsOutDil": 19584003,
    "link": "https://www.sec.gov/Archives/edgar/data/1035443/000103544304000017/0001035443-04-000017-index.htm",
    "finalLink": "https://www.sec.gov/Archives/edgar/data/1035443/000103544304000017/form10q_1q04.htm"
  },
  {
    "date": "2003-12-31",
    "symbol": "ARE",
    "reportedCurrency": "USD",
    "cik": "0001035443",
    "fillingDate": "2004-03-15",
    "acceptedDate": "2004-03-15 17:03:54",
    "calendarYear": "2003",
    "period": "Q4",
    "revenue": 32604000,
    "costOfRevenue": 0,
    "grossProfit": 32604000,
    "grossProfitRatio": 1,
    "researchAndDevelopmentExpenses": 0,
    "generalAndAdministrativeExpenses": 3550000,
    "sellingAndMarketingExpenses": 0,
    "sellingGeneralAndAdministrativeExpenses": 3550000,
    "otherExpenses": 0,
    "operatingExpenses": 3550000,
    "costAndExpenses": 3550000,
    "interestIncome": 0,
    "interestExpense": 6501000,
    "depreciationAndAmortization": 10456000,
    "ebitda": 0,
    "ebitdaratio": 0,
    "operatingIncome": 19852000,
    "operatingIncomeRatio": 0.6088823457,
    "totalOtherIncomeExpensesNet": -6501000,
    "incomeBeforeTax": 13351000,
    "incomeBeforeTaxRatio": 0.4094896332,
    "incomeTaxExpense": -13351000,
    "netIncome": 13351000,
    "netIncomeRatio": 0.4094896332,
    "eps": 1.39,
    "epsdiluted": 1.36,
    "weightedAverageShsOut": 19206954,
    "weightedAverageShsOutDil": 19584003,
    "link": "https://www.sec.gov/Archives/edgar/data/1035443/000103544304000010/0001035443-04-000010-index.htm",
    "finalLink": "https://www.sec.gov/Archives/edgar/data/1035443/000103544304000010/are_200310k.htm"
  },
  {
    "date": "2003-09-30",
    "symbol": "ARE",
    "reportedCurrency": "USD",
    "cik": "0001035443",
    "fillingDate": "2003-11-14",
    "acceptedDate": "2003-11-14 16:16:15",
    "calendarYear": "2003",
    "period": "Q3",
    "revenue": 34250000,
    "costOfRevenue": 0,
    "grossProfit": 34250000,
    "grossProfitRatio": 1,
    "researchAndDevelopmentExpenses": 0,
    "generalAndAdministrativeExpenses": 3568000,
    "sellingAndMarketingExpenses": 0,
    "sellingGeneralAndAdministrativeExpenses": 3568000,
    "otherExpenses": 0,
    "operatingExpenses": 3568000,
    "costAndExpenses": 3568000,
    "interestIncome": 725000,
    "interestExpense": 6532000,
    "depreciationAndAmortization": 10273000,
    "ebitda": 0,
    "ebitdaratio": 0,
    "operatingIncome": 28126000,
    "operatingIncomeRatio": 0.8211970803,
    "totalOtherIncomeExpensesNet": -6532000,
    "incomeBeforeTax": 21594000,
    "incomeBeforeTaxRatio": 0.6304817518,
    "incomeTaxExpense": -21594000,
    "netIncome": 21594000,
    "netIncomeRatio": 0.6304817518,
    "eps": 1.02,
    "epsdiluted": 1,
    "weightedAverageShsOut": 19023162,
    "weightedAverageShsOutDil": 19276932,
    "link": "https://www.sec.gov/Archives/edgar/data/1035443/000103544303000022/0001035443-03-000022-index.htm",
    "finalLink": "https://www.sec.gov/Archives/edgar/data/1035443/000103544303000022/form10q_3q03.htm"
  },
  {
    "date": "2003-06-30",
    "symbol": "ARE",
    "reportedCurrency": "USD",
    "cik": "0001035443",
    "fillingDate": "2003-08-14",
    "acceptedDate": "2003-08-14 16:10:58",
    "calendarYear": "2003",
    "period": "Q2",
    "revenue": 33546000,
    "costOfRevenue": 0,
    "grossProfit": 33546000,
    "grossProfitRatio": 1,
    "researchAndDevelopmentExpenses": 0,
    "generalAndAdministrativeExpenses": 3544000,
    "sellingAndMarketingExpenses": 0,
    "sellingGeneralAndAdministrativeExpenses": 3544000,
    "otherExpenses": 0,
    "operatingExpenses": 3544000,
    "costAndExpenses": 3544000,
    "interestIncome": 413000,
    "interestExpense": 6512000,
    "depreciationAndAmortization": 10190000,
    "ebitda": 0,
    "ebitdaratio": 0,
    "operatingIncome": 19061000,
    "operatingIncomeRatio": 0.568204853,
    "totalOtherIncomeExpensesNet": -6512000,
    "incomeBeforeTax": 12549000,
    "incomeBeforeTaxRatio": 0.3740833482,
    "incomeTaxExpense": -12549000,
    "netIncome": 12549000,
    "netIncomeRatio": 0.3740833482,
    "eps": 0.54,
    "epsdiluted": 0.54,
    "weightedAverageShsOut": 18952445,
    "weightedAverageShsOutDil": 19190472,
    "link": "https://www.sec.gov/Archives/edgar/data/1035443/000103544303000015/0001035443-03-000015-index.htm",
    "finalLink": "https://www.sec.gov/Archives/edgar/data/1035443/000103544303000015/form10q_2q03.htm"
  },
  {
    "date": "2003-03-31",
    "symbol": "ARE",
    "reportedCurrency": "USD",
    "cik": "0001035443",
    "fillingDate": "2003-05-15",
    "acceptedDate": "2003-05-15 16:38:11",
    "calendarYear": "2003",
    "period": "Q1",
    "revenue": 33742000,
    "costOfRevenue": 0,
    "grossProfit": 33742000,
    "grossProfitRatio": 1,
    "researchAndDevelopmentExpenses": 0,
    "generalAndAdministrativeExpenses": 3549000,
    "sellingAndMarketingExpenses": 0,
    "sellingGeneralAndAdministrativeExpenses": 3549000,
    "otherExpenses": 0,
    "operatingExpenses": 3549000,
    "costAndExpenses": 3549000,
    "interestIncome": 344000,
    "interestExpense": 6871000,
    "depreciationAndAmortization": 9825000,
    "ebitda": 0,
    "ebitdaratio": 0,
    "operatingIncome": 19020000,
    "operatingIncomeRatio": 0.5636891708,
    "totalOtherIncomeExpensesNet": -6871000,
    "incomeBeforeTax": 12149000,
    "incomeBeforeTaxRatio": 0.3600557169,
    "incomeTaxExpense": -12149000,
    "netIncome": 12149000,
    "netIncomeRatio": 0.3600557169,
    "eps": 0.64,
    "epsdiluted": 0.63,
    "weightedAverageShsOut": 18895821,
    "weightedAverageShsOutDil": 19136372,
    "link": "https://www.sec.gov/Archives/edgar/data/1035443/000103544303000009/0001035443-03-000009-index.htm",
    "finalLink": "https://www.sec.gov/Archives/edgar/data/1035443/000103544303000009/form10q_1q03.htm"
  },
  {
    "date": "2002-12-31",
    "symbol": "ARE",
    "reportedCurrency": "USD",
    "cik": "0001035443",
    "fillingDate": "2003-03-31",
    "acceptedDate": "2003-03-31 11:43:48",
    "calendarYear": "2002",
    "period": "Q4",
    "revenue": 30383000,
    "costOfRevenue": 0,
    "grossProfit": 30383000,
    "grossProfitRatio": 1,
    "researchAndDevelopmentExpenses": 0,
    "generalAndAdministrativeExpenses": 3452000,
    "sellingAndMarketingExpenses": 0,
    "sellingGeneralAndAdministrativeExpenses": 3452000,
    "otherExpenses": 0,
    "operatingExpenses": 3452000,
    "costAndExpenses": 3452000,
    "interestIncome": 455000,
    "interestExpense": 5308000,
    "depreciationAndAmortization": 9027000,
    "ebitda": 0,
    "ebitdaratio": 0,
    "operatingIncome": 14762000,
    "operatingIncomeRatio": 0.4858638054,
    "totalOtherIncomeExpensesNet": -5308000,
    "incomeBeforeTax": 9454000,
    "incomeBeforeTaxRatio": 0.3111608465,
    "incomeTaxExpense": -9454000,
    "netIncome": 9454000,
    "netIncomeRatio": 0.3111608465,
    "eps": 1,
    "epsdiluted": 0.99,
    "weightedAverageShsOut": 18895821,
    "weightedAverageShsOutDil": 19136372,
    "link": "https://www.sec.gov/Archives/edgar/data/1035443/000103544303000002/0001035443-03-000002-index.htm",
    "finalLink": "https://www.sec.gov/Archives/edgar/data/1035443/000103544303000002/are10_k.htm"
  },
  {
    "date": "2002-09-30",
    "symbol": "ARE",
    "reportedCurrency": "USD",
    "cik": "0001035443",
    "fillingDate": "2002-11-14",
    "acceptedDate": "2002-11-14 11:56:34",
    "calendarYear": "2002",
    "period": "Q3",
    "revenue": 31982000,
    "costOfRevenue": 0,
    "grossProfit": 31982000,
    "grossProfitRatio": 1,
    "researchAndDevelopmentExpenses": 0,
    "generalAndAdministrativeExpenses": 3203000,
    "sellingAndMarketingExpenses": 0,
    "sellingGeneralAndAdministrativeExpenses": 3203000,
    "otherExpenses": 0,
    "operatingExpenses": 3203000,
    "costAndExpenses": 3203000,
    "interestIncome": 321000,
    "interestExpense": 6082000,
    "depreciationAndAmortization": 8956000,
    "ebitda": 0,
    "ebitdaratio": 0,
    "operatingIncome": 16837000,
    "operatingIncomeRatio": 0.5264523795,
    "totalOtherIncomeExpensesNet": -6082000,
    "incomeBeforeTax": 10755000,
    "incomeBeforeTaxRatio": 0.3362829091,
    "incomeTaxExpense": -10755000,
    "netIncome": 10755000,
    "netIncomeRatio": 0.3362829091,
    "eps": 0.59,
    "epsdiluted": 0.58,
    "weightedAverageShsOut": 18329443,
    "weightedAverageShsOutDil": 18556300,
    "link": "https://www.sec.gov/Archives/edgar/data/1035443/000103544302000020/0001035443-02-000020-index.htm",
    "finalLink": "https://www.sec.gov/Archives/edgar/data/1035443/000103544302000020/form10q_3q02.htm"
  },
  {
    "date": "2002-06-30",
    "symbol": "ARE",
    "reportedCurrency": "USD",
    "cik": "0001035443",
    "fillingDate": "2002-08-14",
    "acceptedDate": "2002-08-14 10:56:29",
    "calendarYear": "2002",
    "period": "Q2",
    "revenue": 29116000,
    "costOfRevenue": 0,
    "grossProfit": 29116000,
    "grossProfitRatio": 1,
    "researchAndDevelopmentExpenses": 0,
    "generalAndAdministrativeExpenses": 3308000,
    "sellingAndMarketingExpenses": 0,
    "sellingGeneralAndAdministrativeExpenses": 3308000,
    "otherExpenses": 0,
    "operatingExpenses": 3308000,
    "costAndExpenses": 3308000,
    "interestIncome": 327000,
    "interestExpense": 6874000,
    "depreciationAndAmortization": 9260000,
    "ebitda": 0,
    "ebitdaratio": 0,
    "operatingIncome": 17094000,
    "operatingIncomeRatio": 0.5870998764,
    "totalOtherIncomeExpensesNet": -6874000,
    "incomeBeforeTax": 10220000,
    "incomeBeforeTaxRatio": 0.3510097541,
    "incomeTaxExpense": -10220000,
    "netIncome": 10220000,
    "netIncomeRatio": 0.3510097541,
    "eps": 0.61,
    "epsdiluted": 0.59,
    "weightedAverageShsOut": 16747201,
    "weightedAverageShsOutDil": 17117830,
    "link": "https://www.sec.gov/Archives/edgar/data/1035443/000103544302000018/0001035443-02-000018-index.htm",
    "finalLink": "https://www.sec.gov/Archives/edgar/data/1035443/000103544302000018/form10q_2q02.htm"
  },
  {
    "date": "2002-03-31",
    "symbol": "ARE",
    "reportedCurrency": "USD",
    "cik": "0001035443",
    "fillingDate": "2002-05-15",
    "acceptedDate": "2002-05-15 14:35:27",
    "calendarYear": "2002",
    "period": "Q1",
    "revenue": 28207000,
    "costOfRevenue": 0,
    "grossProfit": 28207000,
    "grossProfitRatio": 1,
    "researchAndDevelopmentExpenses": 0,
    "generalAndAdministrativeExpenses": 3473000,
    "sellingAndMarketingExpenses": 0,
    "sellingGeneralAndAdministrativeExpenses": 3473000,
    "otherExpenses": 0,
    "operatingExpenses": 3473000,
    "costAndExpenses": 3473000,
    "interestIncome": 507000,
    "interestExpense": 6720000,
    "depreciationAndAmortization": 8847000,
    "ebitda": 0,
    "ebitdaratio": 0,
    "operatingIncome": 16323000,
    "operatingIncomeRatio": 0.5786861417,
    "totalOtherIncomeExpensesNet": -6720000,
    "incomeBeforeTax": 9603000,
    "incomeBeforeTaxRatio": 0.3404474067,
    "incomeTaxExpense": -9603000,
    "netIncome": 9603000,
    "netIncomeRatio": 0.3404474067,
    "eps": 0.59,
    "epsdiluted": 0.57,
    "weightedAverageShsOut": 16409258,
    "weightedAverageShsOutDil": 16720857,
    "link": "https://www.sec.gov/Archives/edgar/data/1035443/000103544302000009/0001035443-02-000009-index.htm",
    "finalLink": "https://www.sec.gov/Archives/edgar/data/1035443/000103544302000009/form10q_1q02.htm"
  },
  {
    "date": "2001-12-31",
    "symbol": "ARE",
    "reportedCurrency": "USD",
    "cik": "0001035443",
    "fillingDate": "2002-03-29",
    "acceptedDate": "2002-03-29 00:00:00",
    "calendarYear": "2001",
    "period": "Q4",
    "revenue": 26062000,
    "costOfRevenue": 0,
    "grossProfit": 26062000,
    "grossProfitRatio": 1,
    "researchAndDevelopmentExpenses": 0,
    "generalAndAdministrativeExpenses": 3116000,
    "sellingAndMarketingExpenses": 0,
    "sellingGeneralAndAdministrativeExpenses": 3116000,
    "otherExpenses": 0,
    "operatingExpenses": 3116000,
    "costAndExpenses": 3116000,
    "interestIncome": 624000,
    "interestExpense": 7604000,
    "depreciationAndAmortization": 8455000,
    "ebitda": 0,
    "ebitdaratio": 0,
    "operatingIncome": 15800000,
    "operatingIncomeRatio": 0.6062466426,
    "totalOtherIncomeExpensesNet": -16059000,
    "incomeBeforeTax": 8196000,
    "incomeBeforeTaxRatio": 0.3144808533,
    "incomeTaxExpense": -8196000,
    "netIncome": 8196000,
    "netIncomeRatio": 0.3144808533,
    "eps": 1,
    "epsdiluted": 0.98,
    "weightedAverageShsOut": 16409258,
    "weightedAverageShsOutDil": 16720857,
    "link": "https://www.sec.gov/Archives/edgar/data/1035443/000103544302000006/0001035443-02-000006-index.htm",
    "finalLink": "https://www.sec.gov/Archives/edgar/data/1035443/000103544302000006/al_10k.htm"
  },
  {
    "date": "2001-09-30",
    "symbol": "ARE",
    "reportedCurrency": "USD",
    "cik": "0001035443",
    "fillingDate": "2001-11-14",
    "acceptedDate": "2001-11-14 00:00:00",
    "calendarYear": "2001",
    "period": "Q3",
    "revenue": 25452000,
    "costOfRevenue": 0,
    "grossProfit": 25452000,
    "grossProfitRatio": 1,
    "researchAndDevelopmentExpenses": 0,
    "generalAndAdministrativeExpenses": 2885000,
    "sellingAndMarketingExpenses": 0,
    "sellingGeneralAndAdministrativeExpenses": 2885000,
    "otherExpenses": 0,
    "operatingExpenses": 2885000,
    "costAndExpenses": 2885000,
    "interestIncome": 618000,
    "interestExpense": 7278000,
    "depreciationAndAmortization": 8412000,
    "ebitda": 0,
    "ebitdaratio": 0,
    "operatingIncome": 14729000,
    "operatingIncomeRatio": 0.5786971554,
    "totalOtherIncomeExpensesNet": -15690000,
    "incomeBeforeTax": 7451000,
    "incomeBeforeTaxRatio": 0.2927471319,
    "incomeTaxExpense": -7451000,
    "netIncome": 7451000,
    "netIncomeRatio": 0.2927471319,
    "eps": 0.41,
    "epsdiluted": 0.4,
    "weightedAverageShsOut": 16135399,
    "weightedAverageShsOutDil": 16413591,
    "link": "https://www.sec.gov/Archives/edgar/data/1035443/000103544301500033/0001035443-01-500033-index.htm",
    "finalLink": "https://www.sec.gov/Archives/edgar/data/1035443/000103544301500033/form10q_3q01.htm"
  },
  {
    "date": "2001-06-30",
    "symbol": "ARE",
    "reportedCurrency": "USD",
    "cik": "0001035443",
    "fillingDate": "2001-08-14",
    "acceptedDate": "2001-08-14 00:00:00",
    "calendarYear": "2001",
    "period": "Q2",
    "revenue": 23516000,
    "costOfRevenue": 0,
    "grossProfit": 23516000,
    "grossProfitRatio": 1,
    "researchAndDevelopmentExpenses": 0,
    "generalAndAdministrativeExpenses": 2819000,
    "sellingAndMarketingExpenses": 0,
    "sellingGeneralAndAdministrativeExpenses": 2819000,
    "otherExpenses": 0,
    "operatingExpenses": 2819000,
    "costAndExpenses": 2819000,
    "interestIncome": 938000,
    "interestExpense": 6883000,
    "depreciationAndAmortization": 7685000,
    "ebitda": 0,
    "ebitdaratio": 0,
    "operatingIncome": 14207000,
    "operatingIncomeRatio": 0.6041418609,
    "totalOtherIncomeExpensesNet": -14568000,
    "incomeBeforeTax": 7324000,
    "incomeBeforeTaxRatio": 0.3114475251,
    "incomeTaxExpense": -7324000,
    "netIncome": 7324000,
    "netIncomeRatio": 0.3114475251,
    "eps": 0.4,
    "epsdiluted": 0.39,
    "weightedAverageShsOut": 16011654,
    "weightedAverageShsOutDil": 16253036,
    "link": "https://www.sec.gov/Archives/edgar/data/1035443/000103544301500031/0001035443-01-500031-index.htm",
    "finalLink": "https://www.sec.gov/Archives/edgar/data/1035443/000103544301500031/form10q_2q01.htm"
  },
  {
    "date": "2001-03-31",
    "symbol": "ARE",
    "reportedCurrency": "USD",
    "cik": "0001035443",
    "fillingDate": "2001-05-15",
    "acceptedDate": "2001-05-15 00:00:00",
    "calendarYear": "2001",
    "period": "Q1",
    "revenue": 23634000,
    "costOfRevenue": 0,
    "grossProfit": 23634000,
    "grossProfitRatio": 1,
    "researchAndDevelopmentExpenses": 0,
    "generalAndAdministrativeExpenses": 2874000,
    "sellingAndMarketingExpenses": 0,
    "sellingGeneralAndAdministrativeExpenses": 2874000,
    "otherExpenses": 0,
    "operatingExpenses": 2874000,
    "costAndExpenses": 2874000,
    "interestIncome": 1088000,
    "interestExpense": 7361000,
    "depreciationAndAmortization": 6958000,
    "ebitda": 0,
    "ebitdaratio": 0,
    "operatingIncome": 14667000,
    "operatingIncomeRatio": 0.620588982,
    "totalOtherIncomeExpensesNet": -14319000,
    "incomeBeforeTax": 7306000,
    "incomeBeforeTaxRatio": 0.3091309131,
    "incomeTaxExpense": -7306000,
    "netIncome": 7306000,
    "netIncomeRatio": 0.3091309131,
    "eps": 0.41,
    "epsdiluted": 0.41,
    "weightedAverageShsOut": 15471100,
    "weightedAverageShsOutDil": 15704458,
    "link": "https://www.sec.gov/Archives/edgar/data/1035443/000103544301500026/0001035443-01-500026-index.htm",
    "finalLink": "https://www.sec.gov/Archives/edgar/data/1035443/000103544301500026/form10q.htm"
  },
  {
    "date": "2000-12-31",
    "symbol": "ARE",
    "reportedCurrency": "USD",
    "cik": "0001035443",
    "fillingDate": "2001-03-30",
    "acceptedDate": "2001-03-30 00:00:00",
    "calendarYear": "2000",
    "period": "Q4",
    "revenue": 22357000,
    "costOfRevenue": 0,
    "grossProfit": 22357000,
    "grossProfitRatio": 1,
    "researchAndDevelopmentExpenses": 0,
    "generalAndAdministrativeExpenses": 2398000,
    "sellingAndMarketingExpenses": 0,
    "sellingGeneralAndAdministrativeExpenses": 2398000,
    "otherExpenses": 0,
    "operatingExpenses": 2398000,
    "costAndExpenses": 2398000,
    "interestIncome": 1173000,
    "interestExpense": 7206000,
    "depreciationAndAmortization": 7400000,
    "ebitda": 14606000,
    "ebitdaratio": 0.6533076889,
    "operatingIncome": 7206000,
    "operatingIncomeRatio": 0.3223151586,
    "totalOtherIncomeExpensesNet": 0,
    "incomeBeforeTax": 7400000,
    "incomeBeforeTaxRatio": 0.3309925303,
    "incomeTaxExpense": -7400000,
    "netIncome": 7400000,
    "netIncomeRatio": 0.3309925303,
    "eps": 0.96,
    "epsdiluted": 0.94,
    "weightedAverageShsOut": 15471100,
    "weightedAverageShsOutDil": 15704458,
    "link": "https://www.sec.gov/Archives/edgar/data/1035443/000103544301500019/0001035443-01-500019-index.htm",
    "finalLink": "https://www.sec.gov/Archives/edgar/data/1035443/000103544301500019/al_10k.htm"
  },
  {
    "date": "2000-09-30",
    "symbol": "ARE",
    "reportedCurrency": "USD",
    "cik": "0001035443",
    "fillingDate": "2000-11-14",
    "acceptedDate": "2000-11-14 00:00:00",
    "calendarYear": "2000",
    "period": "Q3",
    "revenue": 21409000,
    "costOfRevenue": 0,
    "grossProfit": 21409000,
    "grossProfitRatio": 1,
    "researchAndDevelopmentExpenses": 0,
    "generalAndAdministrativeExpenses": 2391000,
    "sellingAndMarketingExpenses": 0,
    "sellingGeneralAndAdministrativeExpenses": 2391000,
    "otherExpenses": 0,
    "operatingExpenses": 2391000,
    "costAndExpenses": 2391000,
    "interestIncome": 1231000,
    "interestExpense": 7066000,
    "depreciationAndAmortization": 6531000,
    "ebitda": 13597000,
    "ebitdaratio": 0.6351067308,
    "operatingIncome": 7066000,
    "operatingIncomeRatio": 0.3300481106,
    "totalOtherIncomeExpensesNet": 0,
    "incomeBeforeTax": 6531000,
    "incomeBeforeTaxRatio": 0.3050586202,
    "incomeTaxExpense": -6531000,
    "netIncome": 6531000,
    "netIncomeRatio": 0.3050586202,
    "eps": 0.39,
    "epsdiluted": 0.38,
    "weightedAverageShsOut": 14518005,
    "weightedAverageShsOutDil": 14782077,
    "link": "https://www.sec.gov/Archives/edgar/data/1035443/000103544300500018/0001035443-00-500018-index.htm",
    "finalLink": "https://www.sec.gov/Archives/edgar/data/1035443/000103544300500018/form10q.htm"
  },
  {
    "date": "2000-06-30",
    "symbol": "ARE",
    "reportedCurrency": "USD",
    "cik": "0001035443",
    "fillingDate": "2000-08-11",
    "acceptedDate": "2000-08-11 00:00:00",
    "calendarYear": "2000",
    "period": "Q2",
    "revenue": 18942000,
    "costOfRevenue": 0,
    "grossProfit": 18942000,
    "grossProfitRatio": 1,
    "researchAndDevelopmentExpenses": 0,
    "generalAndAdministrativeExpenses": 2104000,
    "sellingAndMarketingExpenses": 0,
    "sellingGeneralAndAdministrativeExpenses": 2104000,
    "otherExpenses": 0,
    "operatingExpenses": 2104000,
    "costAndExpenses": 2104000,
    "interestIncome": 553000,
    "interestExpense": 5968000,
    "depreciationAndAmortization": 6341000,
    "ebitda": 12309000,
    "ebitdaratio": 0.649825784,
    "operatingIncome": 5968000,
    "operatingIncomeRatio": 0.3150670468,
    "totalOtherIncomeExpensesNet": 0,
    "incomeBeforeTax": 6341000,
    "incomeBeforeTaxRatio": 0.3347587372,
    "incomeTaxExpense": -6341000,
    "netIncome": 6341000,
    "netIncomeRatio": 0.3347587372,
    "eps": 0.38,
    "epsdiluted": 0.38,
    "weightedAverageShsOut": 14272509,
    "weightedAverageShsOutDil": 14450365,
    "link": "https://www.sec.gov/Archives/edgar/data/1035443/000103544300500009/0001035443-00-500009-index.htm",
    "finalLink": "https://www.sec.gov/Archives/edgar/data/1035443/000103544300500009/form10q.htm"
  },
  {
    "date": "2000-03-31",
    "symbol": "ARE",
    "reportedCurrency": "USD",
    "cik": "0001035443",
    "fillingDate": "2000-05-15",
    "acceptedDate": "2000-05-15 00:00:00",
    "calendarYear": "2000",
    "period": "Q1",
    "revenue": 18411000,
    "costOfRevenue": 0,
    "grossProfit": 18411000,
    "grossProfitRatio": 1,
    "researchAndDevelopmentExpenses": 0,
    "generalAndAdministrativeExpenses": 2093000,
    "sellingAndMarketingExpenses": 0,
    "sellingGeneralAndAdministrativeExpenses": 2093000,
    "otherExpenses": 0,
    "operatingExpenses": 2093000,
    "costAndExpenses": 2093000,
    "interestIncome": 549000,
    "interestExpense": 5551000,
    "depreciationAndAmortization": 5737000,
    "ebitda": 0,
    "ebitdaratio": 0,
    "operatingIncome": 5551000,
    "operatingIncomeRatio": 0.3015045353,
    "totalOtherIncomeExpensesNet": -11338000,
    "incomeBeforeTax": 5737000,
    "incomeBeforeTaxRatio": 0.3116071914,
    "incomeTaxExpense": 0,
    "netIncome": 5737000,
    "netIncomeRatio": 0.3116071914,
    "eps": 0.35,
    "epsdiluted": 0.35,
    "weightedAverageShsOut": 13780276,
    "weightedAverageShsOutDil": 13912400,
    "link": "https://www.sec.gov/Archives/edgar/data/1035443/000091205700024637/0000912057-00-024637-index.html",
    "finalLink": "https://www.sec.gov/Archives/edgar/data/1035443/000091205700024637/"
  },
  {
    "date": "1999-12-31",
    "symbol": "ARE",
    "reportedCurrency": "USD",
    "cik": "0001035443",
    "fillingDate": "2000-03-29",
    "acceptedDate": "2000-03-29 00:00:00",
    "calendarYear": "1999",
    "period": "Q4",
    "revenue": 18100000,
    "costOfRevenue": 0,
    "grossProfit": 18100000,
    "grossProfitRatio": 1,
    "researchAndDevelopmentExpenses": 0,
    "generalAndAdministrativeExpenses": 2100000,
    "sellingAndMarketingExpenses": 0,
    "sellingGeneralAndAdministrativeExpenses": 2100000,
    "otherExpenses": 0,
    "operatingExpenses": 2100000,
    "costAndExpenses": 2100000,
    "interestIncome": 400000,
    "interestExpense": 5100000,
    "depreciationAndAmortization": 5100000,
    "ebitda": 0,
    "ebitdaratio": 0,
    "operatingIncome": 5100000,
    "operatingIncomeRatio": 0.2817679558,
    "totalOtherIncomeExpensesNet": 0,
    "incomeBeforeTax": 5100000,
    "incomeBeforeTaxRatio": 0.2817679558,
    "incomeTaxExpense": 0,
    "netIncome": 5100000,
    "netIncomeRatio": 0.2817679558,
    "eps": 0.74,
    "epsdiluted": 0.73,
    "weightedAverageShsOut": 13780276,
    "weightedAverageShsOutDil": 13912400,
    "link": "https://www.sec.gov/Archives/edgar/data/1035443/000091205700014199/0000912057-00-014199-index.html",
    "finalLink": "https://www.sec.gov/Archives/edgar/data/1035443/000091205700014199/"
  },
  {
    "date": "1999-09-30",
    "symbol": "ARE",
    "reportedCurrency": "USD",
    "cik": "0001035443",
    "fillingDate": "1999-11-15",
    "acceptedDate": "1999-11-15 00:00:00",
    "calendarYear": "1999",
    "period": "Q3",
    "revenue": 17600000,
    "costOfRevenue": 0,
    "grossProfit": 17600000,
    "grossProfitRatio": 1,
    "researchAndDevelopmentExpenses": 0,
    "generalAndAdministrativeExpenses": 1900000,
    "sellingAndMarketingExpenses": 0,
    "sellingGeneralAndAdministrativeExpenses": 1900000,
    "otherExpenses": 0,
    "operatingExpenses": 1900000,
    "costAndExpenses": 1900000,
    "interestIncome": 400000,
    "interestExpense": 4800000,
    "depreciationAndAmortization": 5800000,
    "ebitda": 10600000,
    "ebitdaratio": 0.6022727273,
    "operatingIncome": 4800000,
    "operatingIncomeRatio": 0.2727272727,
    "totalOtherIncomeExpensesNet": 0,
    "incomeBeforeTax": 5800000,
    "incomeBeforeTaxRatio": 0.3295454545,
    "incomeTaxExpense": -5800000,
    "netIncome": 5800000,
    "netIncomeRatio": 0.3295454545,
    "eps": 0.36,
    "epsdiluted": 0.36,
    "weightedAverageShsOut": 13723327,
    "weightedAverageShsOutDil": 13877678,
    "link": "https://www.sec.gov/Archives/edgar/data/1035443/000091205799006281/0000912057-99-006281-index.html",
    "finalLink": "https://www.sec.gov/Archives/edgar/data/1035443/000091205799006281/"
  },
  {
    "date": "1999-06-30",
    "symbol": "ARE",
    "reportedCurrency": "USD",
    "cik": "0001035443",
    "fillingDate": "1999-08-13",
    "acceptedDate": "1999-08-13 00:00:00",
    "calendarYear": "1999",
    "period": "Q2",
    "revenue": 16200000,
    "costOfRevenue": 0,
    "grossProfit": 16200000,
    "grossProfitRatio": 1,
    "researchAndDevelopmentExpenses": 0,
    "generalAndAdministrativeExpenses": 1700000,
    "sellingAndMarketingExpenses": 0,
    "sellingGeneralAndAdministrativeExpenses": 1700000,
    "otherExpenses": 0,
    "operatingExpenses": 1700000,
    "costAndExpenses": 1700000,
    "interestIncome": 400000,
    "interestExpense": 4900000,
    "depreciationAndAmortization": 5800000,
    "ebitda": 10700000,
    "ebitdaratio": 0.6604938272,
    "operatingIncome": 4900000,
    "operatingIncomeRatio": 0.3024691358,
    "totalOtherIncomeExpensesNet": 0,
    "incomeBeforeTax": 5800000,
    "incomeBeforeTaxRatio": 0.3580246914,
    "incomeTaxExpense": -5800000,
    "netIncome": 5800000,
    "netIncomeRatio": 0.3580246914,
    "eps": 0.41,
    "epsdiluted": 0.41,
    "weightedAverageShsOut": 13604031,
    "weightedAverageShsOutDil": 13756007,
    "link": "https://www.sec.gov/Archives/edgar/data/1035443/000104746999031959/0001047469-99-031959-index.html",
    "finalLink": "https://www.sec.gov/Archives/edgar/data/1035443/000104746999031959/"
  },
  {
    "date": "1999-03-31",
    "symbol": "ARE",
    "reportedCurrency": "USD",
    "cik": "0001035443",
    "fillingDate": "1999-05-17",
    "acceptedDate": "1999-05-17 00:00:00",
    "calendarYear": "1999",
    "period": "Q1",
    "revenue": 14600000,
    "costOfRevenue": 0,
    "grossProfit": 14600000,
    "grossProfitRatio": 1,
    "researchAndDevelopmentExpenses": 0,
    "generalAndAdministrativeExpenses": 1300000,
    "sellingAndMarketingExpenses": 0,
    "sellingGeneralAndAdministrativeExpenses": 1300000,
    "otherExpenses": 0,
    "operatingExpenses": 1300000,
    "costAndExpenses": 1300000,
    "interestIncome": 400000,
    "interestExpense": 5000000,
    "depreciationAndAmortization": 5300000,
    "ebitda": 10300000,
    "ebitdaratio": 0.7054794521,
    "operatingIncome": 5000000,
    "operatingIncomeRatio": 0.3424657534,
    "totalOtherIncomeExpensesNet": 0,
    "incomeBeforeTax": 5300000,
    "incomeBeforeTaxRatio": 0.3630136986,
    "incomeTaxExpense": -5300000,
    "netIncome": 5300000,
    "netIncomeRatio": 0.3630136986,
    "eps": 0.41,
    "epsdiluted": 0.4,
    "weightedAverageShsOut": 12926829,
    "weightedAverageShsOutDil": 13250000,
    "link": "https://www.sec.gov/Archives/edgar/data/1035443/000104746999021280/0001047469-99-021280-index.html",
    "finalLink": "https://www.sec.gov/Archives/edgar/data/1035443/"
  },
  {
    "date": "1998-12-31",
    "symbol": "ARE",
    "reportedCurrency": "USD",
    "cik": "0001035443",
    "fillingDate": "1999-03-15",
    "acceptedDate": "1999-03-15 00:00:00",
    "calendarYear": "1998",
    "period": "Q4",
    "revenue": 13500000,
    "costOfRevenue": 0,
    "grossProfit": 13500000,
    "grossProfitRatio": 1,
    "researchAndDevelopmentExpenses": 0,
    "generalAndAdministrativeExpenses": 1300000,
    "sellingAndMarketingExpenses": 0,
    "sellingGeneralAndAdministrativeExpenses": 1300000,
    "otherExpenses": 0,
    "operatingExpenses": 1300000,
    "costAndExpenses": 1300000,
    "interestIncome": 334000,
    "interestExpense": 4834000,
    "depreciationAndAmortization": 4900000,
    "ebitda": 9734000,
    "ebitdaratio": 0.721037037,
    "operatingIncome": 4834000,
    "operatingIncomeRatio": 0.3580740741,
    "totalOtherIncomeExpensesNet": 0,
    "incomeBeforeTax": 4900000,
    "incomeBeforeTaxRatio": 0.362962963,
    "incomeTaxExpense": -4900000,
    "netIncome": 4900000,
    "netIncomeRatio": 0.362962963,
    "eps": 0.75,
    "epsdiluted": 0.74,
    "weightedAverageShsOut": 13025303,
    "weightedAverageShsOutDil": 13163695,
    "link": "https://www.sec.gov/Archives/edgar/data/1035443/000104746999009615/0001047469-99-009615-index.html",
    "finalLink": "https://www.sec.gov/Archives/edgar/data/1035443/"
  },
  {
    "date": "1998-09-30",
    "symbol": "ARE",
    "reportedCurrency": "USD",
    "cik": "0001035443",
    "fillingDate": "1998-11-13",
    "acceptedDate": "1998-11-13 00:00:00",
    "calendarYear": "1998",
    "period": "Q3",
    "revenue": 12200000,
    "costOfRevenue": 0,
    "grossProfit": 12200000,
    "grossProfitRatio": 1,
    "researchAndDevelopmentExpenses": 0,
    "generalAndAdministrativeExpenses": 1000000,
    "sellingAndMarketingExpenses": 0,
    "sellingGeneralAndAdministrativeExpenses": 1000000,
    "otherExpenses": 0,
    "operatingExpenses": 1000000,
    "costAndExpenses": 1000000,
    "interestIncome": 400000,
    "interestExpense": 3600000,
    "depreciationAndAmortization": 5100000,
    "ebitda": 8700000,
    "ebitdaratio": 0.7131147541,
    "operatingIncome": 3600000,
    "operatingIncomeRatio": 0.2950819672,
    "totalOtherIncomeExpensesNet": 0,
    "incomeBeforeTax": 5100000,
    "incomeBeforeTaxRatio": 0.4180327869,
    "incomeTaxExpense": -5100000,
    "netIncome": 5100000,
    "netIncomeRatio": 0.4180327869,
    "eps": 0.41,
    "epsdiluted": 0.4,
    "weightedAverageShsOut": 12439024,
    "weightedAverageShsOutDil": 12750000,
    "link": "https://www.sec.gov/Archives/edgar/data/1035443/000104746998040886/0001047469-98-040886-index.html",
    "finalLink": "https://www.sec.gov/Archives/edgar/data/1035443/"
  },
  {
    "date": "1998-06-30",
    "symbol": "ARE",
    "reportedCurrency": "USD",
    "cik": "0001035443",
    "fillingDate": "1998-08-14",
    "acceptedDate": "1998-08-14 00:00:00",
    "calendarYear": "1998",
    "period": "Q2",
    "revenue": 11700000,
    "costOfRevenue": 0,
    "grossProfit": 11700000,
    "grossProfitRatio": 1,
    "researchAndDevelopmentExpenses": 0,
    "generalAndAdministrativeExpenses": 900000,
    "sellingAndMarketingExpenses": 0,
    "sellingGeneralAndAdministrativeExpenses": 900000,
    "otherExpenses": 0,
    "operatingExpenses": 900000,
    "costAndExpenses": 900000,
    "interestIncome": 300000,
    "interestExpense": 3500000,
    "depreciationAndAmortization": 4700000,
    "ebitda": 8200000,
    "ebitdaratio": 0.7008547009,
    "operatingIncome": 3500000,
    "operatingIncomeRatio": 0.2991452991,
    "totalOtherIncomeExpensesNet": 0,
    "incomeBeforeTax": 4700000,
    "incomeBeforeTaxRatio": 0.4017094017,
    "incomeTaxExpense": -4700000,
    "netIncome": 4700000,
    "netIncomeRatio": 0.4017094017,
    "eps": 0.4,
    "epsdiluted": 0.39,
    "weightedAverageShsOut": 11821664,
    "weightedAverageShsOutDil": 12053983,
    "link": "https://www.sec.gov/Archives/edgar/data/1035443/000104746998031814/0001047469-98-031814-index.html",
    "finalLink": "https://www.sec.gov/Archives/edgar/data/1035443/"
  },
  {
    "date": "1998-03-31",
    "symbol": "ARE",
    "reportedCurrency": "USD",
    "cik": "0001035443",
    "fillingDate": "1998-05-15",
    "acceptedDate": "1998-05-15 00:00:00",
    "calendarYear": "1998",
    "period": "Q1",
    "revenue": 9600000,
    "costOfRevenue": 0,
    "grossProfit": 9600000,
    "grossProfitRatio": 1,
    "researchAndDevelopmentExpenses": 0,
    "generalAndAdministrativeExpenses": 800000,
    "sellingAndMarketingExpenses": 0,
    "sellingGeneralAndAdministrativeExpenses": 800000,
    "otherExpenses": 0,
    "operatingExpenses": 800000,
    "costAndExpenses": 800000,
    "interestIncome": 0,
    "interestExpense": 2100000,
    "depreciationAndAmortization": 4600000,
    "ebitda": 6700000,
    "ebitdaratio": 0.6979166667,
    "operatingIncome": 2100000,
    "operatingIncomeRatio": 0.21875,
    "totalOtherIncomeExpensesNet": 0,
    "incomeBeforeTax": 4600000,
    "incomeBeforeTaxRatio": 0.4791666667,
    "incomeTaxExpense": -4600000,
    "netIncome": 4600000,
    "netIncomeRatio": 0.4791666667,
    "eps": 0.41,
    "epsdiluted": 0.4,
    "weightedAverageShsOut": 11404631,
    "weightedAverageShsOutDil": 11652772,
    "link": "https://www.sec.gov/Archives/edgar/data/1035443/000104746998020540/0001047469-98-020540-index.html",
    "finalLink": "https://www.sec.gov/Archives/edgar/data/1035443/"
  },
  {
    "date": "1997-12-31",
    "symbol": "ARE",
    "reportedCurrency": "USD",
    "cik": "0001035443",
    "fillingDate": "1998-03-31",
    "acceptedDate": "1998-03-31 00:00:00",
    "calendarYear": "1997",
    "period": "Q4",
    "revenue": 9000000,
    "costOfRevenue": 0,
    "grossProfit": 9000000,
    "grossProfitRatio": 1,
    "researchAndDevelopmentExpenses": 0,
    "generalAndAdministrativeExpenses": 700000,
    "sellingAndMarketingExpenses": 0,
    "sellingGeneralAndAdministrativeExpenses": 700000,
    "otherExpenses": 0,
    "operatingExpenses": 700000,
    "costAndExpenses": 700000,
    "interestIncome": 0,
    "interestExpense": 1200000,
    "depreciationAndAmortization": 4200000,
    "ebitda": 5400000,
    "ebitdaratio": 0.6,
    "operatingIncome": 1200000,
    "operatingIncomeRatio": 0.1333333333,
    "totalOtherIncomeExpensesNet": 0,
    "incomeBeforeTax": 4200000,
    "incomeBeforeTaxRatio": 0.4666666667,
    "incomeTaxExpense": -4200000,
    "netIncome": 4200000,
    "netIncomeRatio": 0.4666666667,
    "eps": 0.74,
    "epsdiluted": 0.72,
    "weightedAverageShsOut": 11404631,
    "weightedAverageShsOutDil": 11652772,
    "link": "https://www.sec.gov/Archives/edgar/data/1035443/000104746998013095/0001047469-98-013095-index.html",
    "finalLink": "https://www.sec.gov/Archives/edgar/data/1035443/"
  },
  {
    "date": "1997-09-30",
    "symbol": "ARE",
    "reportedCurrency": "USD",
    "cik": "0001035443",
    "fillingDate": "1997-11-14",
    "acceptedDate": "1997-11-14 00:00:00",
    "calendarYear": "1997",
    "period": "Q3",
    "revenue": 8500000,
    "costOfRevenue": 0,
    "grossProfit": 8500000,
    "grossProfitRatio": 1,
    "researchAndDevelopmentExpenses": 0,
    "generalAndAdministrativeExpenses": 600000,
    "sellingAndMarketingExpenses": 0,
    "sellingGeneralAndAdministrativeExpenses": 600000,
    "otherExpenses": 0,
    "operatingExpenses": 600000,
    "costAndExpenses": 600000,
    "interestIncome": 300000,
    "interestExpense": 1200000,
    "depreciationAndAmortization": 4100000,
    "ebitda": 5300000,
    "ebitdaratio": 0.6235294118,
    "operatingIncome": 1200000,
    "operatingIncomeRatio": 0.1411764706,
    "totalOtherIncomeExpensesNet": 0,
    "incomeBeforeTax": 4100000,
    "incomeBeforeTaxRatio": 0.4823529412,
    "incomeTaxExpense": -4100000,
    "netIncome": 4100000,
    "netIncomeRatio": 0.4823529412,
    "eps": 0.36,
    "epsdiluted": 0.36,
    "weightedAverageShsOut": 11388889,
    "weightedAverageShsOutDil": 11388889,
    "link": "https://www.sec.gov/Archives/edgar/data/1035443/000104746997004812/0001047469-97-004812-index.html",
    "finalLink": "https://www.sec.gov/Archives/edgar/data/1035443/"
  },
  {
    "date": "1997-06-30",
    "symbol": "ARE",
    "reportedCurrency": "USD",
    "cik": "0001035443",
    "fillingDate": "1997-08-14",
    "acceptedDate": "1997-08-14 00:00:00",
    "calendarYear": "1997",
    "period": "Q2",
    "revenue": 5600000,
    "costOfRevenue": 0,
    "grossProfit": 5600000,
    "grossProfitRatio": 1,
    "researchAndDevelopmentExpenses": 0,
    "generalAndAdministrativeExpenses": 600000,
    "sellingAndMarketingExpenses": 0,
    "sellingGeneralAndAdministrativeExpenses": 600000,
    "otherExpenses": 0,
    "operatingExpenses": 600000,
    "costAndExpenses": 600000,
    "interestIncome": 0,
    "interestExpense": 2100000,
    "depreciationAndAmortization": -10900000,
    "ebitda": -8800000,
    "ebitdaratio": -1.5714285714,
    "operatingIncome": 2100000,
    "operatingIncomeRatio": 0.375,
    "totalOtherIncomeExpensesNet": -15900000,
    "incomeBeforeTax": -10900000,
    "incomeBeforeTaxRatio": -1.9464285714,
    "incomeTaxExpense": 10900000,
    "netIncome": -10900000,
    "netIncomeRatio": -1.9464285714,
    "eps": -1.79,
    "epsdiluted": -1.79,
    "weightedAverageShsOut": 6098381,
    "weightedAverageShsOutDil": 6098381,
    "link": "https://www.sec.gov/Archives/edgar/data/1035443/000089843097003430/0000898430-97-003430-index.html",
    "finalLink": "https://www.sec.gov/Archives/edgar/data/1035443/"
  },
  {
    "date": "1997-03-31",
    "symbol": "ARE",
    "reportedCurrency": "USD",
    "cik": "0001035443",
    "fillingDate": "1997-03-31",
    "acceptedDate": "1997-03-31 00:00:00",
    "calendarYear": "1997",
    "period": "Q1",
    "revenue": 4700000,
    "costOfRevenue": 0,
    "grossProfit": 4700000,
    "grossProfitRatio": 1,
    "researchAndDevelopmentExpenses": 0,
    "generalAndAdministrativeExpenses": 600000,
    "sellingAndMarketingExpenses": 0,
    "sellingGeneralAndAdministrativeExpenses": 600000,
    "otherExpenses": 0,
    "operatingExpenses": 600000,
    "costAndExpenses": 600000,
    "interestIncome": 0,
    "interestExpense": 2500000,
    "depreciationAndAmortization": 1100000,
    "ebitda": 0,
    "ebitdaratio": 0,
    "operatingIncome": 2400000,
    "operatingIncomeRatio": 0.5106382979,
    "totalOtherIncomeExpensesNet": -2500000,
    "incomeBeforeTax": -100000,
    "incomeBeforeTaxRatio": -0.0212765957,
    "incomeTaxExpense": 0,
    "netIncome": -100000,
    "netIncomeRatio": -0.0212765957,
    "eps": -0.0275,
    "epsdiluted": -0.0275,
    "weightedAverageShsOut": 3642131,
    "weightedAverageShsOutDil": 3642131,
    "link": null,
    "finalLink": null
  }
]