[
  {
    "date": "2024-12-31",
    "symbol": "ARE",
    "reportedCurrency": "USD",
    "cik": "0001035443",
    "fillingDate": "2025-01-27",
    "acceptedDate": "2025-01-27 16:06:28",
    "calendarYear": "2024",
    "period": "FY",
    "revenue": 3049706000,
    "costOfRevenue": 909265000,
    "grossProfit": 2140441000,
    "grossProfitRatio": 0.7018515883,
    "researchAndDevelopmentExpenses": 0,
    "generalAndAdministrativeExpenses": 168359000,
    "sellingAndMarketingExpenses": 0,
    "sellingGeneralAndAdministrativeExpenses": 168359000,
    "otherExpenses": 1202380000,
    "operatingExpenses": 1370739000,
    "costAndExpenses": 2280004000,
    "interestIncome": 0,
    "interestExpense": 185838000,
    "depreciationAndAmortization": 1202380000,
    "ebitda": 1898951000,
    "ebitdaratio": 0.6226669063,
    "operatingIncome": 769702000,
    "operatingIncomeRatio": 0.2523856398,
    "totalOtherIncomeExpensesNet": -258969000,
    "incomeBeforeTax": 510733000,
    "incomeBeforeTaxRatio": 0.1674695856,
    "incomeTaxExpense": 0,
    "netIncome": 322949000,
    "netIncomeRatio": 0.1058951256,
    "eps": 1.8,
    "epsdiluted": 1.8,
    "weightedAverageShsOut": 172071000,
    "weightedAverageShsOutDil": 172071000,
    "link": "https://www.sec.gov/Archives/edgar/data/1035443/000103544325000067/0001035443-25-000067-index.htm",
    "finalLink": "https://www.sec.gov/Archives/edgar/data/1035443/000103544325000067/are-20241231.htm"
  },
  {
    "date": "2023-12-31",
    "symbol": "ARE",
    "reportedCurrency": "USD",
    "cik": "0001035443",
    "fillingDate": "2024-01-29",
    "acceptedDate": "2024-01-29 16:07:08",
    "calendarYear": "2023",
    "period": "FY",
    "revenue": 2842456000,
    "costOfRevenue": 859180000,
    "grossProfit": 1983276000,
    "grossProfitRatio": 0.6977332279,
    "researchAndDevelopmentExpenses": 0,
    "generalAndAdministrativeExpenses": 199354000,
    "sellingAndMarketingExpenses": 0,
    "sellingGeneralAndAdministrativeExpenses": 199354000,
    "otherExpenses": 1093473000,
    "operatingExpenses": 1292827000,
    "costAndExpenses": 2152007000,
    "interestIncome": 0,
    "interestExpense": 74204000,
    "depreciationAndAmortization": 1093473000,
    "ebitda": 1448671000,
    "ebitdaratio": 0.5096546789,
    "operatingIncome": 690449000,
    "operatingIncomeRatio": 0.2429057829,
    "totalOtherIncomeExpensesNet": -409455000,
    "incomeBeforeTax": 280994000,
    "incomeBeforeTaxRatio": 0.0988560597,
    "incomeTaxExpense": 0,
    "netIncome": 103639000,
    "netIncomeRatio": 0.0364610745,
    "eps": 0.54,
    "epsdiluted": 0.54,
    "weightedAverageShsOut": 170909000,
    "weightedAverageShsOutDil": 170909000,
    "link": "https://www.sec.gov/Archives/edgar/data/1035443/000103544324000072/0001035443-24-000072-index.htm",
    "finalLink": "https://www.sec.gov/Archives/edgar/data/1035443/000103544324000072/are-20231231.htm"
  },
  {
    "date": "2022-12-31",
    "symbol": "ARE",
    "reportedCurrency": "USD",
    "cik": "0001035443",
    "fillingDate": "2023-01-30",
    "acceptedDate": "2023-01-30 16:17:25",
    "calendarYear": "2022",
    "period": "FY",
    "revenue": 2588962000,
    "costOfRevenue": 783153000,
    "grossProfit": 1805809000,
    "grossProfitRatio": 0.697503092,
    "researchAndDevelopmentExpenses": 0,
    "generalAndAdministrativeExpenses": 177278000,
    "sellingAndMarketingExpenses": 0,
    "sellingGeneralAndAdministrativeExpenses": 177278000,
    "otherExpenses": 1002146000,
    "operatingExpenses": 1179424000,
    "costAndExpenses": 1962577000,
    "interestIncome": 0,
    "interestExpense": 94203000,
    "depreciationAndAmortization": 2374770000,
    "ebitda": 1629176000,
    "ebitdaratio": 0.6292776796,
    "operatingIncome": 627030000,
    "operatingIncomeRatio": 0.2421935896,
    "totalOtherIncomeExpensesNet": 907943000,
    "incomeBeforeTax": 670701000,
    "incomeBeforeTaxRatio": 0.2590617398,
    "incomeTaxExpense": 94203000,
    "netIncome": 521660000,
    "netIncomeRatio": 0.2014938806,
    "eps": 3.18,
    "epsdiluted": 3.18,
    "weightedAverageShsOut": 161659000,
    "weightedAverageShsOutDil": 161659000,
    "link": "https://www.sec.gov/Archives/edgar/data/1035443/000103544323000099/0001035443-23-000099-index.htm",
    "finalLink": "https://www.sec.gov/Archives/edgar/data/1035443/000103544323000099/are-20221231.htm"
  },
  {
    "date": "2021-12-31",
    "symbol": "ARE",
    "reportedCurrency": "USD",
    "cik": "0001035443",
    "fillingDate": "2022-01-31",
    "acceptedDate": "2022-01-31 16:07:33",
    "calendarYear": "2021",
    "period": "FY",
    "revenue": 2114150000,
    "costOfRevenue": 623555000,
    "grossProfit": 1490595000,
    "grossProfitRatio": 0.7050564056,
    "researchAndDevelopmentExpenses": 0,
    "generalAndAdministrativeExpenses": 151461000,
    "sellingAndMarketingExpenses": 0,
    "sellingGeneralAndAdministrativeExpenses": 151461000,
    "otherExpenses": 821061000,
    "operatingExpenses": 972522000,
    "costAndExpenses": 1596077000,
    "interestIncome": 117312000,
    "interestExpense": 142165000,
    "depreciationAndAmortization": 1552445000,
    "ebitda": 1351389000,
    "ebitdaratio": 0.6392115034,
    "operatingIncome": 530328000,
    "operatingIncomeRatio": 0.2508469125,
    "totalOtherIncomeExpensesNet": 678896000,
    "incomeBeforeTax": 654282000,
    "incomeBeforeTaxRatio": 0.3094775678,
    "incomeTaxExpense": 237455000,
    "netIncome": 416827000,
    "netIncomeRatio": 0.197160561,
    "eps": 2.84,
    "epsdiluted": 2.83,
    "weightedAverageShsOut": 146921000,
    "weightedAverageShsOutDil": 147460000,
    "link": "https://www.sec.gov/Archives/edgar/data/1035443/000103544322000040/0001035443-22-000040-index.htm",
    "finalLink": "https://www.sec.gov/Archives/edgar/data/1035443/000103544322000040/are-20211231.htm"
  },
  {
    "date": "2020-12-31",
    "symbol": "ARE",
    "reportedCurrency": "USD",
    "cik": "0001035443",
    "fillingDate": "2021-02-01",
    "acceptedDate": "2021-02-01 16:07:31",
    "calendarYear": "2020",
    "period": "FY",
    "revenue": 1885637000,
    "costOfRevenue": 530224000,
    "grossProfit": 1355413000,
    "grossProfitRatio": 0.7188090815,
    "researchAndDevelopmentExpenses": 0,
    "generalAndAdministrativeExpenses": 133341000,
    "sellingAndMarketingExpenses": 0,
    "sellingGeneralAndAdministrativeExpenses": 133341000,
    "otherExpenses": 698104000,
    "operatingExpenses": 831445000,
    "costAndExpenses": 1361669000,
    "interestIncome": 249712000,
    "interestExpense": 171609000,
    "depreciationAndAmortization": 987636000,
    "ebitda": 1230220000,
    "ebitdaratio": 0.6524161331,
    "operatingIncome": 532116000,
    "operatingIncomeRatio": 0.282194293,
    "totalOtherIncomeExpensesNet": 526495000,
    "incomeBeforeTax": 827171000,
    "incomeBeforeTaxRatio": 0.4386692667,
    "incomeTaxExpense": 235969000,
    "netIncome": 591202000,
    "netIncomeRatio": 0.3135290621,
    "eps": 4.69,
    "epsdiluted": 4.67,
    "weightedAverageShsOut": 126106000,
    "weightedAverageShsOutDil": 126490000,
    "link": "https://www.sec.gov/Archives/edgar/data/1035443/000103544321000044/0001035443-21-000044-index.htm",
    "finalLink": "https://www.sec.gov/Archives/edgar/data/1035443/000103544321000044/are-20201231.htm"
  },
  {
    "date": "2019-12-31",
    "symbol": "ARE",
    "reportedCurrency": "USD",
    "cik": "0001035443",
    "fillingDate": "2020-02-04",
    "acceptedDate": "2020-02-04 16:15:46",
    "calendarYear": "2019",
    "period": "FY",
    "revenue": 1531296000,
    "costOfRevenue": 445492000,
    "grossProfit": 1085804000,
    "grossProfitRatio": 0.7090751886,
    "researchAndDevelopmentExpenses": 0,
    "generalAndAdministrativeExpenses": 108823000,
    "sellingAndMarketingExpenses": 0,
    "sellingGeneralAndAdministrativeExpenses": 108823000,
    "otherExpenses": 544612000,
    "operatingExpenses": 653435000,
    "costAndExpenses": 1098927000,
    "interestIncome": 20972000,
    "interestExpense": 173675000,
    "depreciationAndAmortization": 1022550000,
    "ebitda": 1498649000,
    "ebitdaratio": 0.9786801507,
    "operatingIncome": 442505000,
    "operatingIncomeRatio": 0.2889741761,
    "totalOtherIncomeExpensesNet": -104699000,
    "incomeBeforeTax": 404047000,
    "incomeBeforeTaxRatio": 0.263859502,
    "incomeTaxExpense": 224693000,
    "netIncome": 179354000,
    "netIncomeRatio": 0.1171256243,
    "eps": 1.6,
    "epsdiluted": 1.59,
    "weightedAverageShsOut": 112204000,
    "weightedAverageShsOutDil": 112524000,
    "link": "https://www.sec.gov/Archives/edgar/data/1035443/000103544320000042/0001035443-20-000042-index.htm",
    "finalLink": "https://www.sec.gov/Archives/edgar/data/1035443/000103544320000042/a4q1910-k.htm"
  },
  {
    "date": "2018-12-31",
    "symbol": "ARE",
    "reportedCurrency": "USD",
    "cik": "0001035443",
    "fillingDate": "2019-02-05",
    "acceptedDate": "2019-02-05 16:11:51",
    "calendarYear": "2018",
    "period": "FY",
    "revenue": 1327459000,
    "costOfRevenue": 381120000,
    "grossProfit": 946339000,
    "grossProfitRatio": 0.7128950875,
    "researchAndDevelopmentExpenses": 0,
    "generalAndAdministrativeExpenses": 90405000,
    "sellingAndMarketingExpenses": 0,
    "sellingGeneralAndAdministrativeExpenses": 90405000,
    "otherExpenses": 477661000,
    "operatingExpenses": 568066000,
    "costAndExpenses": 949186000,
    "interestIncome": 0,
    "interestExpense": 157495000,
    "depreciationAndAmortization": 940827000,
    "ebitda": 899915000,
    "ebitdaratio": 0.6779230093,
    "operatingIncome": 422254000,
    "operatingIncomeRatio": 0.3180919335,
    "totalOtherIncomeExpensesNet": -460683000,
    "incomeBeforeTax": 402793000,
    "incomeBeforeTaxRatio": 0.3034315937,
    "incomeTaxExpense": -114553000,
    "netIncome": 517346000,
    "netIncomeRatio": 0.3897265377,
    "eps": 5.02,
    "epsdiluted": 5.01,
    "weightedAverageShsOut": 103010000,
    "weightedAverageShsOutDil": 103321000,
    "link": "https://www.sec.gov/Archives/edgar/data/1035443/000103544319000041/0001035443-19-000041-index.htm",
    "finalLink": "https://www.sec.gov/Archives/edgar/data/1035443/000103544319000041/a4q1810k.htm"
  },
  {
    "date": "2017-12-31",
    "symbol": "ARE",
    "reportedCurrency": "USD",
    "cik": "0001035443",
    "fillingDate": "2018-01-30",
    "acceptedDate": "2018-01-30 16:32:38",
    "calendarYear": "2017",
    "period": "FY",
    "revenue": 1124511000,
    "costOfRevenue": 325609000,
    "grossProfit": 798902000,
    "grossProfitRatio": 0.7104439174,
    "researchAndDevelopmentExpenses": 0,
    "generalAndAdministrativeExpenses": 75009000,
    "sellingAndMarketingExpenses": 0,
    "sellingGeneralAndAdministrativeExpenses": 75009000,
    "otherExpenses": 416783000,
    "operatingExpenses": 491792000,
    "costAndExpenses": 817401000,
    "interestIncome": 2257000,
    "interestExpense": 128645000,
    "depreciationAndAmortization": 887824000,
    "ebitda": 610876000,
    "ebitdaratio": 0.5432370159,
    "operatingIncome": 180722000,
    "operatingIncomeRatio": 0.1607116338,
    "totalOtherIncomeExpensesNet": -534595000,
    "incomeBeforeTax": 194204000,
    "incomeBeforeTaxRatio": 0.1727008451,
    "incomeTaxExpense": 25111000,
    "netIncome": 169093000,
    "netIncomeRatio": 0.1503702498,
    "eps": 1.59,
    "epsdiluted": 1.58,
    "weightedAverageShsOut": 91546000,
    "weightedAverageShsOutDil": 92063000,
    "link": "https://www.sec.gov/Archives/edgar/data/1035443/000103544318000028/0001035443-18-000028-index.htm",
    "finalLink": "https://www.sec.gov/Archives/edgar/data/1035443/000103544318000028/a4q1710k.htm"
  },
  {
    "date": "2016-12-31",
    "symbol": "ARE",
    "reportedCurrency": "USD",
    "cik": "0001035443",
    "fillingDate": "2017-01-31",
    "acceptedDate": "2017-01-31 17:25:23",
    "calendarYear": "2016",
    "period": "FY",
    "revenue": 897893000,
    "costOfRevenue": 278408000,
    "grossProfit": 619485000,
    "grossProfitRatio": 0.6899318738,
    "researchAndDevelopmentExpenses": 0,
    "generalAndAdministrativeExpenses": 63884000,
    "sellingAndMarketingExpenses": 0,
    "sellingGeneralAndAdministrativeExpenses": 63884000,
    "otherExpenses": 313390000,
    "operatingExpenses": 377274000,
    "costAndExpenses": 655682000,
    "interestIncome": 6680000,
    "interestExpense": 106953000,
    "depreciationAndAmortization": 655682000,
    "ebitda": 263501000,
    "ebitdaratio": 0.2934659252,
    "operatingIncome": 41052000,
    "operatingIncomeRatio": 0.0457203698,
    "totalOtherIncomeExpensesNet": -315823000,
    "incomeBeforeTax": -49799000,
    "incomeBeforeTaxRatio": -0.0554620651,
    "incomeTaxExpense": 16102000,
    "netIncome": -65901000,
    "netIncomeRatio": -0.0733951596,
    "eps": -0.87,
    "epsdiluted": -0.87,
    "weightedAverageShsOut": 75950251,
    "weightedAverageShsOutDil": 76103000,
    "link": "https://www.sec.gov/Archives/edgar/data/1035443/000103544317000022/0001035443-17-000022-index.htm",
    "finalLink": "https://www.sec.gov/Archives/edgar/data/1035443/000103544317000022/a4q1610k.htm"
  },
  {
    "date": "2015-12-31",
    "symbol": "ARE",
    "reportedCurrency": "USD",
    "cik": "0001035443",
    "fillingDate": "2016-02-03",
    "acceptedDate": "2016-02-02 21:39:20",
    "calendarYear": "2015",
    "period": "FY",
    "revenue": 819554000,
    "costOfRevenue": 261232000,
    "grossProfit": 558322000,
    "grossProfitRatio": 0.6812510219,
    "researchAndDevelopmentExpenses": 0,
    "generalAndAdministrativeExpenses": 59621000,
    "sellingAndMarketingExpenses": 0,
    "sellingGeneralAndAdministrativeExpenses": 59621000,
    "otherExpenses": 261289000,
    "operatingExpenses": 320910000,
    "costAndExpenses": 582142000,
    "interestIncome": 4978000,
    "interestExpense": 105813000,
    "depreciationAndAmortization": 261289000,
    "ebitda": 407446000,
    "ebitdaratio": 0.4971557701,
    "operatingIncome": 136577000,
    "operatingIncomeRatio": 0.1666479573,
    "totalOtherIncomeExpensesNet": -115175000,
    "incomeBeforeTax": 146157000,
    "incomeBeforeTaxRatio": 0.178337242,
    "incomeTaxExpense": 1940000,
    "netIncome": 144217000,
    "netIncomeRatio": 0.1759701008,
    "eps": 1.63,
    "epsdiluted": 1.63,
    "weightedAverageShsOut": 71529000,
    "weightedAverageShsOutDil": 71529000,
    "link": "https://www.sec.gov/Archives/edgar/data/1035443/000103544316000136/0001035443-16-000136-index.htm",
    "finalLink": "https://www.sec.gov/Archives/edgar/data/1035443/000103544316000136/a4q1510k.htm"
  },
  {
    "date": "2014-12-31",
    "symbol": "ARE",
    "reportedCurrency": "USD",
    "cik": "0001035443",
    "fillingDate": "2015-02-24",
    "acceptedDate": "2015-02-23 17:36:23",
    "calendarYear": "2014",
    "period": "FY",
    "revenue": 726877000,
    "costOfRevenue": 219164000,
    "grossProfit": 507713000,
    "grossProfitRatio": 0.6984854384,
    "researchAndDevelopmentExpenses": 0,
    "generalAndAdministrativeExpenses": 53530000,
    "sellingAndMarketingExpenses": 0,
    "sellingGeneralAndAdministrativeExpenses": 53530000,
    "otherExpenses": 224096000,
    "operatingExpenses": 277626000,
    "costAndExpenses": 496790000,
    "interestIncome": 4157000,
    "interestExpense": 79299000,
    "depreciationAndAmortization": 224096000,
    "ebitda": 323238000,
    "ebitdaratio": 0.4446942192,
    "operatingIncome": 180873000,
    "operatingIncomeRatio": 0.2488357728,
    "totalOtherIncomeExpensesNet": -45243000,
    "incomeBeforeTax": 105545000,
    "incomeBeforeTaxRatio": 0.1452033838,
    "incomeTaxExpense": 3971000,
    "netIncome": 101574000,
    "netIncomeRatio": 0.1397402862,
    "eps": 1.01,
    "epsdiluted": 1.01,
    "weightedAverageShsOut": 71170000,
    "weightedAverageShsOutDil": 71170000,
    "link": "https://www.sec.gov/Archives/edgar/data/1035443/000103544315000018/0001035443-15-000018-index.htm",
    "finalLink": "https://www.sec.gov/Archives/edgar/data/1035443/000103544315000018/a4q14-10xk.htm"
  },
  {
    "date": "2013-12-31",
    "symbol": "ARE",
    "reportedCurrency": "USD",
    "cik": "0001035443",
    "fillingDate": "2014-03-03",
    "acceptedDate": "2014-02-28 17:48:48",
    "calendarYear": "2013",
    "period": "FY",
    "revenue": 631151000,
    "costOfRevenue": 189039000,
    "grossProfit": 442112000,
    "grossProfitRatio": 0.7004853038,
    "researchAndDevelopmentExpenses": 0,
    "generalAndAdministrativeExpenses": 48520000,
    "sellingAndMarketingExpenses": 0,
    "sellingGeneralAndAdministrativeExpenses": 48520000,
    "otherExpenses": 189123000,
    "operatingExpenses": 237643000,
    "costAndExpenses": 426682000,
    "interestIncome": 4589000,
    "interestExpense": 67952000,
    "depreciationAndAmortization": 189123000,
    "ebitda": 323648000,
    "ebitdaratio": 0.5127901247,
    "operatingIncome": 130947000,
    "operatingIncomeRatio": 0.2074733305,
    "totalOtherIncomeExpensesNet": 4824000,
    "incomeBeforeTax": 139349000,
    "incomeBeforeTaxRatio": 0.2207855173,
    "incomeTaxExpense": 3132000,
    "netIncome": 136217000,
    "netIncomeRatio": 0.2158231548,
    "eps": 1.6,
    "epsdiluted": 1.6,
    "weightedAverageShsOut": 68038000,
    "weightedAverageShsOutDil": 68038000,
    "link": "https://www.sec.gov/Archives/edgar/data/1035443/000103544314000013/0001035443-14-000013-index.htm",
    "finalLink": "https://www.sec.gov/Archives/edgar/data/1035443/000103544314000013/are-20131231x10k.htm"
  },
  {
    "date": "2012-12-31",
    "symbol": "ARE",
    "reportedCurrency": "USD",
    "cik": "0001035443",
    "fillingDate": "2013-02-26",
    "acceptedDate": "2013-02-25 20:46:52",
    "calendarYear": "2012",
    "period": "FY",
    "revenue": 586073000,
    "costOfRevenue": 174523000,
    "grossProfit": 411550000,
    "grossProfitRatio": 0.7022162768,
    "researchAndDevelopmentExpenses": 0,
    "generalAndAdministrativeExpenses": 47795000,
    "sellingAndMarketingExpenses": 0,
    "sellingGeneralAndAdministrativeExpenses": 47795000,
    "otherExpenses": 188850000,
    "operatingExpenses": 236645000,
    "costAndExpenses": 411168000,
    "interestIncome": 3375000,
    "interestExpense": 69184000,
    "depreciationAndAmortization": 188850000,
    "ebitda": 290296000,
    "ebitdaratio": 0.4953239613,
    "operatingIncome": 103424000,
    "operatingIncomeRatio": 0.1764694842,
    "totalOtherIncomeExpensesNet": -4734000,
    "incomeBeforeTax": 91910000,
    "incomeBeforeTaxRatio": 0.1568234674,
    "incomeTaxExpense": -10216000,
    "netIncome": 102126000,
    "netIncomeRatio": 0.174254743,
    "eps": 1.09,
    "epsdiluted": 1.09,
    "weightedAverageShsOut": 62159913,
    "weightedAverageShsOutDil": 62160244,
    "link": "https://www.sec.gov/Archives/edgar/data/1035443/000110465913014040/0001104659-13-014040-index.htm",
    "finalLink": "https://www.sec.gov/Archives/edgar/data/1035443/000110465913014040/a12-28254_110k.htm"
  },
  {
    "date": "2011-12-31",
    "symbol": "ARE",
    "reportedCurrency": "USD",
    "cik": "0001035443",
    "fillingDate": "2012-02-21",
    "acceptedDate": "2012-02-21 09:16:33",
    "calendarYear": "2011",
    "period": "FY",
    "revenue": 510036000,
    "costOfRevenue": 168627000,
    "grossProfit": 341409000,
    "grossProfitRatio": 0.6693821613,
    "researchAndDevelopmentExpenses": 0,
    "generalAndAdministrativeExpenses": 209790000,
    "sellingAndMarketingExpenses": 0,
    "sellingGeneralAndAdministrativeExpenses": 209790000,
    "otherExpenses": 6485000,
    "operatingExpenses": 216275000,
    "costAndExpenses": 216275000,
    "interestIncome": 850000,
    "interestExpense": 63407000,
    "depreciationAndAmortization": 157526000,
    "ebitda": 293761000,
    "ebitdaratio": 0.5759613047,
    "operatingIncome": 194825000,
    "operatingIncomeRatio": 0.3819828404,
    "totalOtherIncomeExpensesNet": -66905000,
    "incomeBeforeTax": 131418000,
    "incomeBeforeTaxRatio": 0.2576641649,
    "incomeTaxExpense": -131418000,
    "netIncome": 131418000,
    "netIncomeRatio": 0.2576641649,
    "eps": 1.73,
    "epsdiluted": 1.73,
    "weightedAverageShsOut": 59066812,
    "weightedAverageShsOutDil": 59077610,
    "link": "https://www.sec.gov/Archives/edgar/data/1035443/000110465912011131/0001104659-12-011131-index.htm",
    "finalLink": "https://www.sec.gov/Archives/edgar/data/1035443/000110465912011131/a11-32209_110k.htm"
  },
  {
    "date": "2010-12-31",
    "symbol": "ARE",
    "reportedCurrency": "USD",
    "cik": "0001035443",
    "fillingDate": "2011-03-01",
    "acceptedDate": "2011-03-01 16:31:11",
    "calendarYear": "2010",
    "period": "FY",
    "revenue": 487303000,
    "costOfRevenue": 132278000,
    "grossProfit": 355025000,
    "grossProfitRatio": 0.7285508195,
    "researchAndDevelopmentExpenses": 0,
    "generalAndAdministrativeExpenses": 166668000,
    "sellingAndMarketingExpenses": 0,
    "sellingGeneralAndAdministrativeExpenses": 166668000,
    "otherExpenses": 112332000,
    "operatingExpenses": 166668000,
    "costAndExpenses": 166668000,
    "interestIncome": 750000,
    "interestExpense": 69642000,
    "depreciationAndAmortization": 126539000,
    "ebitda": 205825000,
    "ebitdaratio": 0.4223758114,
    "operatingIncome": 204935000,
    "operatingIncomeRatio": 0.4205494323,
    "totalOtherIncomeExpensesNet": -99677000,
    "incomeBeforeTax": 135293000,
    "incomeBeforeTaxRatio": 0.2776362961,
    "incomeTaxExpense": -135293000,
    "netIncome": 135293000,
    "netIncomeRatio": 0.2776362961,
    "eps": 2.19,
    "epsdiluted": 2.19,
    "weightedAverageShsOut": 48375474,
    "weightedAverageShsOutDil": 48405040,
    "link": "https://www.sec.gov/Archives/edgar/data/1035443/000110465911011479/0001104659-11-011479-index.htm",
    "finalLink": "https://www.sec.gov/Archives/edgar/data/1035443/000110465911011479/a10-23320_110k.htm"
  },
  {
    "date": "2009-12-31",
    "symbol": "ARE",
    "reportedCurrency": "USD",
    "cik": "0001035443",
    "fillingDate": "2010-03-01",
    "acceptedDate": "2010-03-01 16:37:36",
    "calendarYear": "2009",
    "period": "FY",
    "revenue": 491394000,
    "costOfRevenue": 120494000,
    "grossProfit": 370900000,
    "grossProfitRatio": 0.7547914708,
    "researchAndDevelopmentExpenses": 0,
    "generalAndAdministrativeExpenses": 156784000,
    "sellingAndMarketingExpenses": 0,
    "sellingGeneralAndAdministrativeExpenses": 156784000,
    "otherExpenses": 119216000,
    "operatingExpenses": 156784000,
    "costAndExpenses": 156784000,
    "interestIncome": 0,
    "interestExpense": 81271000,
    "depreciationAndAmortization": 116909000,
    "ebitda": 323356000,
    "ebitdaratio": 0.6580381527,
    "operatingIncome": 215872000,
    "operatingIncomeRatio": 0.4393053232,
    "totalOtherIncomeExpensesNet": -31456000,
    "incomeBeforeTax": 134601000,
    "incomeBeforeTaxRatio": 0.2739166534,
    "incomeTaxExpense": -134601000,
    "netIncome": 134601000,
    "netIncomeRatio": 0.2739166534,
    "eps": 2.72,
    "epsdiluted": 2.72,
    "weightedAverageShsOut": 38593382,
    "weightedAverageShsOutDil": 38593382,
    "link": "https://www.sec.gov/Archives/edgar/data/1035443/000110465910010792/0001104659-10-010792-index.htm",
    "finalLink": "https://www.sec.gov/Archives/edgar/data/1035443/000110465910010792/a10-1589_110k.htm"
  },
  {
    "date": "2008-12-31",
    "symbol": "ARE",
    "reportedCurrency": "USD",
    "cik": "0001035443",
    "fillingDate": "2009-02-17",
    "acceptedDate": "2009-02-17 06:31:26",
    "calendarYear": "2008",
    "period": "FY",
    "revenue": -78791000,
    "costOfRevenue": 114543000,
    "grossProfit": -193334000,
    "grossProfitRatio": 2.4537574088,
    "researchAndDevelopmentExpenses": 0,
    "generalAndAdministrativeExpenses": 34796000,
    "sellingAndMarketingExpenses": 0,
    "sellingGeneralAndAdministrativeExpenses": 34796000,
    "otherExpenses": 106661000,
    "operatingExpenses": 149339000,
    "costAndExpenses": 149339000,
    "interestIncome": 0,
    "interestExpense": 78791000,
    "depreciationAndAmortization": 108233000,
    "ebitda": 311839000,
    "ebitdaratio": -3.9577997487,
    "operatingIncome": 201660000,
    "operatingIncomeRatio": -2.5594293765,
    "totalOtherIncomeExpensesNet": -91641000,
    "incomeBeforeTax": 122869000,
    "incomeBeforeTaxRatio": -1.5594293765,
    "incomeTaxExpense": -122869000,
    "netIncome": 116298000,
    "netIncomeRatio": -1.4760315264,
    "eps": 3.12,
    "epsdiluted": 3.09,
    "weightedAverageShsOut": 31653829,
    "weightedAverageShsOutDil": 31907956,
    "link": "https://www.sec.gov/Archives/edgar/data/1035443/000110465909009784/0001104659-09-009784-index.htm",
    "finalLink": "https://www.sec.gov/Archives/edgar/data/1035443/000110465909009784/a09-1729_110k.htm"
  },
  {
    "date": "2007-12-31",
    "symbol": "ARE",
    "reportedCurrency": "USD",
    "cik": "0001035443",
    "fillingDate": "2008-02-29",
    "acceptedDate": "2008-02-28 21:45:51",
    "calendarYear": "2007",
    "period": "FY",
    "revenue": 316973000,
    "costOfRevenue": 99210000,
    "grossProfit": 217763000,
    "grossProfitRatio": 0.6870080417,
    "researchAndDevelopmentExpenses": 0,
    "generalAndAdministrativeExpenses": 32456000,
    "sellingAndMarketingExpenses": 0,
    "sellingGeneralAndAdministrativeExpenses": 32456000,
    "otherExpenses": 187544000,
    "operatingExpenses": 32456000,
    "costAndExpenses": 32456000,
    "interestIncome": 0,
    "interestExpense": 88387000,
    "depreciationAndAmortization": 95272000,
    "ebitda": 274553000,
    "ebitdaratio": 0.8661715667,
    "operatingIncome": 182111000,
    "operatingIncomeRatio": 0.5745315847,
    "totalOtherIncomeExpensesNet": -76600000,
    "incomeBeforeTax": 93724000,
    "incomeBeforeTaxRatio": 0.2956844905,
    "incomeTaxExpense": -93724000,
    "netIncome": 93724000,
    "netIncomeRatio": 0.2956844905,
    "eps": 2.66,
    "epsdiluted": 2.63,
    "weightedAverageShsOut": 29668231,
    "weightedAverageShsOutDil": 30004462,
    "link": "https://www.sec.gov/Archives/edgar/data/1035443/000110465908013937/0001104659-08-013937-index.htm",
    "finalLink": "https://www.sec.gov/Archives/edgar/data/1035443/000110465908013937/a08-6477_110k.htm"
  },
  {
    "date": "2006-12-31",
    "symbol": "ARE",
    "reportedCurrency": "USD",
    "cik": "0001035443",
    "fillingDate": "2007-03-01",
    "acceptedDate": "2007-03-01 14:15:38",
    "calendarYear": "2006",
    "period": "FY",
    "revenue": 245450000,
    "costOfRevenue": 0,
    "grossProfit": 245450000,
    "grossProfitRatio": 1,
    "researchAndDevelopmentExpenses": 0,
    "generalAndAdministrativeExpenses": 26071000,
    "sellingAndMarketingExpenses": 0,
    "sellingGeneralAndAdministrativeExpenses": 26071000,
    "otherExpenses": 0,
    "operatingExpenses": 26071000,
    "costAndExpenses": 26071000,
    "interestIncome": 0,
    "interestExpense": 71371000,
    "depreciationAndAmortization": 77680000,
    "ebitda": 223308000,
    "ebitdaratio": 0.9097901813,
    "operatingIncome": 144787000,
    "operatingIncomeRatio": 0.5898838867,
    "totalOtherIncomeExpensesNet": -71371000,
    "incomeBeforeTax": 73416000,
    "incomeBeforeTaxRatio": 0.2991077613,
    "incomeTaxExpense": -73416000,
    "netIncome": 73416000,
    "netIncomeRatio": 0.2991077613,
    "eps": 2.28,
    "epsdiluted": 2.25,
    "weightedAverageShsOut": 25142982,
    "weightedAverageShsOutDil": 25478222,
    "link": "https://www.sec.gov/Archives/edgar/data/1035443/000103544307000004/0001035443-07-000004-index.htm",
    "finalLink": "https://www.sec.gov/Archives/edgar/data/1035443/000103544307000004/are200610k.htm"
  },
  {
    "date": "2005-12-31",
    "symbol": "ARE",
    "reportedCurrency": "USD",
    "cik": "0001035443",
    "fillingDate": "2006-03-16",
    "acceptedDate": "2006-03-16 14:48:22",
    "calendarYear": "2005",
    "period": "FY",
    "revenue": 194968000,
    "costOfRevenue": 0,
    "grossProfit": 194968000,
    "grossProfitRatio": 1,
    "researchAndDevelopmentExpenses": 0,
    "generalAndAdministrativeExpenses": 21094000,
    "sellingAndMarketingExpenses": 0,
    "sellingGeneralAndAdministrativeExpenses": 21094000,
    "otherExpenses": 0,
    "operatingExpenses": 21094000,
    "costAndExpenses": 21094000,
    "interestIncome": 0,
    "interestExpense": 49116000,
    "depreciationAndAmortization": 60993000,
    "ebitda": 170943000,
    "ebitdaratio": 0.8767746502,
    "operatingIncome": 112549000,
    "operatingIncomeRatio": 0.5772690903,
    "totalOtherIncomeExpensesNet": -49116000,
    "incomeBeforeTax": 63433000,
    "incomeBeforeTaxRatio": 0.3253508268,
    "incomeTaxExpense": -63433000,
    "netIncome": 63433000,
    "netIncomeRatio": 0.3253508268,
    "eps": 2.26,
    "epsdiluted": 2.22,
    "weightedAverageShsOut": 20948230,
    "weightedAverageShsOutDil": 21305522,
    "link": "https://www.sec.gov/Archives/edgar/data/1035443/000103544306000013/0001035443-06-000013-index.htm",
    "finalLink": "https://www.sec.gov/Archives/edgar/data/1035443/000103544306000013/are2005-10k.htm"
  },
  {
    "date": "2004-12-31",
    "symbol": "ARE",
    "reportedCurrency": "USD",
    "cik": "0001035443",
    "fillingDate": "2005-03-16",
    "acceptedDate": "2005-03-16 16:42:44",
    "calendarYear": "2004",
    "period": "FY",
    "revenue": 154614000,
    "costOfRevenue": 0,
    "grossProfit": 154614000,
    "grossProfitRatio": 1,
    "researchAndDevelopmentExpenses": 0,
    "generalAndAdministrativeExpenses": 15105000,
    "sellingAndMarketingExpenses": 0,
    "sellingGeneralAndAdministrativeExpenses": 15105000,
    "otherExpenses": 0,
    "operatingExpenses": 15105000,
    "costAndExpenses": 15105000,
    "interestIncome": 0,
    "interestExpense": 28670000,
    "depreciationAndAmortization": 44736000,
    "ebitda": 131975000,
    "ebitdaratio": 0.8535772957,
    "operatingIncome": 88865000,
    "operatingIncomeRatio": 0.5747539033,
    "totalOtherIncomeExpensesNet": -28670000,
    "incomeBeforeTax": 60195000,
    "incomeBeforeTaxRatio": 0.389324382,
    "incomeTaxExpense": -60195000,
    "netIncome": 60195000,
    "netIncomeRatio": 0.389324382,
    "eps": 2.37,
    "epsdiluted": 2.33,
    "weightedAverageShsOut": 20077611,
    "weightedAverageShsOutDil": 20422173,
    "link": "https://www.sec.gov/Archives/edgar/data/1035443/000103544305000005/0001035443-05-000005-index.htm",
    "finalLink": "https://www.sec.gov/Archives/edgar/data/1035443/000103544305000005/are2004_10k.htm"
  },
  {
    "date": "2003-12-31",
    "symbol": "ARE",
    "reportedCurrency": "USD",
    "cik": "0001035443",
    "fillingDate": "2004-03-15",
    "acceptedDate": "2004-03-15 17:03:54",
    "calendarYear": "2003",
    "period": "FY",
    "revenue": 134142000,
    "costOfRevenue": 0,
    "grossProfit": 134142000,
    "grossProfitRatio": 1,
    "researchAndDevelopmentExpenses": 0,
    "generalAndAdministrativeExpenses": 14211000,
    "sellingAndMarketingExpenses": 0,
    "sellingGeneralAndAdministrativeExpenses": 14211000,
    "otherExpenses": 0,
    "operatingExpenses": 14211000,
    "costAndExpenses": 14211000,
    "interestIncome": 0,
    "interestExpense": 26416000,
    "depreciationAndAmortization": 40744000,
    "ebitda": 0,
    "ebitdaratio": 0,
    "operatingIncome": 86059000,
    "operatingIncomeRatio": 0.6415514902,
    "totalOtherIncomeExpensesNet": -26416000,
    "incomeBeforeTax": 59643000,
    "incomeBeforeTaxRatio": 0.4446258443,
    "incomeTaxExpense": -59643000,
    "netIncome": 59643000,
    "netIncomeRatio": 0.4446258443,
    "eps": 3.14,
    "epsdiluted": 3.1,
    "weightedAverageShsOut": 18993856,
    "weightedAverageShsOutDil": 19247790,
    "link": "https://www.sec.gov/Archives/edgar/data/1035443/000103544304000010/0001035443-04-000010-index.htm",
    "finalLink": "https://www.sec.gov/Archives/edgar/data/1035443/000103544304000010/are_200310k.htm"
  },
  {
    "date": "2002-12-31",
    "symbol": "ARE",
    "reportedCurrency": "USD",
    "cik": "0001035443",
    "fillingDate": "2003-03-31",
    "acceptedDate": "2003-03-31 11:43:48",
    "calendarYear": "2002",
    "period": "FY",
    "revenue": 119688000,
    "costOfRevenue": 0,
    "grossProfit": 119688000,
    "grossProfitRatio": 1,
    "researchAndDevelopmentExpenses": 0,
    "generalAndAdministrativeExpenses": 13436000,
    "sellingAndMarketingExpenses": 0,
    "sellingGeneralAndAdministrativeExpenses": 13436000,
    "otherExpenses": 0,
    "operatingExpenses": 13436000,
    "costAndExpenses": 13436000,
    "interestIncome": 1610000,
    "interestExpense": 24984000,
    "depreciationAndAmortization": 36090000,
    "ebitda": 0,
    "ebitdaratio": 0,
    "operatingIncome": 65016000,
    "operatingIncomeRatio": 0.5432123521,
    "totalOtherIncomeExpensesNet": -24984000,
    "incomeBeforeTax": 40032000,
    "incomeBeforeTaxRatio": 0.334469621,
    "incomeTaxExpense": -40032000,
    "netIncome": 40032000,
    "netIncomeRatio": 0.334469621,
    "eps": 1.79,
    "epsdiluted": 1.76,
    "weightedAverageShsOut": 17594228,
    "weightedAverageShsOutDil": 17859787,
    "link": "https://www.sec.gov/Archives/edgar/data/1035443/000103544303000002/0001035443-03-000002-index.htm",
    "finalLink": "https://www.sec.gov/Archives/edgar/data/1035443/000103544303000002/are10_k.htm"
  },
  {
    "date": "2001-12-31",
    "symbol": "ARE",
    "reportedCurrency": "USD",
    "cik": "0001035443",
    "fillingDate": "2002-03-29",
    "acceptedDate": "2002-03-29 00:00:00",
    "calendarYear": "2001",
    "period": "FY",
    "revenue": 98664000,
    "costOfRevenue": 0,
    "grossProfit": 98664000,
    "grossProfitRatio": 1,
    "researchAndDevelopmentExpenses": 0,
    "generalAndAdministrativeExpenses": 11694000,
    "sellingAndMarketingExpenses": 0,
    "sellingGeneralAndAdministrativeExpenses": 11694000,
    "otherExpenses": 0,
    "operatingExpenses": 11694000,
    "costAndExpenses": 11694000,
    "interestIncome": 3268000,
    "interestExpense": 29126000,
    "depreciationAndAmortization": 31510000,
    "ebitda": 0,
    "ebitdaratio": 0,
    "operatingIncome": 59403000,
    "operatingIncomeRatio": 0.6020737047,
    "totalOtherIncomeExpensesNet": -59176000,
    "incomeBeforeTax": 30277000,
    "incomeBeforeTaxRatio": 0.3068697803,
    "incomeTaxExpense": -30277000,
    "netIncome": 30277000,
    "netIncomeRatio": 0.3068697803,
    "eps": 1.67,
    "epsdiluted": 1.64,
    "weightedAverageShsOut": 15953459,
    "weightedAverageShsOutDil": 16208178,
    "link": "https://www.sec.gov/Archives/edgar/data/1035443/000103544302000006/0001035443-02-000006-index.htm",
    "finalLink": "https://www.sec.gov/Archives/edgar/data/1035443/000103544302000006/al_10k.htm"
  },
  {
    "date": "2000-12-31",
    "symbol": "ARE",
    "reportedCurrency": "USD",
    "cik": "0001035443",
    "fillingDate": "2001-03-30",
    "acceptedDate": "2001-03-30 00:00:00",
    "calendarYear": "2000",
    "period": "FY",
    "revenue": 81119000,
    "costOfRevenue": 0,
    "grossProfit": 81119000,
    "grossProfitRatio": 1,
    "researchAndDevelopmentExpenses": 0,
    "generalAndAdministrativeExpenses": 8986000,
    "sellingAndMarketingExpenses": 0,
    "sellingGeneralAndAdministrativeExpenses": 8986000,
    "otherExpenses": 0,
    "operatingExpenses": 8986000,
    "costAndExpenses": 8986000,
    "interestIncome": 3506000,
    "interestExpense": 25791000,
    "depreciationAndAmortization": 24941000,
    "ebitda": 0,
    "ebitdaratio": 0,
    "operatingIncome": 51800000,
    "operatingIncomeRatio": 0.6385680297,
    "totalOtherIncomeExpensesNet": -25791000,
    "incomeBeforeTax": 26009000,
    "incomeBeforeTaxRatio": 0.3206277198,
    "incomeTaxExpense": -26009000,
    "netIncome": 26009000,
    "netIncomeRatio": 0.3206277198,
    "eps": 1.8,
    "epsdiluted": 1.77,
    "weightedAverageShsOut": 14460711,
    "weightedAverageShsOutDil": 14699478,
    "link": "https://www.sec.gov/Archives/edgar/data/1035443/000103544301500019/0001035443-01-500019-index.htm",
    "finalLink": "https://www.sec.gov/Archives/edgar/data/1035443/000103544301500019/al_10k.htm"
  },
  {
    "date": "1999-12-31",
    "symbol": "ARE",
    "reportedCurrency": "USD",
    "cik": "0001035443",
    "fillingDate": "2000-03-29",
    "acceptedDate": "2000-03-29 00:00:00",
    "calendarYear": "1999",
    "period": "FY",
    "revenue": 66500000,
    "costOfRevenue": 0,
    "grossProfit": 66500000,
    "grossProfitRatio": 1,
    "researchAndDevelopmentExpenses": 0,
    "generalAndAdministrativeExpenses": 7000000,
    "sellingAndMarketingExpenses": 0,
    "sellingGeneralAndAdministrativeExpenses": 7000000,
    "otherExpenses": 0,
    "operatingExpenses": 7000000,
    "costAndExpenses": 7000000,
    "interestIncome": 1500000,
    "interestExpense": 19700000,
    "depreciationAndAmortization": 18900000,
    "ebitda": 0,
    "ebitdaratio": 0,
    "operatingIncome": 41800000,
    "operatingIncomeRatio": 0.6285714286,
    "totalOtherIncomeExpensesNet": -38600000,
    "incomeBeforeTax": 22100000,
    "incomeBeforeTaxRatio": 0.3323308271,
    "incomeTaxExpense": -22100000,
    "netIncome": 22100000,
    "netIncomeRatio": 0.3323308271,
    "eps": 1.48,
    "epsdiluted": 1.46,
    "weightedAverageShsOut": 13525840,
    "weightedAverageShsOutDil": 13670568,
    "link": "https://www.sec.gov/Archives/edgar/data/1035443/000091205700014199/0000912057-00-014199-index.html",
    "finalLink": "https://www.sec.gov/Archives/edgar/data/1035443/000091205700014199/"
  },
  {
    "date": "1998-12-31",
    "symbol": "ARE",
    "reportedCurrency": "USD",
    "cik": "0001035443",
    "fillingDate": "1999-03-15",
    "acceptedDate": "1999-03-15 00:00:00",
    "calendarYear": "1998",
    "period": "FY",
    "revenue": 47000000,
    "costOfRevenue": 0,
    "grossProfit": 47000000,
    "grossProfitRatio": 1,
    "researchAndDevelopmentExpenses": 0,
    "generalAndAdministrativeExpenses": 3900000,
    "sellingAndMarketingExpenses": 0,
    "sellingGeneralAndAdministrativeExpenses": 3900000,
    "otherExpenses": 0,
    "operatingExpenses": 3900000,
    "costAndExpenses": 3900000,
    "interestIncome": 1234000,
    "interestExpense": 14034000,
    "depreciationAndAmortization": 10300000,
    "ebitda": 0,
    "ebitdaratio": 0,
    "operatingIncome": 33434000,
    "operatingIncomeRatio": 0.7113617021,
    "totalOtherIncomeExpensesNet": -24300000,
    "incomeBeforeTax": 19400000,
    "incomeBeforeTaxRatio": 0.4127659574,
    "incomeTaxExpense": -19400000,
    "netIncome": 19400000,
    "netIncomeRatio": 0.4127659574,
    "eps": 1.6,
    "epsdiluted": 1.58,
    "weightedAverageShsOut": 12098959,
    "weightedAverageShsOutDil": 12306470,
    "link": "https://www.sec.gov/Archives/edgar/data/1035443/000104746999009615/0001047469-99-009615-index.html",
    "finalLink": "https://www.sec.gov/Archives/edgar/data/1035443/"
  },
  {
    "date": "1997-12-31",
    "symbol": "ARE",
    "reportedCurrency": "USD",
    "cik": "0001035443",
    "fillingDate": "1998-03-31",
    "acceptedDate": "1998-03-31 00:00:00",
    "calendarYear": "1997",
    "period": "FY",
    "revenue": 27800000,
    "costOfRevenue": 0,
    "grossProfit": 27800000,
    "grossProfitRatio": 1,
    "researchAndDevelopmentExpenses": 0,
    "generalAndAdministrativeExpenses": 2500000,
    "sellingAndMarketingExpenses": 0,
    "sellingGeneralAndAdministrativeExpenses": 2500000,
    "otherExpenses": 0,
    "operatingExpenses": 2500000,
    "costAndExpenses": 2500000,
    "interestIncome": 0,
    "interestExpense": 7000000,
    "depreciationAndAmortization": 4900000,
    "ebitda": 0,
    "ebitdaratio": 0,
    "operatingIncome": 4200000,
    "operatingIncomeRatio": 0.1510791367,
    "totalOtherIncomeExpensesNet": -7000000,
    "incomeBeforeTax": -2800000,
    "incomeBeforeTaxRatio": -0.1007194245,
    "incomeTaxExpense": 0,
    "netIncome": -2800000,
    "netIncomeRatio": -0.1007194245,
    "eps": -0.35,
    "epsdiluted": -0.35,
    "weightedAverageShsOut": 8075864,
    "weightedAverageShsOutDil": 8075864,
    "link": "https://www.sec.gov/Archives/edgar/data/1035443/000104746998013095/0001047469-98-013095-index.html",
    "finalLink": "https://www.sec.gov/Archives/edgar/data/1035443/"
  },
  {
    "date": "1996-12-31",
    "symbol": "ARE",
    "reportedCurrency": "USD",
    "cik": "0001035443",
    "fillingDate": "1996-12-31",
    "acceptedDate": "1996-12-31 00:00:00",
    "calendarYear": "1996",
    "period": "FY",
    "revenue": 11400000,
    "costOfRevenue": 0,
    "grossProfit": 11400000,
    "grossProfitRatio": 1,
    "researchAndDevelopmentExpenses": 0,
    "generalAndAdministrativeExpenses": 2000000,
    "sellingAndMarketingExpenses": 0,
    "sellingGeneralAndAdministrativeExpenses": 2000000,
    "otherExpenses": 0,
    "operatingExpenses": 2000000,
    "costAndExpenses": 2000000,
    "interestIncome": 0,
    "interestExpense": 6300000,
    "depreciationAndAmortization": 2400000,
    "ebitda": 0,
    "ebitdaratio": 0,
    "operatingIncome": 8500000,
    "operatingIncomeRatio": 0.7456140351,
    "totalOtherIncomeExpensesNet": -8700000,
    "incomeBeforeTax": 2200000,
    "incomeBeforeTaxRatio": 0.1929824561,
    "incomeTaxExpense": -2200000,
    "netIncome": 2200000,
    "netIncomeRatio": 0.1929824561,
    "eps": 0.6,
    "epsdiluted": 0.6,
    "weightedAverageShsOut": 3642131,
    "weightedAverageShsOutDil": 3642131,
    "link": null,
    "finalLink": null
  }
]