[
  {
    "date": "2025-06-30",
    "symbol": "ATO",
    "reportedCurrency": "USD",
    "cik": "0000731802",
    "fillingDate": "2025-08-06",
    "acceptedDate": "2025-08-06 16:46:29",
    "calendarYear": "2025",
    "period": "Q3",
    "revenue": 838774000,
    "costOfRevenue": 461726000,
    "grossProfit": 377048000,
    "grossProfitRatio": 0.4495227558,
    "researchAndDevelopmentExpenses": 0,
    "generalAndAdministrativeExpenses": 0,
    "sellingAndMarketingExpenses": 0,
    "sellingGeneralAndAdministrativeExpenses": 0,
    "otherExpenses": 124981000,
    "operatingExpenses": 124981000,
    "costAndExpenses": 586707000,
    "interestIncome": 0,
    "interestExpense": 36437000,
    "depreciationAndAmortization": 185786000,
    "ebitda": 452853000,
    "ebitdaratio": 0.5398987093,
    "operatingIncome": 252067000,
    "operatingIncomeRatio": 0.3005183756,
    "totalOtherIncomeExpensesNet": -21437000,
    "incomeBeforeTax": 230630000,
    "incomeBeforeTaxRatio": 0.2749608357,
    "incomeTaxExpense": 44201000,
    "netIncome": 186342000,
    "netIncomeRatio": 0.222159962,
    "eps": 1.1699,
    "epsdiluted": 1.1562,
    "weightedAverageShsOut": 159285000,
    "weightedAverageShsOutDil": 161171000,
    "link": "https://www.sec.gov/Archives/edgar/data/731802/000073180225000026/0000731802-25-000026-index.htm",
    "finalLink": "https://www.sec.gov/Archives/edgar/data/731802/000073180225000026/ato-20250630.htm"
  },
  {
    "date": "2025-03-31",
    "symbol": "ATO",
    "reportedCurrency": "USD",
    "cik": "0000731802",
    "fillingDate": "2025-05-07",
    "acceptedDate": "2025-05-07 16:40:40",
    "calendarYear": "2025",
    "period": "Q2",
    "revenue": 1950502000,
    "costOfRevenue": 1012529000,
    "grossProfit": 937973000,
    "grossProfitRatio": 0.480887997,
    "researchAndDevelopmentExpenses": 0,
    "generalAndAdministrativeExpenses": 0,
    "sellingAndMarketingExpenses": 0,
    "sellingGeneralAndAdministrativeExpenses": 0,
    "otherExpenses": 309034000,
    "operatingExpenses": 309034000,
    "costAndExpenses": 1321563000,
    "interestIncome": 0,
    "interestExpense": 50014000,
    "depreciationAndAmortization": 182750000,
    "ebitda": 835861000,
    "ebitdaratio": 0.428536346,
    "operatingIncome": 628939000,
    "operatingIncomeRatio": 0.3224498104,
    "totalOtherIncomeExpensesNet": -25842000,
    "incomeBeforeTax": 603097000,
    "incomeBeforeTaxRatio": 0.3092009134,
    "incomeTaxExpense": 117521000,
    "netIncome": 485576000,
    "netIncomeRatio": 0.2489492449,
    "eps": 3.05,
    "epsdiluted": 3.03,
    "weightedAverageShsOut": 159177000,
    "weightedAverageShsOutDil": 160426000,
    "link": "https://www.sec.gov/Archives/edgar/data/731802/000073180225000017/0000731802-25-000017-index.htm",
    "finalLink": "https://www.sec.gov/Archives/edgar/data/731802/000073180225000017/ato-20250331.htm"
  },
  {
    "date": "2024-12-31",
    "symbol": "ATO",
    "reportedCurrency": "USD",
    "cik": "0000731802",
    "fillingDate": "2025-02-04",
    "acceptedDate": "2025-02-04 16:43:09",
    "calendarYear": "2025",
    "period": "Q1",
    "revenue": 1175999000,
    "costOfRevenue": 441092000,
    "grossProfit": 734907000,
    "grossProfitRatio": 0.6249214498,
    "researchAndDevelopmentExpenses": 0,
    "generalAndAdministrativeExpenses": 0,
    "sellingAndMarketingExpenses": 0,
    "sellingGeneralAndAdministrativeExpenses": 0,
    "otherExpenses": 275427000,
    "operatingExpenses": 275427000,
    "costAndExpenses": 716519000,
    "interestIncome": 0,
    "interestExpense": 52925000,
    "depreciationAndAmortization": 180533000,
    "ebitda": 664647000,
    "ebitdaratio": 0.565176501,
    "operatingIncome": 459480000,
    "operatingIncomeRatio": 0.390714618,
    "totalOtherIncomeExpensesNet": -28291000,
    "incomeBeforeTax": 431189000,
    "incomeBeforeTaxRatio": 0.3666576247,
    "incomeTaxExpense": 79331000,
    "netIncome": 351858000,
    "netIncomeRatio": 0.299199234,
    "eps": 2.25,
    "epsdiluted": 2.23,
    "weightedAverageShsOut": 156301000,
    "weightedAverageShsOutDil": 157824000,
    "link": "https://www.sec.gov/Archives/edgar/data/731802/000073180225000006/0000731802-25-000006-index.htm",
    "finalLink": "https://www.sec.gov/Archives/edgar/data/731802/000073180225000006/ato-20241231.htm"
  },
  {
    "date": "2024-09-30",
    "symbol": "ATO",
    "reportedCurrency": "USD",
    "cik": "0000731802",
    "fillingDate": "2024-11-18",
    "acceptedDate": "2024-11-18 16:20:38",
    "calendarYear": "2024",
    "period": "Q4",
    "revenue": 657944000,
    "costOfRevenue": 214706000,
    "grossProfit": 443238000,
    "grossProfitRatio": 0.6736713155,
    "researchAndDevelopmentExpenses": 0,
    "generalAndAdministrativeExpenses": 0,
    "sellingAndMarketingExpenses": 0,
    "sellingGeneralAndAdministrativeExpenses": 0,
    "otherExpenses": 258238000,
    "operatingExpenses": 258238000,
    "costAndExpenses": 472944000,
    "interestIncome": 0,
    "interestExpense": 19268000,
    "depreciationAndAmortization": 173450000,
    "ebitda": 375025000,
    "ebitdaratio": 0.5699953188,
    "operatingIncome": 185000000,
    "operatingIncomeRatio": 0.2811789453,
    "totalOtherIncomeExpensesNet": -25580000,
    "incomeBeforeTax": 159420000,
    "incomeBeforeTaxRatio": 0.2423002566,
    "incomeTaxExpense": 25404000,
    "netIncome": 134016000,
    "netIncomeRatio": 0.2036890678,
    "eps": 0.88,
    "epsdiluted": 0.88,
    "weightedAverageShsOut": 152908500,
    "weightedAverageShsOutDil": 153031000,
    "link": "https://www.sec.gov/Archives/edgar/data/731802/000073180224000030/0000731802-24-000030-index.htm",
    "finalLink": "https://www.sec.gov/Archives/edgar/data/731802/000073180224000030/ato-20240930.htm"
  },
  {
    "date": "2024-06-30",
    "symbol": "ATO",
    "reportedCurrency": "USD",
    "cik": "0000731802",
    "fillingDate": "2024-08-07",
    "acceptedDate": "2024-08-07 16:48:31",
    "calendarYear": "2024",
    "period": "Q3",
    "revenue": 701549000,
    "costOfRevenue": 208716000,
    "grossProfit": 492833000,
    "grossProfitRatio": 0.702492627,
    "researchAndDevelopmentExpenses": 0,
    "generalAndAdministrativeExpenses": 0,
    "sellingAndMarketingExpenses": 0,
    "sellingGeneralAndAdministrativeExpenses": 0,
    "otherExpenses": 272566000,
    "operatingExpenses": 272566000,
    "costAndExpenses": 481282000,
    "interestIncome": 0,
    "interestExpense": 41160000,
    "depreciationAndAmortization": 166827000,
    "ebitda": 406992000,
    "ebitdaratio": 0.5801333905,
    "operatingIncome": 220267000,
    "operatingIncomeRatio": 0.3139723669,
    "totalOtherIncomeExpensesNet": -21262000,
    "incomeBeforeTax": 199005000,
    "incomeBeforeTaxRatio": 0.2836651467,
    "incomeTaxExpense": 33441000,
    "netIncome": 165564000,
    "netIncomeRatio": 0.2359977706,
    "eps": 1.08,
    "epsdiluted": 1.08,
    "weightedAverageShsOut": 153309000,
    "weightedAverageShsOutDil": 153396000,
    "link": "https://www.sec.gov/Archives/edgar/data/731802/000073180224000023/0000731802-24-000023-index.htm",
    "finalLink": "https://www.sec.gov/Archives/edgar/data/731802/000073180224000023/ato-20240630.htm"
  },
  {
    "date": "2024-03-31",
    "symbol": "ATO",
    "reportedCurrency": "USD",
    "cik": "0000731802",
    "fillingDate": "2024-05-08",
    "acceptedDate": "2024-05-08 16:46:12",
    "calendarYear": "2024",
    "period": "Q2",
    "revenue": 1647227000,
    "costOfRevenue": 824194000,
    "grossProfit": 823033000,
    "grossProfitRatio": 0.4996475896,
    "researchAndDevelopmentExpenses": 0,
    "generalAndAdministrativeExpenses": 0,
    "sellingAndMarketingExpenses": 0,
    "sellingGeneralAndAdministrativeExpenses": 0,
    "otherExpenses": 272043000,
    "operatingExpenses": 272043000,
    "costAndExpenses": 1096237000,
    "interestIncome": 0,
    "interestExpense": 55442000,
    "depreciationAndAmortization": 165087000,
    "ebitda": 732764000,
    "ebitdaratio": 0.4448470065,
    "operatingIncome": 550990000,
    "operatingIncomeRatio": 0.3344954885,
    "totalOtherIncomeExpensesNet": -38755000,
    "incomeBeforeTax": 512235000,
    "incomeBeforeTaxRatio": 0.3109680694,
    "incomeTaxExpense": 80212000,
    "netIncome": 432023000,
    "netIncomeRatio": 0.2622728986,
    "eps": 2.85,
    "epsdiluted": 2.85,
    "weightedAverageShsOut": 151271000,
    "weightedAverageShsOutDil": 151297000,
    "link": "https://www.sec.gov/Archives/edgar/data/731802/000073180224000013/0000731802-24-000013-index.htm",
    "finalLink": "https://www.sec.gov/Archives/edgar/data/731802/000073180224000013/ato-20240331.htm"
  },
  {
    "date": "2023-12-31",
    "symbol": "ATO",
    "reportedCurrency": "USD",
    "cik": "0000731802",
    "fillingDate": "2024-02-06",
    "acceptedDate": "2024-02-06 16:46:33",
    "calendarYear": "2024",
    "period": "Q1",
    "revenue": 1158467000,
    "costOfRevenue": 505214000,
    "grossProfit": 653253000,
    "grossProfitRatio": 0.5638943535,
    "researchAndDevelopmentExpenses": 0,
    "generalAndAdministrativeExpenses": 0,
    "sellingAndMarketingExpenses": 0,
    "sellingGeneralAndAdministrativeExpenses": 0,
    "otherExpenses": 254148000,
    "operatingExpenses": 254148000,
    "costAndExpenses": 759362000,
    "interestIncome": 0,
    "interestExpense": 51875000,
    "depreciationAndAmortization": 164608000,
    "ebitda": 581599000,
    "ebitdaratio": 0.5020419226,
    "operatingIncome": 399105000,
    "operatingIncomeRatio": 0.344511324,
    "totalOtherIncomeExpensesNet": -33989000,
    "incomeBeforeTax": 365116000,
    "incomeBeforeTaxRatio": 0.3151716881,
    "incomeTaxExpense": 53824000,
    "netIncome": 311292000,
    "netIncomeRatio": 0.268710287,
    "eps": 2.08,
    "epsdiluted": 2.08,
    "weightedAverageShsOut": 149796000,
    "weightedAverageShsOutDil": 149796000,
    "link": "https://www.sec.gov/Archives/edgar/data/731802/000073180224000006/0000731802-24-000006-index.htm",
    "finalLink": "https://www.sec.gov/Archives/edgar/data/731802/000073180224000006/ato-20231231.htm"
  },
  {
    "date": "2023-09-30",
    "symbol": "ATO",
    "reportedCurrency": "USD",
    "cik": "0000731802",
    "fillingDate": "2023-11-14",
    "acceptedDate": "2023-11-14 15:29:24",
    "calendarYear": "2023",
    "period": "Q4",
    "revenue": 587642000,
    "costOfRevenue": 193288000,
    "grossProfit": 394354000,
    "grossProfitRatio": 0.6710786499,
    "researchAndDevelopmentExpenses": 0,
    "generalAndAdministrativeExpenses": 0,
    "sellingAndMarketingExpenses": 0,
    "sellingGeneralAndAdministrativeExpenses": 0,
    "otherExpenses": 240284000,
    "operatingExpenses": 240284000,
    "costAndExpenses": 433572000,
    "interestIncome": 0,
    "interestExpense": 24610000,
    "depreciationAndAmortization": 159264000,
    "ebitda": 328342000,
    "ebitdaratio": 0.5587449502,
    "operatingIncome": 154070000,
    "operatingIncomeRatio": 0.2621834382,
    "totalOtherIncomeExpensesNet": -16809000,
    "incomeBeforeTax": 137261000,
    "incomeBeforeTaxRatio": 0.2335792881,
    "incomeTaxExpense": 18737000,
    "netIncome": 118524000,
    "netIncomeRatio": 0.2016942288,
    "eps": 0.8,
    "epsdiluted": 0.8,
    "weightedAverageShsOut": 148671000,
    "weightedAverageShsOutDil": 148672000,
    "link": "https://www.sec.gov/Archives/edgar/data/731802/000073180223000028/0000731802-23-000028-index.htm",
    "finalLink": "https://www.sec.gov/Archives/edgar/data/731802/000073180223000028/ato-20230930.htm"
  },
  {
    "date": "2023-06-30",
    "symbol": "ATO",
    "reportedCurrency": "USD",
    "cik": "0000731802",
    "fillingDate": "2023-08-02",
    "acceptedDate": "2023-08-02 16:47:28",
    "calendarYear": "2023",
    "period": "Q3",
    "revenue": 662733000,
    "costOfRevenue": 239599000,
    "grossProfit": 423134000,
    "grossProfitRatio": 0.6384682821,
    "researchAndDevelopmentExpenses": 0,
    "generalAndAdministrativeExpenses": 0,
    "sellingAndMarketingExpenses": 0,
    "sellingGeneralAndAdministrativeExpenses": 0,
    "otherExpenses": 253881000,
    "operatingExpenses": 253881000,
    "costAndExpenses": 493480000,
    "interestIncome": 0,
    "interestExpense": 31334000,
    "depreciationAndAmortization": 150726000,
    "ebitda": 336149000,
    "ebitdaratio": 0.50721633,
    "operatingIncome": 169253000,
    "operatingIncomeRatio": 0.2553864075,
    "totalOtherIncomeExpensesNet": -15164000,
    "incomeBeforeTax": 154089000,
    "incomeBeforeTaxRatio": 0.2325053981,
    "incomeTaxExpense": 16282000,
    "netIncome": 137807000,
    "netIncomeRatio": 0.2079374348,
    "eps": 0.94,
    "epsdiluted": 0.94,
    "weightedAverageShsOut": 146051000,
    "weightedAverageShsOutDil": 146067000,
    "link": "https://www.sec.gov/Archives/edgar/data/731802/000073180223000022/0000731802-23-000022-index.htm",
    "finalLink": "https://www.sec.gov/Archives/edgar/data/731802/000073180223000022/ato-20230630.htm"
  },
  {
    "date": "2023-03-31",
    "symbol": "ATO",
    "reportedCurrency": "USD",
    "cik": "0000731802",
    "fillingDate": "2023-05-03",
    "acceptedDate": "2023-05-03 16:50:05",
    "calendarYear": "2023",
    "period": "Q2",
    "revenue": 1540973000,
    "costOfRevenue": 860927000,
    "grossProfit": 680046000,
    "grossProfitRatio": 0.4413094843,
    "researchAndDevelopmentExpenses": 0,
    "generalAndAdministrativeExpenses": 0,
    "sellingAndMarketingExpenses": 0,
    "sellingGeneralAndAdministrativeExpenses": 0,
    "otherExpenses": 257408000,
    "operatingExpenses": 257408000,
    "costAndExpenses": 1118335000,
    "interestIncome": 0,
    "interestExpense": 37370000,
    "depreciationAndAmortization": 148317000,
    "ebitda": 588361000,
    "ebitdaratio": 0.381811362,
    "operatingIncome": 422638000,
    "operatingIncomeRatio": 0.2742669729,
    "totalOtherIncomeExpensesNet": -19964000,
    "incomeBeforeTax": 402674000,
    "incomeBeforeTaxRatio": 0.261311522,
    "incomeTaxExpense": 45003000,
    "netIncome": 357671000,
    "netIncomeRatio": 0.2321072465,
    "eps": 2.48,
    "epsdiluted": 2.48,
    "weightedAverageShsOut": 143941000,
    "weightedAverageShsOutDil": 143987000,
    "link": "https://www.sec.gov/Archives/edgar/data/731802/000073180223000013/0000731802-23-000013-index.htm",
    "finalLink": "https://www.sec.gov/Archives/edgar/data/731802/000073180223000013/ato-20230331.htm"
  },
  {
    "date": "2022-12-31",
    "symbol": "ATO",
    "reportedCurrency": "USD",
    "cik": "0000731802",
    "fillingDate": "2023-02-07",
    "acceptedDate": "2023-02-07 16:50:36",
    "calendarYear": "2023",
    "period": "Q1",
    "revenue": 1484009000,
    "costOfRevenue": 923265000,
    "grossProfit": 560744000,
    "grossProfitRatio": 0.3778575467,
    "researchAndDevelopmentExpenses": 0,
    "generalAndAdministrativeExpenses": 0,
    "sellingAndMarketingExpenses": 0,
    "sellingGeneralAndAdministrativeExpenses": 0,
    "otherExpenses": 239558000,
    "operatingExpenses": 239558000,
    "costAndExpenses": 1162823000,
    "interestIncome": 0,
    "interestExpense": 36760000,
    "depreciationAndAmortization": 146020000,
    "ebitda": 488397000,
    "ebitdaratio": 0.3291064946,
    "operatingIncome": 321186000,
    "operatingIncomeRatio": 0.216431302,
    "totalOtherIncomeExpensesNet": -15569000,
    "incomeBeforeTax": 305617000,
    "incomeBeforeTaxRatio": 0.2059401257,
    "incomeTaxExpense": 33757000,
    "netIncome": 271860000,
    "netIncomeRatio": 0.1831929591,
    "eps": 1.92,
    "epsdiluted": 1.91,
    "weightedAverageShsOut": 141820000,
    "weightedAverageShsOutDil": 141937000,
    "link": "https://www.sec.gov/Archives/edgar/data/731802/000073180223000006/0000731802-23-000006-index.htm",
    "finalLink": "https://www.sec.gov/Archives/edgar/data/731802/000073180223000006/ato-20221231.htm"
  },
  {
    "date": "2022-09-30",
    "symbol": "ATO",
    "reportedCurrency": "USD",
    "cik": "0000731802",
    "fillingDate": "2022-11-14",
    "acceptedDate": "2022-11-14 16:37:34",
    "calendarYear": "2022",
    "period": "Q4",
    "revenue": 722628000,
    "costOfRevenue": 396330000,
    "grossProfit": 326298000,
    "grossProfitRatio": 0.4515435328,
    "researchAndDevelopmentExpenses": 0,
    "generalAndAdministrativeExpenses": 0,
    "sellingAndMarketingExpenses": 0,
    "sellingGeneralAndAdministrativeExpenses": 0,
    "otherExpenses": 220896000,
    "operatingExpenses": 220896000,
    "costAndExpenses": 617226000,
    "interestIncome": 0,
    "interestExpense": 25061000,
    "depreciationAndAmortization": 140194000,
    "ebitda": 252155000,
    "ebitdaratio": 0.3489416408,
    "operatingIncome": 105402000,
    "operatingIncomeRatio": 0.1458592803,
    "totalOtherIncomeExpensesNet": -21283000,
    "incomeBeforeTax": 84119000,
    "incomeBeforeTaxRatio": 0.1164070587,
    "incomeTaxExpense": 12476000,
    "netIncome": 71643000,
    "netIncomeRatio": 0.0991422973,
    "eps": 0.51,
    "epsdiluted": 0.51,
    "weightedAverageShsOut": 140924000,
    "weightedAverageShsOutDil": 141220000,
    "link": "https://www.sec.gov/Archives/edgar/data/731802/000073180222000037/0000731802-22-000037-index.htm",
    "finalLink": "https://www.sec.gov/Archives/edgar/data/731802/000073180222000037/ato-20220930.htm"
  },
  {
    "date": "2022-06-30",
    "symbol": "ATO",
    "reportedCurrency": "USD",
    "cik": "0000731802",
    "fillingDate": "2022-08-03",
    "acceptedDate": "2022-08-03 16:48:23",
    "calendarYear": "2022",
    "period": "Q3",
    "revenue": 816429000,
    "costOfRevenue": 431484000,
    "grossProfit": 384945000,
    "grossProfitRatio": 0.4714984402,
    "researchAndDevelopmentExpenses": 0,
    "generalAndAdministrativeExpenses": 0,
    "sellingAndMarketingExpenses": 0,
    "sellingGeneralAndAdministrativeExpenses": 0,
    "otherExpenses": 230358000,
    "operatingExpenses": 230358000,
    "costAndExpenses": 661842000,
    "interestIncome": 0,
    "interestExpense": 26190000,
    "depreciationAndAmortization": 134231000,
    "ebitda": 302081000,
    "ebitdaratio": 0.3700027804,
    "operatingIncome": 154587000,
    "operatingIncomeRatio": 0.1893453074,
    "totalOtherIncomeExpensesNet": -12927000,
    "incomeBeforeTax": 141660000,
    "incomeBeforeTaxRatio": 0.1735117199,
    "incomeTaxExpense": 13113000,
    "netIncome": 128547000,
    "netIncomeRatio": 0.157450311,
    "eps": 0.92,
    "epsdiluted": 0.92,
    "weightedAverageShsOut": 139881000,
    "weightedAverageShsOutDil": 140227000,
    "link": "https://www.sec.gov/Archives/edgar/data/731802/000073180222000030/0000731802-22-000030-index.htm",
    "finalLink": "https://www.sec.gov/Archives/edgar/data/731802/000073180222000030/ato-20220630.htm"
  },
  {
    "date": "2022-03-31",
    "symbol": "ATO",
    "reportedCurrency": "USD",
    "cik": "0000731802",
    "fillingDate": "2022-05-04",
    "acceptedDate": "2022-05-04 17:02:16",
    "calendarYear": "2022",
    "period": "Q2",
    "revenue": 1649819000,
    "costOfRevenue": 1034730000,
    "grossProfit": 615089000,
    "grossProfitRatio": 0.3728221096,
    "researchAndDevelopmentExpenses": 0,
    "generalAndAdministrativeExpenses": 0,
    "sellingAndMarketingExpenses": 0,
    "sellingGeneralAndAdministrativeExpenses": 0,
    "otherExpenses": 229957000,
    "operatingExpenses": 229957000,
    "costAndExpenses": 1264687000,
    "interestIncome": 0,
    "interestExpense": 28928000,
    "depreciationAndAmortization": 133374000,
    "ebitda": 523719000,
    "ebitdaratio": 0.3174402768,
    "operatingIncome": 385132000,
    "operatingIncomeRatio": 0.2334389409,
    "totalOtherIncomeExpensesNet": -23715000,
    "incomeBeforeTax": 361417000,
    "incomeBeforeTaxRatio": 0.2190646368,
    "incomeTaxExpense": 36418000,
    "netIncome": 324999000,
    "netIncomeRatio": 0.1969907002,
    "eps": 2.38,
    "epsdiluted": 2.37,
    "weightedAverageShsOut": 136834000,
    "weightedAverageShsOutDil": 137250000,
    "link": "https://www.sec.gov/Archives/edgar/data/731802/000073180222000016/0000731802-22-000016-index.htm",
    "finalLink": "https://www.sec.gov/Archives/edgar/data/731802/000073180222000016/ato-20220331.htm"
  },
  {
    "date": "2021-12-31",
    "symbol": "ATO",
    "reportedCurrency": "USD",
    "cik": "0000731802",
    "fillingDate": "2022-02-08",
    "acceptedDate": "2022-02-08 16:58:13",
    "calendarYear": "2022",
    "period": "Q1",
    "revenue": 1012786000,
    "costOfRevenue": 530273000,
    "grossProfit": 482513000,
    "grossProfitRatio": 0.476421475,
    "researchAndDevelopmentExpenses": 0,
    "generalAndAdministrativeExpenses": 0,
    "sellingAndMarketingExpenses": 0,
    "sellingGeneralAndAdministrativeExpenses": 0,
    "otherExpenses": 206652000,
    "operatingExpenses": 206652000,
    "costAndExpenses": 736925000,
    "interestIncome": 0,
    "interestExpense": 19851000,
    "depreciationAndAmortization": 127856000,
    "ebitda": 412419000,
    "ebitdaratio": 0.4072123825,
    "operatingIncome": 275861000,
    "operatingIncomeRatio": 0.2723783702,
    "totalOtherIncomeExpensesNet": -11149000,
    "incomeBeforeTax": 264712000,
    "incomeBeforeTaxRatio": 0.2613701216,
    "incomeTaxExpense": 15503000,
    "netIncome": 249209000,
    "netIncomeRatio": 0.2460628405,
    "eps": 1.86,
    "epsdiluted": 1.86,
    "weightedAverageShsOut": 133682000,
    "weightedAverageShsOutDil": 133689000,
    "link": "https://www.sec.gov/Archives/edgar/data/731802/000073180222000008/0000731802-22-000008-index.htm",
    "finalLink": "https://www.sec.gov/Archives/edgar/data/731802/000073180222000008/ato-20211231.htm"
  },
  {
    "date": "2021-09-30",
    "symbol": "ATO",
    "reportedCurrency": "USD",
    "cik": "0000731802",
    "fillingDate": "2021-11-12",
    "acceptedDate": "2021-11-12 15:01:25",
    "calendarYear": "2021",
    "period": "Q4",
    "revenue": 568384000,
    "costOfRevenue": 283309000,
    "grossProfit": 285075000,
    "grossProfitRatio": 0.5015535272,
    "researchAndDevelopmentExpenses": 0,
    "generalAndAdministrativeExpenses": 0,
    "sellingAndMarketingExpenses": 0,
    "sellingGeneralAndAdministrativeExpenses": 0,
    "otherExpenses": 194111000,
    "operatingExpenses": 194111000,
    "costAndExpenses": 477420000,
    "interestIncome": 0,
    "interestExpense": 12342000,
    "depreciationAndAmortization": 124708000,
    "ebitda": 198734000,
    "ebitdaratio": 0.3496474215,
    "operatingIncome": 90964000,
    "operatingIncomeRatio": 0.1600396915,
    "totalOtherIncomeExpensesNet": -31424000,
    "incomeBeforeTax": 59540000,
    "incomeBeforeTaxRatio": 0.1047531246,
    "incomeTaxExpense": 10820000,
    "netIncome": 48720000,
    "netIncomeRatio": 0.0857166986,
    "eps": 0.36,
    "epsdiluted": 0.36,
    "weightedAverageShsOut": 133682000,
    "weightedAverageShsOutDil": 133689000,
    "link": "https://www.sec.gov/Archives/edgar/data/731802/000073180221000040/0000731802-21-000040-index.htm",
    "finalLink": "https://www.sec.gov/Archives/edgar/data/731802/000073180221000040/ato-20210930.htm"
  },
  {
    "date": "2021-06-30",
    "symbol": "ATO",
    "reportedCurrency": "USD",
    "cik": "0000731802",
    "fillingDate": "2021-08-04",
    "acceptedDate": "2021-08-04 16:52:54",
    "calendarYear": "2021",
    "period": "Q3",
    "revenue": 605553000,
    "costOfRevenue": 271340000,
    "grossProfit": 334213000,
    "grossProfitRatio": 0.5519137053,
    "researchAndDevelopmentExpenses": 0,
    "generalAndAdministrativeExpenses": 0,
    "sellingAndMarketingExpenses": 0,
    "sellingGeneralAndAdministrativeExpenses": 0,
    "otherExpenses": 200823000,
    "operatingExpenses": 200823000,
    "costAndExpenses": 472163000,
    "interestIncome": 0,
    "interestExpense": 20962000,
    "depreciationAndAmortization": 119348000,
    "ebitda": 258625000,
    "ebitdaratio": 0.4270889584,
    "operatingIncome": 133390000,
    "operatingIncomeRatio": 0.2202779938,
    "totalOtherIncomeExpensesNet": -15075000,
    "incomeBeforeTax": 118315000,
    "incomeBeforeTaxRatio": 0.1953833934,
    "incomeTaxExpense": 15904000,
    "netIncome": 102411000,
    "netIncomeRatio": 0.1691197963,
    "eps": 0.78,
    "epsdiluted": 0.78,
    "weightedAverageShsOut": 131358000,
    "weightedAverageShsOutDil": 131486000,
    "link": "https://www.sec.gov/Archives/edgar/data/731802/000073180221000036/0000731802-21-000036-index.htm",
    "finalLink": "https://www.sec.gov/Archives/edgar/data/731802/000073180221000036/ato-20210630.htm"
  },
  {
    "date": "2021-03-31",
    "symbol": "ATO",
    "reportedCurrency": "USD",
    "cik": "0000731802",
    "fillingDate": "2021-05-05",
    "acceptedDate": "2021-05-05 16:43:13",
    "calendarYear": "2021",
    "period": "Q2",
    "revenue": 1319073000,
    "costOfRevenue": 730184000,
    "grossProfit": 588889000,
    "grossProfitRatio": 0.446441554,
    "researchAndDevelopmentExpenses": 0,
    "generalAndAdministrativeExpenses": 0,
    "sellingAndMarketingExpenses": 0,
    "sellingGeneralAndAdministrativeExpenses": 0,
    "otherExpenses": 207085000,
    "operatingExpenses": 207085000,
    "costAndExpenses": 937269000,
    "interestIncome": 0,
    "interestExpense": 26096000,
    "depreciationAndAmortization": 118636000,
    "ebitda": 503274000,
    "ebitdaratio": 0.3815361242,
    "operatingIncome": 381804000,
    "operatingIncomeRatio": 0.2894487265,
    "totalOtherIncomeExpensesNet": -23262000,
    "incomeBeforeTax": 358542000,
    "incomeBeforeTaxRatio": 0.2718136146,
    "incomeTaxExpense": 61788000,
    "netIncome": 296754000,
    "netIncomeRatio": 0.2249716278,
    "eps": 2.3,
    "epsdiluted": 2.3,
    "weightedAverageShsOut": 129161000,
    "weightedAverageShsOutDil": 129164000,
    "link": "https://www.sec.gov/Archives/edgar/data/731802/000073180221000022/0000731802-21-000022-index.htm",
    "finalLink": "https://www.sec.gov/Archives/edgar/data/731802/000073180221000022/ato-20210331.htm"
  },
  {
    "date": "2020-12-31",
    "symbol": "ATO",
    "reportedCurrency": "USD",
    "cik": "0000731802",
    "fillingDate": "2021-02-02",
    "acceptedDate": "2021-02-02 16:48:59",
    "calendarYear": "2021",
    "period": "Q1",
    "revenue": 914480000,
    "costOfRevenue": 426903000,
    "grossProfit": 487577000,
    "grossProfitRatio": 0.5331740443,
    "researchAndDevelopmentExpenses": 0,
    "generalAndAdministrativeExpenses": 0,
    "sellingAndMarketingExpenses": 0,
    "sellingGeneralAndAdministrativeExpenses": 0,
    "otherExpenses": 188737000,
    "operatingExpenses": 188737000,
    "costAndExpenses": 615640000,
    "interestIncome": 0,
    "interestExpense": 22010000,
    "depreciationAndAmortization": 115285000,
    "ebitda": 420197000,
    "ebitdaratio": 0.4594928265,
    "operatingIncome": 298840000,
    "operatingIncomeRatio": 0.3267868078,
    "totalOtherIncomeExpensesNet": -15938000,
    "incomeBeforeTax": 282902000,
    "incomeBeforeTaxRatio": 0.3093583239,
    "incomeTaxExpense": 65224000,
    "netIncome": 217678000,
    "netIncomeRatio": 0.2380347301,
    "eps": 1.71,
    "epsdiluted": 1.71,
    "weightedAverageShsOut": 127034000,
    "weightedAverageShsOutDil": 127034000,
    "link": "https://www.sec.gov/Archives/edgar/data/731802/000073180221000011/0000731802-21-000011-index.htm",
    "finalLink": "https://www.sec.gov/Archives/edgar/data/731802/000073180221000011/ato-20201231.htm"
  },
  {
    "date": "2020-09-30",
    "symbol": "ATO",
    "reportedCurrency": "USD",
    "cik": "0000731802",
    "fillingDate": "2020-11-13",
    "acceptedDate": "2020-11-13 13:00:52",
    "calendarYear": "2020",
    "period": "Q4",
    "revenue": 474914000,
    "costOfRevenue": 198103000,
    "grossProfit": 276811000,
    "grossProfitRatio": 0.5828655293,
    "researchAndDevelopmentExpenses": 0,
    "generalAndAdministrativeExpenses": 0,
    "sellingAndMarketingExpenses": 0,
    "sellingGeneralAndAdministrativeExpenses": 0,
    "otherExpenses": 175966000,
    "operatingExpenses": 175966000,
    "costAndExpenses": 374069000,
    "interestIncome": 0,
    "interestExpense": 12562000,
    "depreciationAndAmortization": 111746000,
    "ebitda": 210629000,
    "ebitdaratio": 0.4435097723,
    "operatingIncome": 100845000,
    "operatingIncomeRatio": 0.2123437085,
    "totalOtherIncomeExpensesNet": -17456000,
    "incomeBeforeTax": 83389000,
    "incomeBeforeTaxRatio": 0.1755875801,
    "incomeTaxExpense": 18056000,
    "netIncome": 65333000,
    "netIncomeRatio": 0.137568065,
    "eps": 0.53,
    "epsdiluted": 0.53,
    "weightedAverageShsOut": 124096000,
    "weightedAverageShsOutDil": 124100000,
    "link": "https://www.sec.gov/Archives/edgar/data/731802/000073180220000040/0000731802-20-000040-index.htm",
    "finalLink": "https://www.sec.gov/Archives/edgar/data/731802/000073180220000040/ato202093010-k.htm"
  },
  {
    "date": "2020-06-30",
    "symbol": "ATO",
    "reportedCurrency": "USD",
    "cik": "0000731802",
    "fillingDate": "2020-08-05",
    "acceptedDate": "2020-08-05 16:57:19",
    "calendarYear": "2020",
    "period": "Q3",
    "revenue": 492995000,
    "costOfRevenue": 175532000,
    "grossProfit": 317463000,
    "grossProfitRatio": 0.6439477074,
    "researchAndDevelopmentExpenses": 0,
    "generalAndAdministrativeExpenses": 0,
    "sellingAndMarketingExpenses": 0,
    "sellingGeneralAndAdministrativeExpenses": 0,
    "otherExpenses": 178428000,
    "operatingExpenses": 178428000,
    "costAndExpenses": 353960000,
    "interestIncome": 0,
    "interestExpense": 19580000,
    "depreciationAndAmortization": 107104000,
    "ebitda": 253374000,
    "ebitdaratio": 0.5139484173,
    "operatingIncome": 139035000,
    "operatingIncomeRatio": 0.2820211158,
    "totalOtherIncomeExpensesNet": -12345000,
    "incomeBeforeTax": 126690000,
    "incomeBeforeTaxRatio": 0.2569802939,
    "incomeTaxExpense": 8899000,
    "netIncome": 117791000,
    "netIncomeRatio": 0.2389294009,
    "eps": 0.96,
    "epsdiluted": 0.96,
    "weightedAverageShsOut": 123026000,
    "weightedAverageShsOutDil": 123032000,
    "link": "https://www.sec.gov/Archives/edgar/data/731802/000073180220000032/0000731802-20-000032-index.htm",
    "finalLink": "https://www.sec.gov/Archives/edgar/data/731802/000073180220000032/ato2020063010-q.htm"
  },
  {
    "date": "2020-03-31",
    "symbol": "ATO",
    "reportedCurrency": "USD",
    "cik": "0000731802",
    "fillingDate": "2020-05-06",
    "acceptedDate": "2020-05-06 17:09:13",
    "calendarYear": "2020",
    "period": "Q2",
    "revenue": 977665000,
    "costOfRevenue": 465707000,
    "grossProfit": 511958000,
    "grossProfitRatio": 0.5236538078,
    "researchAndDevelopmentExpenses": 0,
    "generalAndAdministrativeExpenses": 0,
    "sellingAndMarketingExpenses": 0,
    "sellingGeneralAndAdministrativeExpenses": 0,
    "otherExpenses": 180520000,
    "operatingExpenses": 180520000,
    "costAndExpenses": 646227000,
    "interestIncome": 0,
    "interestExpense": 22171000,
    "depreciationAndAmortization": 105916000,
    "ebitda": 434365000,
    "ebitdaratio": 0.4442881764,
    "operatingIncome": 331438000,
    "operatingIncomeRatio": 0.3390097835,
    "totalOtherIncomeExpensesNet": -25160000,
    "incomeBeforeTax": 306278000,
    "incomeBeforeTaxRatio": 0.3132749971,
    "incomeTaxExpense": 66632000,
    "netIncome": 239646000,
    "netIncomeRatio": 0.2451207725,
    "eps": 1.95,
    "epsdiluted": 1.95,
    "weightedAverageShsOut": 122916000,
    "weightedAverageShsOutDil": 122997000,
    "link": "https://www.sec.gov/Archives/edgar/data/731802/000073180220000019/0000731802-20-000019-index.htm",
    "finalLink": "https://www.sec.gov/Archives/edgar/data/731802/000073180220000019/ato2020033110-q.htm"
  },
  {
    "date": "2019-12-31",
    "symbol": "ATO",
    "reportedCurrency": "USD",
    "cik": "0000731802",
    "fillingDate": "2020-02-04",
    "acceptedDate": "2020-02-04 16:48:36",
    "calendarYear": "2020",
    "period": "Q1",
    "revenue": 875563000,
    "costOfRevenue": 449113000,
    "grossProfit": 426450000,
    "grossProfitRatio": 0.4870580415,
    "researchAndDevelopmentExpenses": 0,
    "generalAndAdministrativeExpenses": 0,
    "sellingAndMarketingExpenses": 0,
    "sellingGeneralAndAdministrativeExpenses": 0,
    "otherExpenses": 173669000,
    "operatingExpenses": 173669000,
    "costAndExpenses": 622782000,
    "interestIncome": 0,
    "interestExpense": 27229000,
    "depreciationAndAmortization": 105062000,
    "ebitda": 362730000,
    "ebitdaratio": 0.4142820105,
    "operatingIncome": 252781000,
    "operatingIncomeRatio": 0.2887068092,
    "totalOtherIncomeExpensesNet": -22342000,
    "incomeBeforeTax": 230439000,
    "incomeBeforeTaxRatio": 0.2631895135,
    "incomeTaxExpense": 51766000,
    "netIncome": 178673000,
    "netIncomeRatio": 0.2040664121,
    "eps": 1.47,
    "epsdiluted": 1.47,
    "weightedAverageShsOut": 121113000,
    "weightedAverageShsOutDil": 121359000,
    "link": "https://www.sec.gov/Archives/edgar/data/731802/000073180220000010/0000731802-20-000010-index.htm",
    "finalLink": "https://www.sec.gov/Archives/edgar/data/731802/000073180220000010/ato2019123110-q.htm"
  },
  {
    "date": "2019-09-30",
    "symbol": "ATO",
    "reportedCurrency": "USD",
    "cik": "0000731802",
    "fillingDate": "2019-11-12",
    "acceptedDate": "2019-11-12 12:40:29",
    "calendarYear": "2019",
    "period": "Q4",
    "revenue": 443683000,
    "costOfRevenue": 191406000,
    "grossProfit": 252277000,
    "grossProfitRatio": 0.5685973995,
    "researchAndDevelopmentExpenses": 0,
    "generalAndAdministrativeExpenses": 0,
    "sellingAndMarketingExpenses": 0,
    "sellingGeneralAndAdministrativeExpenses": 0,
    "otherExpenses": 162562000,
    "operatingExpenses": 162562000,
    "costAndExpenses": 353968000,
    "interestIncome": 0,
    "interestExpense": 28763000,
    "depreciationAndAmortization": 100919000,
    "ebitda": 199884000,
    "ebitdaratio": 0.4505108377,
    "operatingIncome": 89715000,
    "operatingIncomeRatio": 0.202205178,
    "totalOtherIncomeExpensesNet": -19513000,
    "incomeBeforeTax": 70202000,
    "incomeBeforeTaxRatio": 0.15822558,
    "incomeTaxExpense": 11796000,
    "netIncome": 58406000,
    "netIncomeRatio": 0.1316390306,
    "eps": 0.49,
    "epsdiluted": 0.49,
    "weightedAverageShsOut": 119345000,
    "weightedAverageShsOutDil": 119824000,
    "link": "https://www.sec.gov/Archives/edgar/data/731802/000073180219000037/0000731802-19-000037-index.htm",
    "finalLink": "https://www.sec.gov/Archives/edgar/data/731802/000073180219000037/ato201993010-k.htm"
  },
  {
    "date": "2019-06-30",
    "symbol": "ATO",
    "reportedCurrency": "USD",
    "cik": "0000731802",
    "fillingDate": "2019-08-07",
    "acceptedDate": "2019-08-07 16:50:09",
    "calendarYear": "2019",
    "period": "Q3",
    "revenue": 485738000,
    "costOfRevenue": 195871000,
    "grossProfit": 289867000,
    "grossProfitRatio": 0.5967558643,
    "researchAndDevelopmentExpenses": 0,
    "generalAndAdministrativeExpenses": 0,
    "sellingAndMarketingExpenses": 0,
    "sellingGeneralAndAdministrativeExpenses": 0,
    "otherExpenses": 167665000,
    "operatingExpenses": 167665000,
    "costAndExpenses": 363536000,
    "interestIncome": 0,
    "interestExpense": 19592000,
    "depreciationAndAmortization": 97700000,
    "ebitda": 221547000,
    "ebitdaratio": 0.4561039079,
    "operatingIncome": 122202000,
    "operatingIncomeRatio": 0.2515800699,
    "totalOtherIncomeExpensesNet": -17947000,
    "incomeBeforeTax": 104255000,
    "incomeBeforeTaxRatio": 0.214632168,
    "incomeTaxExpense": 23789000,
    "netIncome": 80466000,
    "netIncomeRatio": 0.1656572061,
    "eps": 0.68,
    "epsdiluted": 0.68,
    "weightedAverageShsOut": 118075000,
    "weightedAverageShsOutDil": 118430000,
    "link": "https://www.sec.gov/Archives/edgar/data/731802/000073180219000031/0000731802-19-000031-index.htm",
    "finalLink": "https://www.sec.gov/Archives/edgar/data/731802/000073180219000031/ato2019063010.htm"
  },
  {
    "date": "2019-03-31",
    "symbol": "ATO",
    "reportedCurrency": "USD",
    "cik": "0000731802",
    "fillingDate": "2019-05-07",
    "acceptedDate": "2019-05-07 17:20:31",
    "calendarYear": "2019",
    "period": "Q2",
    "revenue": 1094645000,
    "costOfRevenue": 621103000,
    "grossProfit": 473542000,
    "grossProfitRatio": 0.4325986964,
    "researchAndDevelopmentExpenses": 0,
    "generalAndAdministrativeExpenses": 0,
    "sellingAndMarketingExpenses": 0,
    "sellingGeneralAndAdministrativeExpenses": 0,
    "otherExpenses": 175865000,
    "operatingExpenses": 175865000,
    "costAndExpenses": 796968000,
    "interestIncome": 0,
    "interestExpense": 26949000,
    "depreciationAndAmortization": 96772000,
    "ebitda": 398681000,
    "ebitdaratio": 0.3642103148,
    "operatingIncome": 297677000,
    "operatingIncomeRatio": 0.2719393045,
    "totalOtherIncomeExpensesNet": -22717000,
    "incomeBeforeTax": 274960000,
    "incomeBeforeTaxRatio": 0.2511864577,
    "incomeTaxExpense": 60072000,
    "netIncome": 214888000,
    "netIncomeRatio": 0.1963083922,
    "eps": 1.83,
    "epsdiluted": 1.82,
    "weightedAverageShsOut": 117581000,
    "weightedAverageShsOutDil": 117756000,
    "link": "https://www.sec.gov/Archives/edgar/data/731802/000073180219000015/0000731802-19-000015-index.htm",
    "finalLink": "https://www.sec.gov/Archives/edgar/data/731802/000073180219000015/ato2019033110-q.htm"
  },
  {
    "date": "2018-12-31",
    "symbol": "ATO",
    "reportedCurrency": "USD",
    "cik": "0000731802",
    "fillingDate": "2019-02-05",
    "acceptedDate": "2019-02-05 17:23:25",
    "calendarYear": "2019",
    "period": "Q1",
    "revenue": 877782000,
    "costOfRevenue": 480765000,
    "grossProfit": 397017000,
    "grossProfitRatio": 0.4522956725,
    "researchAndDevelopmentExpenses": 0,
    "generalAndAdministrativeExpenses": 0,
    "sellingAndMarketingExpenses": 0,
    "sellingGeneralAndAdministrativeExpenses": 0,
    "otherExpenses": 160553000,
    "operatingExpenses": 160553000,
    "costAndExpenses": 641318000,
    "interestIncome": 0,
    "interestExpense": 27849000,
    "depreciationAndAmortization": 96065000,
    "ebitda": 324806000,
    "ebitdaratio": 0.370030372,
    "operatingIncome": 236464000,
    "operatingIncomeRatio": 0.2693880713,
    "totalOtherIncomeExpensesNet": -35572000,
    "incomeBeforeTax": 200892000,
    "incomeBeforeTaxRatio": 0.2288632029,
    "incomeTaxExpense": 43246000,
    "netIncome": 157646000,
    "netIncomeRatio": 0.179595845,
    "eps": 1.38,
    "epsdiluted": 1.38,
    "weightedAverageShsOut": 113800000,
    "weightedAverageShsOutDil": 113832000,
    "link": "https://www.sec.gov/Archives/edgar/data/731802/000073180219000007/0000731802-19-000007-index.htm",
    "finalLink": "https://www.sec.gov/Archives/edgar/data/731802/000073180219000007/ato2018123110-q.htm"
  },
  {
    "date": "2018-09-30",
    "symbol": "ATO",
    "reportedCurrency": "USD",
    "cik": "0000731802",
    "fillingDate": "2018-11-13",
    "acceptedDate": "2018-11-13 07:30:41",
    "calendarYear": "2018",
    "period": "Q4",
    "revenue": 444700000,
    "costOfRevenue": 206965000,
    "grossProfit": 237735000,
    "grossProfitRatio": 0.5345963571,
    "researchAndDevelopmentExpenses": 0,
    "generalAndAdministrativeExpenses": 0,
    "sellingAndMarketingExpenses": 0,
    "sellingGeneralAndAdministrativeExpenses": 0,
    "otherExpenses": 148143000,
    "operatingExpenses": 148143000,
    "costAndExpenses": 355108000,
    "interestIncome": 0,
    "interestExpense": 24484000,
    "depreciationAndAmortization": 92657000,
    "ebitda": 181196000,
    "ebitdaratio": 0.4074567124,
    "operatingIncome": 89592000,
    "operatingIncomeRatio": 0.201466157,
    "totalOtherIncomeExpensesNet": -25537000,
    "incomeBeforeTax": 64055000,
    "incomeBeforeTaxRatio": 0.1440409265,
    "incomeTaxExpense": 25308000,
    "netIncome": 38747000,
    "netIncomeRatio": 0.0871306499,
    "eps": 0.35,
    "epsdiluted": 0.35,
    "weightedAverageShsOut": 111926000,
    "weightedAverageShsOutDil": 111926000,
    "link": "https://www.sec.gov/Archives/edgar/data/731802/000073180218000039/0000731802-18-000039-index.htm",
    "finalLink": "https://www.sec.gov/Archives/edgar/data/731802/000073180218000039/ato201893010-k.htm"
  },
  {
    "date": "2018-06-30",
    "symbol": "ATO",
    "reportedCurrency": "USD",
    "cik": "0000731802",
    "fillingDate": "2018-08-08",
    "acceptedDate": "2018-08-08 17:18:49",
    "calendarYear": "2018",
    "period": "Q3",
    "revenue": 562245000,
    "costOfRevenue": 274634000,
    "grossProfit": 287611000,
    "grossProfitRatio": 0.5115403427,
    "researchAndDevelopmentExpenses": 0,
    "generalAndAdministrativeExpenses": 0,
    "sellingAndMarketingExpenses": 0,
    "sellingGeneralAndAdministrativeExpenses": 0,
    "otherExpenses": 163291000,
    "operatingExpenses": 163291000,
    "costAndExpenses": 437925000,
    "interestIncome": 0,
    "interestExpense": 23349000,
    "depreciationAndAmortization": 90671000,
    "ebitda": 211661000,
    "ebitdaratio": 0.3764568827,
    "operatingIncome": 124320000,
    "operatingIncomeRatio": 0.2211135715,
    "totalOtherIncomeExpensesNet": -26679000,
    "incomeBeforeTax": 97641000,
    "incomeBeforeTaxRatio": 0.1736627271,
    "incomeTaxExpense": 26448000,
    "netIncome": 71193000,
    "netIncomeRatio": 0.1266227356,
    "eps": 0.64,
    "epsdiluted": 0.64,
    "weightedAverageShsOut": 111851000,
    "weightedAverageShsOutDil": 111851000,
    "link": "https://www.sec.gov/Archives/edgar/data/731802/000073180218000029/0000731802-18-000029-index.htm",
    "finalLink": "https://www.sec.gov/Archives/edgar/data/731802/000073180218000029/ato201863010-q.htm"
  },
  {
    "date": "2018-03-31",
    "symbol": "ATO",
    "reportedCurrency": "USD",
    "cik": "0000731802",
    "fillingDate": "2018-05-02",
    "acceptedDate": "2018-05-02 17:16:15",
    "calendarYear": "2018",
    "period": "Q2",
    "revenue": 1219409000,
    "costOfRevenue": 786119000,
    "grossProfit": 433290000,
    "grossProfitRatio": 0.3553278678,
    "researchAndDevelopmentExpenses": 0,
    "generalAndAdministrativeExpenses": 0,
    "sellingAndMarketingExpenses": 0,
    "sellingGeneralAndAdministrativeExpenses": 0,
    "otherExpenses": 162388000,
    "operatingExpenses": 162388000,
    "costAndExpenses": 948507000,
    "interestIncome": 0,
    "interestExpense": 27304000,
    "depreciationAndAmortization": 89381000,
    "ebitda": 358116000,
    "ebitdaratio": 0.2936799712,
    "operatingIncome": 270902000,
    "operatingIncomeRatio": 0.222158439,
    "totalOtherIncomeExpensesNet": -29471000,
    "incomeBeforeTax": 241431000,
    "incomeBeforeTaxRatio": 0.1979901739,
    "incomeTaxExpense": 62439000,
    "netIncome": 178992000,
    "netIncomeRatio": 0.146785861,
    "eps": 1.6,
    "epsdiluted": 1.6,
    "weightedAverageShsOut": 111706000,
    "weightedAverageShsOutDil": 111706000,
    "link": "https://www.sec.gov/Archives/edgar/data/731802/000073180218000020/0000731802-18-000020-index.htm",
    "finalLink": "https://www.sec.gov/Archives/edgar/data/731802/000073180218000020/ato201833110-q.htm"
  },
  {
    "date": "2017-12-31",
    "symbol": "ATO",
    "reportedCurrency": "USD",
    "cik": "0000731802",
    "fillingDate": "2018-02-06",
    "acceptedDate": "2018-02-06 17:09:44",
    "calendarYear": "2018",
    "period": "Q1",
    "revenue": 889192000,
    "costOfRevenue": 495962000,
    "grossProfit": 393230000,
    "grossProfitRatio": 0.4422329486,
    "researchAndDevelopmentExpenses": 0,
    "generalAndAdministrativeExpenses": 0,
    "sellingAndMarketingExpenses": 0,
    "sellingGeneralAndAdministrativeExpenses": 0,
    "otherExpenses": 151147000,
    "operatingExpenses": 151147000,
    "costAndExpenses": 647109000,
    "interestIncome": 0,
    "interestExpense": 31509000,
    "depreciationAndAmortization": 88374000,
    "ebitda": 327900000,
    "ebitdaratio": 0.3687617522,
    "operatingIncome": 242083000,
    "operatingIncomeRatio": 0.2722505376,
    "totalOtherIncomeExpensesNet": -34066000,
    "incomeBeforeTax": 208017000,
    "incomeBeforeTaxRatio": 0.2339393517,
    "incomeTaxExpense": -106115000,
    "netIncome": 314132000,
    "netIncomeRatio": 0.3532780322,
    "eps": 2.89,
    "epsdiluted": 2.89,
    "weightedAverageShsOut": 108564000,
    "weightedAverageShsOutDil": 108564000,
    "link": "https://www.sec.gov/Archives/edgar/data/731802/000073180218000005/0000731802-18-000005-index.htm",
    "finalLink": "https://www.sec.gov/Archives/edgar/data/731802/000073180218000005/ato2017123110-q.htm"
  },
  {
    "date": "2017-09-30",
    "symbol": "ATO",
    "reportedCurrency": "USD",
    "cik": "0000731802",
    "fillingDate": "2017-11-13",
    "acceptedDate": "2017-11-13 12:51:18",
    "calendarYear": "2017",
    "period": "Q4",
    "revenue": 464880000,
    "costOfRevenue": 233492000,
    "grossProfit": 231388000,
    "grossProfitRatio": 0.4977370504,
    "researchAndDevelopmentExpenses": 0,
    "generalAndAdministrativeExpenses": 0,
    "sellingAndMarketingExpenses": 0,
    "sellingGeneralAndAdministrativeExpenses": 0,
    "otherExpenses": 139596000,
    "operatingExpenses": 139596000,
    "costAndExpenses": 373088000,
    "interestIncome": 0,
    "interestExpense": 33710000,
    "depreciationAndAmortization": 84800000,
    "ebitda": 173772000,
    "ebitdaratio": 0.3737996902,
    "operatingIncome": 91792000,
    "operatingIncomeRatio": 0.1974531062,
    "totalOtherIncomeExpensesNet": -36530000,
    "incomeBeforeTax": 55262000,
    "incomeBeforeTaxRatio": 0.1188736878,
    "incomeTaxExpense": 19409000,
    "netIncome": 35853000,
    "netIncomeRatio": 0.0771231285,
    "eps": 0.34,
    "epsdiluted": 0.34,
    "weightedAverageShsOut": 106814000,
    "weightedAverageShsOutDil": 106814000,
    "link": "https://www.sec.gov/Archives/edgar/data/731802/000073180217000041/0000731802-17-000041-index.htm",
    "finalLink": "https://www.sec.gov/Archives/edgar/data/731802/000073180217000041/ato2017093010-k.htm"
  },
  {
    "date": "2017-06-30",
    "symbol": "ATO",
    "reportedCurrency": "USD",
    "cik": "0000731802",
    "fillingDate": "2017-08-02",
    "acceptedDate": "2017-08-02 17:13:54",
    "calendarYear": "2017",
    "period": "Q3",
    "revenue": 526501000,
    "costOfRevenue": 242866000,
    "grossProfit": 283635000,
    "grossProfitRatio": 0.5387169255,
    "researchAndDevelopmentExpenses": 0,
    "generalAndAdministrativeExpenses": 0,
    "sellingAndMarketingExpenses": 0,
    "sellingGeneralAndAdministrativeExpenses": 0,
    "otherExpenses": 142971000,
    "operatingExpenses": 142971000,
    "costAndExpenses": 385837000,
    "interestIncome": 0,
    "interestExpense": 28498000,
    "depreciationAndAmortization": 80023000,
    "ebitda": 220398000,
    "ebitdaratio": 0.4186088915,
    "operatingIncome": 140664000,
    "operatingIncomeRatio": 0.2671675837,
    "totalOtherIncomeExpensesNet": -28787000,
    "incomeBeforeTax": 111877000,
    "incomeBeforeTaxRatio": 0.2124915242,
    "incomeTaxExpense": 41069000,
    "netIncome": 70808000,
    "netIncomeRatio": 0.1344878737,
    "eps": 0.67,
    "epsdiluted": 0.67,
    "weightedAverageShsOut": 106364000,
    "weightedAverageShsOutDil": 106364000,
    "link": "https://www.sec.gov/Archives/edgar/data/731802/000073180217000033/0000731802-17-000033-index.htm",
    "finalLink": "https://www.sec.gov/Archives/edgar/data/731802/000073180217000033/ato2017063010-q.htm"
  },
  {
    "date": "2017-03-31",
    "symbol": "ATO",
    "reportedCurrency": "USD",
    "cik": "0000731802",
    "fillingDate": "2017-05-04",
    "acceptedDate": "2017-05-04 17:12:14",
    "calendarYear": "2017",
    "period": "Q2",
    "revenue": 988186000,
    "costOfRevenue": 559733000,
    "grossProfit": 428453000,
    "grossProfitRatio": 0.4335752581,
    "researchAndDevelopmentExpenses": 0,
    "generalAndAdministrativeExpenses": 0,
    "sellingAndMarketingExpenses": 0,
    "sellingGeneralAndAdministrativeExpenses": 0,
    "otherExpenses": 143281000,
    "operatingExpenses": 143281000,
    "costAndExpenses": 703014000,
    "interestIncome": 0,
    "interestExpense": 26944000,
    "depreciationAndAmortization": 77667000,
    "ebitda": 363672000,
    "ebitdaratio": 0.3680197857,
    "operatingIncome": 285172000,
    "operatingIncomeRatio": 0.2885812995,
    "totalOtherIncomeExpensesNet": -26111000,
    "incomeBeforeTax": 259061000,
    "incomeBeforeTaxRatio": 0.2621581362,
    "incomeTaxExpense": 97049000,
    "netIncome": 164728000,
    "netIncomeRatio": 0.1666973626,
    "eps": 1.55,
    "epsdiluted": 1.55,
    "weightedAverageShsOut": 105935000,
    "weightedAverageShsOutDil": 105935000,
    "link": "https://www.sec.gov/Archives/edgar/data/731802/000073180217000022/0000731802-17-000022-index.htm",
    "finalLink": "https://www.sec.gov/Archives/edgar/data/731802/000073180217000022/ato2017033110-q.htm"
  },
  {
    "date": "2016-12-31",
    "symbol": "ATO",
    "reportedCurrency": "USD",
    "cik": "0000731802",
    "fillingDate": "2017-02-07",
    "acceptedDate": "2017-02-07 17:10:46",
    "calendarYear": "2017",
    "period": "Q1",
    "revenue": 780168000,
    "costOfRevenue": 436243000,
    "grossProfit": 343925000,
    "grossProfitRatio": 0.4408345382,
    "researchAndDevelopmentExpenses": 0,
    "generalAndAdministrativeExpenses": 0,
    "sellingAndMarketingExpenses": 0,
    "sellingGeneralAndAdministrativeExpenses": 0,
    "otherExpenses": 134007000,
    "operatingExpenses": 134007000,
    "costAndExpenses": 570250000,
    "interestIncome": 0,
    "interestExpense": 31030000,
    "depreciationAndAmortization": 77143000,
    "ebitda": 286067000,
    "ebitdaratio": 0.3666735883,
    "operatingIncome": 209918000,
    "operatingIncomeRatio": 0.269067688,
    "totalOtherIncomeExpensesNet": -32024000,
    "incomeBeforeTax": 177894000,
    "incomeBeforeTaxRatio": 0.2280201187,
    "incomeTaxExpense": 63856000,
    "netIncome": 125032000,
    "netIncomeRatio": 0.1602629177,
    "eps": 1.19,
    "epsdiluted": 1.19,
    "weightedAverageShsOut": 105284000,
    "weightedAverageShsOutDil": 105284000,
    "link": "https://www.sec.gov/Archives/edgar/data/731802/000073180217000008/0000731802-17-000008-index.htm",
    "finalLink": "https://www.sec.gov/Archives/edgar/data/731802/000073180217000008/ato2016123110-q.htm"
  },
  {
    "date": "2016-09-30",
    "symbol": "ATO",
    "reportedCurrency": "USD",
    "cik": "0000731802",
    "fillingDate": "2016-11-14",
    "acceptedDate": "2016-11-14 15:32:24",
    "calendarYear": "2016",
    "period": "Q4",
    "revenue": 678519000,
    "costOfRevenue": 467316000,
    "grossProfit": 211203000,
    "grossProfitRatio": 0.3112705761,
    "researchAndDevelopmentExpenses": 0,
    "generalAndAdministrativeExpenses": 0,
    "sellingAndMarketingExpenses": 0,
    "sellingGeneralAndAdministrativeExpenses": 0,
    "otherExpenses": 126570000,
    "operatingExpenses": 126570000,
    "costAndExpenses": 593886000,
    "interestIncome": 0,
    "interestExpense": 30207000,
    "depreciationAndAmortization": 75443000,
    "ebitda": 160527000,
    "ebitdaratio": 0.2365843845,
    "operatingIncome": 84633000,
    "operatingIncomeRatio": 0.124731953,
    "totalOtherIncomeExpensesNet": -30739000,
    "incomeBeforeTax": 53894000,
    "incomeBeforeTaxRatio": 0.0794288738,
    "incomeTaxExpense": 19654000,
    "netIncome": 34240000,
    "netIncomeRatio": 0.0504628463,
    "eps": 0.33,
    "epsdiluted": 0.33,
    "weightedAverageShsOut": 104687000,
    "weightedAverageShsOutDil": 104687000,
    "link": "https://www.sec.gov/Archives/edgar/data/731802/000073180216000066/0000731802-16-000066-index.htm",
    "finalLink": "https://www.sec.gov/Archives/edgar/data/731802/000073180216000066/ato2016093010-k.htm"
  },
  {
    "date": "2016-06-30",
    "symbol": "ATO",
    "reportedCurrency": "USD",
    "cik": "0000731802",
    "fillingDate": "2016-08-03",
    "acceptedDate": "2016-08-03 17:11:01",
    "calendarYear": "2016",
    "period": "Q3",
    "revenue": 456212000,
    "costOfRevenue": 195971000,
    "grossProfit": 260241000,
    "grossProfitRatio": 0.5704387434,
    "researchAndDevelopmentExpenses": 0,
    "generalAndAdministrativeExpenses": 0,
    "sellingAndMarketingExpenses": 0,
    "sellingGeneralAndAdministrativeExpenses": 0,
    "otherExpenses": 131845000,
    "operatingExpenses": 131845000,
    "costAndExpenses": 327816000,
    "interestIncome": 0,
    "interestExpense": 27679000,
    "depreciationAndAmortization": 73459000,
    "ebitda": 202973000,
    "ebitdaratio": 0.4449093842,
    "operatingIncome": 128396000,
    "operatingIncomeRatio": 0.2814393308,
    "totalOtherIncomeExpensesNet": -26561000,
    "incomeBeforeTax": 101835000,
    "incomeBeforeTaxRatio": 0.2232185914,
    "incomeTaxExpense": 35692000,
    "netIncome": 71193000,
    "netIncomeRatio": 0.1560524493,
    "eps": 0.69,
    "epsdiluted": 0.69,
    "weightedAverageShsOut": 103750000,
    "weightedAverageShsOutDil": 103750000,
    "link": "https://www.sec.gov/Archives/edgar/data/731802/000073180216000055/0000731802-16-000055-index.htm",
    "finalLink": "https://www.sec.gov/Archives/edgar/data/731802/000073180216000055/ato2016063010-q.htm"
  },
  {
    "date": "2016-03-31",
    "symbol": "ATO",
    "reportedCurrency": "USD",
    "cik": "0000731802",
    "fillingDate": "2016-05-04",
    "acceptedDate": "2016-05-04 17:11:24",
    "calendarYear": "2016",
    "period": "Q2",
    "revenue": 890040000,
    "costOfRevenue": 505213000,
    "grossProfit": 384827000,
    "grossProfitRatio": 0.4323704553,
    "researchAndDevelopmentExpenses": 0,
    "generalAndAdministrativeExpenses": 0,
    "sellingAndMarketingExpenses": 0,
    "sellingGeneralAndAdministrativeExpenses": 0,
    "otherExpenses": 133171000,
    "operatingExpenses": 133171000,
    "costAndExpenses": 638384000,
    "interestIncome": 0,
    "interestExpense": 27559000,
    "depreciationAndAmortization": 71972000,
    "ebitda": 323299000,
    "ebitdaratio": 0.3632409779,
    "operatingIncome": 251656000,
    "operatingIncomeRatio": 0.2827468428,
    "totalOtherIncomeExpensesNet": -27888000,
    "incomeBeforeTax": 223768000,
    "incomeBeforeTaxRatio": 0.2514134196,
    "incomeTaxExpense": 80765000,
    "netIncome": 141810000,
    "netIncomeRatio": 0.1593299178,
    "eps": 1.38,
    "epsdiluted": 1.38,
    "weightedAverageShsOut": 102946000,
    "weightedAverageShsOutDil": 102946000,
    "link": "https://www.sec.gov/Archives/edgar/data/731802/000073180216000048/0000731802-16-000048-index.htm",
    "finalLink": "https://www.sec.gov/Archives/edgar/data/731802/000073180216000048/ato2016033110-q.htm"
  },
  {
    "date": "2015-12-31",
    "symbol": "ATO",
    "reportedCurrency": "USD",
    "cik": "0000731802",
    "fillingDate": "2016-02-02",
    "acceptedDate": "2016-02-02 17:18:12",
    "calendarYear": "2016",
    "period": "Q1",
    "revenue": 674753000,
    "costOfRevenue": 360154000,
    "grossProfit": 314599000,
    "grossProfitRatio": 0.4662432031,
    "researchAndDevelopmentExpenses": 0,
    "generalAndAdministrativeExpenses": 0,
    "sellingAndMarketingExpenses": 0,
    "sellingGeneralAndAdministrativeExpenses": 0,
    "otherExpenses": 121870000,
    "operatingExpenses": 121870000,
    "costAndExpenses": 482024000,
    "interestIncome": 0,
    "interestExpense": 29537000,
    "depreciationAndAmortization": 71239000,
    "ebitda": 263089000,
    "ebitdaratio": 0.3899041575,
    "operatingIncome": 192729000,
    "operatingIncomeRatio": 0.2856289635,
    "totalOtherIncomeExpensesNet": -30416000,
    "incomeBeforeTax": 162313000,
    "incomeBeforeTaxRatio": 0.2405517278,
    "incomeTaxExpense": 60767000,
    "netIncome": 102861000,
    "netIncomeRatio": 0.1524424493,
    "eps": 1,
    "epsdiluted": 1,
    "weightedAverageShsOut": 102713000,
    "weightedAverageShsOutDil": 102713000,
    "link": "https://www.sec.gov/Archives/edgar/data/731802/000073180216000037/0000731802-16-000037-index.htm",
    "finalLink": "https://www.sec.gov/Archives/edgar/data/731802/000073180216000037/ato2015123110-q.htm"
  },
  {
    "date": "2015-09-30",
    "symbol": "ATO",
    "reportedCurrency": "USD",
    "cik": "0000731802",
    "fillingDate": "2015-11-06",
    "acceptedDate": "2015-11-06 15:32:20",
    "calendarYear": "2015",
    "period": "Q4",
    "revenue": 656902000,
    "costOfRevenue": 459960000,
    "grossProfit": 196942000,
    "grossProfitRatio": 0.2998042326,
    "researchAndDevelopmentExpenses": 0,
    "generalAndAdministrativeExpenses": 0,
    "sellingAndMarketingExpenses": 0,
    "sellingGeneralAndAdministrativeExpenses": 0,
    "otherExpenses": 121089000,
    "operatingExpenses": 121089000,
    "costAndExpenses": 581049000,
    "interestIncome": 0,
    "interestExpense": 31075000,
    "depreciationAndAmortization": 71093000,
    "ebitda": 145191000,
    "ebitdaratio": 0.2210238361,
    "operatingIncome": 75853000,
    "operatingIncomeRatio": 0.1154708008,
    "totalOtherIncomeExpensesNet": -32830000,
    "incomeBeforeTax": 43023000,
    "incomeBeforeTaxRatio": 0.0654937875,
    "incomeTaxExpense": 19508000,
    "netIncome": 23515000,
    "netIncomeRatio": 0.035796816,
    "eps": 0.23,
    "epsdiluted": 0.23,
    "weightedAverageShsOut": 102234000,
    "weightedAverageShsOutDil": 102234000,
    "link": "https://www.sec.gov/Archives/edgar/data/731802/000073180215000030/0000731802-15-000030-index.htm",
    "finalLink": "https://www.sec.gov/Archives/edgar/data/731802/000073180215000030/ato2015093010-k.htm"
  },
  {
    "date": "2015-06-30",
    "symbol": "ATO",
    "reportedCurrency": "USD",
    "cik": "0000731802",
    "fillingDate": "2015-08-05",
    "acceptedDate": "2015-08-05 17:10:02",
    "calendarYear": "2015",
    "period": "Q3",
    "revenue": 686401000,
    "costOfRevenue": 437175000,
    "grossProfit": 249226000,
    "grossProfitRatio": 0.3630909629,
    "researchAndDevelopmentExpenses": 0,
    "generalAndAdministrativeExpenses": 0,
    "sellingAndMarketingExpenses": 0,
    "sellingGeneralAndAdministrativeExpenses": 0,
    "otherExpenses": 131619000,
    "operatingExpenses": 131619000,
    "costAndExpenses": 568794000,
    "interestIncome": 0,
    "interestExpense": 27955000,
    "depreciationAndAmortization": 68731000,
    "ebitda": 186972000,
    "ebitdaratio": 0.272394708,
    "operatingIncome": 117607000,
    "operatingIncomeRatio": 0.1713386198,
    "totalOtherIncomeExpensesNet": -27321000,
    "incomeBeforeTax": 90286000,
    "incomeBeforeTaxRatio": 0.1315353562,
    "incomeTaxExpense": 34005000,
    "netIncome": 56281000,
    "netIncomeRatio": 0.0819943444,
    "eps": 0.55,
    "epsdiluted": 0.55,
    "weightedAverageShsOut": 102000000,
    "weightedAverageShsOutDil": 102000000,
    "link": "https://www.sec.gov/Archives/edgar/data/731802/000073180215000025/0000731802-15-000025-index.htm",
    "finalLink": "https://www.sec.gov/Archives/edgar/data/731802/000073180215000025/ato2015063010-q.htm"
  },
  {
    "date": "2015-03-31",
    "symbol": "ATO",
    "reportedCurrency": "USD",
    "cik": "0000731802",
    "fillingDate": "2015-05-06",
    "acceptedDate": "2015-05-06 17:08:20",
    "calendarYear": "2015",
    "period": "Q2",
    "revenue": 1540068000,
    "costOfRevenue": 1152790000,
    "grossProfit": 387278000,
    "grossProfitRatio": 0.251468117,
    "researchAndDevelopmentExpenses": 0,
    "generalAndAdministrativeExpenses": 0,
    "sellingAndMarketingExpenses": 0,
    "sellingGeneralAndAdministrativeExpenses": 0,
    "otherExpenses": 137068000,
    "operatingExpenses": 137068000,
    "costAndExpenses": 1289858000,
    "interestIncome": 0,
    "interestExpense": 27447000,
    "depreciationAndAmortization": 68313000,
    "ebitda": 316962000,
    "ebitdaratio": 0.2058103928,
    "operatingIncome": 250210000,
    "operatingIncomeRatio": 0.1624668521,
    "totalOtherIncomeExpensesNet": -29008000,
    "incomeBeforeTax": 221202000,
    "incomeBeforeTaxRatio": 0.1436313202,
    "incomeTaxExpense": 83518000,
    "netIncome": 137684000,
    "netIncomeRatio": 0.0894012472,
    "eps": 1.35,
    "epsdiluted": 1.35,
    "weightedAverageShsOut": 101746000,
    "weightedAverageShsOutDil": 101746000,
    "link": "https://www.sec.gov/Archives/edgar/data/731802/000073180215000016/0000731802-15-000016-index.htm",
    "finalLink": "https://www.sec.gov/Archives/edgar/data/731802/000073180215000016/ato2015033110-q.htm"
  },
  {
    "date": "2014-12-31",
    "symbol": "ATO",
    "reportedCurrency": "USD",
    "cik": "0000731802",
    "fillingDate": "2015-02-03",
    "acceptedDate": "2015-02-03 17:08:13",
    "calendarYear": "2015",
    "period": "Q1",
    "revenue": 1258765000,
    "costOfRevenue": 954062000,
    "grossProfit": 304703000,
    "grossProfitRatio": 0.2420650399,
    "researchAndDevelopmentExpenses": 0,
    "generalAndAdministrativeExpenses": 0,
    "sellingAndMarketingExpenses": 0,
    "sellingGeneralAndAdministrativeExpenses": 0,
    "otherExpenses": 116978000,
    "operatingExpenses": 116978000,
    "costAndExpenses": 1071040000,
    "interestIncome": 0,
    "interestExpense": 29764000,
    "depreciationAndAmortization": 67868000,
    "ebitda": 253886000,
    "ebitdaratio": 0.201694518,
    "operatingIncome": 187725000,
    "operatingIncomeRatio": 0.1491342705,
    "totalOtherIncomeExpensesNet": -31471000,
    "incomeBeforeTax": 156254000,
    "incomeBeforeTaxRatio": 0.1241327809,
    "incomeTaxExpense": 58659000,
    "netIncome": 97595000,
    "netIncomeRatio": 0.0775323432,
    "eps": 0.96,
    "epsdiluted": 0.96,
    "weightedAverageShsOut": 101581000,
    "weightedAverageShsOutDil": 101581000,
    "link": "https://www.sec.gov/Archives/edgar/data/731802/000073180215000006/0000731802-15-000006-index.htm",
    "finalLink": "https://www.sec.gov/Archives/edgar/data/731802/000073180215000006/ato2014123110-q.htm"
  },
  {
    "date": "2014-09-30",
    "symbol": "ATO",
    "reportedCurrency": "USD",
    "cik": "0000731802",
    "fillingDate": "2014-11-06",
    "acceptedDate": "2014-11-06 15:28:29",
    "calendarYear": "2014",
    "period": "Q4",
    "revenue": 778728000,
    "costOfRevenue": 580232000,
    "grossProfit": 198496000,
    "grossProfitRatio": 0.2548977307,
    "researchAndDevelopmentExpenses": 0,
    "generalAndAdministrativeExpenses": 0,
    "sellingAndMarketingExpenses": 0,
    "sellingGeneralAndAdministrativeExpenses": 0,
    "otherExpenses": 114552000,
    "operatingExpenses": 114552000,
    "costAndExpenses": 694784000,
    "interestIncome": 0,
    "interestExpense": 33739000,
    "depreciationAndAmortization": 68556000,
    "ebitda": 151287000,
    "ebitdaratio": 0.1942745092,
    "operatingIncome": 83944000,
    "operatingIncomeRatio": 0.1077963037,
    "totalOtherIncomeExpensesNet": -34952000,
    "incomeBeforeTax": 48992000,
    "incomeBeforeTaxRatio": 0.0629128528,
    "incomeTaxExpense": 25279000,
    "netIncome": 23713000,
    "netIncomeRatio": 0.0304509405,
    "eps": 0.23,
    "epsdiluted": 0.23,
    "weightedAverageShsOut": 101248000,
    "weightedAverageShsOutDil": 101581000,
    "link": "https://www.sec.gov/Archives/edgar/data/731802/000073180214000034/0000731802-14-000034-index.htm",
    "finalLink": "https://www.sec.gov/Archives/edgar/data/731802/000073180214000034/ato2014093010-k.htm"
  },
  {
    "date": "2014-06-30",
    "symbol": "ATO",
    "reportedCurrency": "USD",
    "cik": "0000731802",
    "fillingDate": "2014-08-06",
    "acceptedDate": "2014-08-06 17:07:53",
    "calendarYear": "2014",
    "period": "Q3",
    "revenue": 943170000,
    "costOfRevenue": 709196000,
    "grossProfit": 233974000,
    "grossProfitRatio": 0.2480719276,
    "researchAndDevelopmentExpenses": 0,
    "generalAndAdministrativeExpenses": 0,
    "sellingAndMarketingExpenses": 0,
    "sellingGeneralAndAdministrativeExpenses": 0,
    "otherExpenses": 127369000,
    "operatingExpenses": 127369000,
    "costAndExpenses": 836565000,
    "interestIncome": 0,
    "interestExpense": 31840000,
    "depreciationAndAmortization": 64183000,
    "ebitda": 170414000,
    "ebitdaratio": 0.1806821676,
    "operatingIncome": 106605000,
    "operatingIncomeRatio": 0.1130284042,
    "totalOtherIncomeExpensesNet": -32214000,
    "incomeBeforeTax": 74391000,
    "incomeBeforeTaxRatio": 0.0788733738,
    "incomeTaxExpense": 28670000,
    "netIncome": 45721000,
    "netIncomeRatio": 0.0484758845,
    "eps": 0.45,
    "epsdiluted": 0.45,
    "weightedAverageShsOut": 101162000,
    "weightedAverageShsOutDil": 101163000,
    "link": "https://www.sec.gov/Archives/edgar/data/731802/000073180214000022/0000731802-14-000022-index.htm",
    "finalLink": "https://www.sec.gov/Archives/edgar/data/731802/000073180214000022/ato2014063010-q.htm"
  },
  {
    "date": "2014-03-31",
    "symbol": "ATO",
    "reportedCurrency": "USD",
    "cik": "0000731802",
    "fillingDate": "2014-05-07",
    "acceptedDate": "2014-05-07 17:11:09",
    "calendarYear": "2014",
    "period": "Q2",
    "revenue": 1964854000,
    "costOfRevenue": 1593252000,
    "grossProfit": 371602000,
    "grossProfitRatio": 0.1891244846,
    "researchAndDevelopmentExpenses": 0,
    "generalAndAdministrativeExpenses": 0,
    "sellingAndMarketingExpenses": 0,
    "sellingGeneralAndAdministrativeExpenses": 0,
    "otherExpenses": 121522000,
    "operatingExpenses": 121522000,
    "costAndExpenses": 1714774000,
    "interestIncome": 0,
    "interestExpense": 31601000,
    "depreciationAndAmortization": 61527000,
    "ebitda": 310091000,
    "ebitdaratio": 0.1578188507,
    "operatingIncome": 250080000,
    "operatingIncomeRatio": 0.1272766323,
    "totalOtherIncomeExpensesNet": -33117000,
    "incomeBeforeTax": 216963000,
    "incomeBeforeTaxRatio": 0.1104219448,
    "incomeTaxExpense": 83596000,
    "netIncome": 133367000,
    "netIncomeRatio": 0.06787629,
    "eps": 1.38,
    "epsdiluted": 1.38,
    "weightedAverageShsOut": 96174000,
    "weightedAverageShsOutDil": 96176000,
    "link": "https://www.sec.gov/Archives/edgar/data/731802/000073180214000014/0000731802-14-000014-index.htm",
    "finalLink": "https://www.sec.gov/Archives/edgar/data/731802/000073180214000014/ato2014033110-q.htm"
  },
  {
    "date": "2013-12-31",
    "symbol": "ATO",
    "reportedCurrency": "USD",
    "cik": "0000731802",
    "fillingDate": "2014-02-04",
    "acceptedDate": "2014-02-04 17:12:12",
    "calendarYear": "2014",
    "period": "Q1",
    "revenue": 1243858000,
    "costOfRevenue": 970658000,
    "grossProfit": 273200000,
    "grossProfitRatio": 0.2196392193,
    "researchAndDevelopmentExpenses": 0,
    "generalAndAdministrativeExpenses": 0,
    "sellingAndMarketingExpenses": 0,
    "sellingGeneralAndAdministrativeExpenses": 0,
    "otherExpenses": 102480000,
    "operatingExpenses": 102480000,
    "costAndExpenses": 1073138000,
    "interestIncome": 0,
    "interestExpense": 32115000,
    "depreciationAndAmortization": 60690000,
    "ebitda": 229278000,
    "ebitdaratio": 0.1843281146,
    "operatingIncome": 170720000,
    "operatingIncomeRatio": 0.1372503935,
    "totalOtherIncomeExpensesNet": -34247000,
    "incomeBeforeTax": 136473000,
    "incomeBeforeTaxRatio": 0.1097175079,
    "incomeTaxExpense": 49457000,
    "netIncome": 87016000,
    "netIncomeRatio": 0.0699565384,
    "eps": 0.96,
    "epsdiluted": 0.95,
    "weightedAverageShsOut": 90833000,
    "weightedAverageShsOutDil": 91746000,
    "link": "https://www.sec.gov/Archives/edgar/data/731802/000073180214000006/0000731802-14-000006-index.htm",
    "finalLink": "https://www.sec.gov/Archives/edgar/data/731802/000073180214000006/ato2013123110-q.htm"
  },
  {
    "date": "2013-09-30",
    "symbol": "ATO",
    "reportedCurrency": "USD",
    "cik": "0000731802",
    "fillingDate": "2013-11-13",
    "acceptedDate": "2013-11-13 09:26:25",
    "calendarYear": "2013",
    "period": "Q4",
    "revenue": 685171000,
    "costOfRevenue": 533880000,
    "grossProfit": 151291000,
    "grossProfitRatio": 0.2208076524,
    "researchAndDevelopmentExpenses": 0,
    "generalAndAdministrativeExpenses": 0,
    "sellingAndMarketingExpenses": 0,
    "sellingGeneralAndAdministrativeExpenses": 0,
    "otherExpenses": 100908000,
    "operatingExpenses": 100908000,
    "costAndExpenses": 634788000,
    "interestIncome": 0,
    "interestExpense": 31791000,
    "depreciationAndAmortization": 60424000,
    "ebitda": 108667000,
    "ebitdaratio": 0.1585983645,
    "operatingIncome": 50383000,
    "operatingIncomeRatio": 0.0735334683,
    "totalOtherIncomeExpensesNet": -33931000,
    "incomeBeforeTax": 16452000,
    "incomeBeforeTaxRatio": 0.0240115241,
    "incomeTaxExpense": 8916000,
    "netIncome": 7536000,
    "netIncomeRatio": 0.0109987142,
    "eps": 0.08,
    "epsdiluted": 0.08,
    "weightedAverageShsOut": 90640000,
    "weightedAverageShsOutDil": 91818000,
    "link": "https://www.sec.gov/Archives/edgar/data/731802/000073180213000017/0000731802-13-000017-index.htm",
    "finalLink": "https://www.sec.gov/Archives/edgar/data/731802/000073180213000017/ato0930201310-k.htm"
  },
  {
    "date": "2013-06-30",
    "symbol": "ATO",
    "reportedCurrency": "USD",
    "cik": "0000731802",
    "fillingDate": "2013-08-07",
    "acceptedDate": "2013-08-07 09:21:22",
    "calendarYear": "2013",
    "period": "Q3",
    "revenue": 857935000,
    "costOfRevenue": 662696000,
    "grossProfit": 195239000,
    "grossProfitRatio": 0.2275685221,
    "researchAndDevelopmentExpenses": 0,
    "generalAndAdministrativeExpenses": 0,
    "sellingAndMarketingExpenses": 0,
    "sellingGeneralAndAdministrativeExpenses": 0,
    "otherExpenses": 108843000,
    "operatingExpenses": 108843000,
    "costAndExpenses": 771539000,
    "interestIncome": 0,
    "interestExpense": 32741000,
    "depreciationAndAmortization": 58310000,
    "ebitda": 144239000,
    "ebitdaratio": 0.1681234592,
    "operatingIncome": 86396000,
    "operatingIncomeRatio": 0.1007022677,
    "totalOtherIncomeExpensesNet": -33208000,
    "incomeBeforeTax": 53188000,
    "incomeBeforeTaxRatio": 0.0619953726,
    "incomeTaxExpense": 19714000,
    "netIncome": 38768000,
    "netIncomeRatio": 0.0451875725,
    "eps": 0.43,
    "epsdiluted": 0.42,
    "weightedAverageShsOut": 90603000,
    "weightedAverageShsOutDil": 91550000,
    "link": "https://www.sec.gov/Archives/edgar/data/731802/000073180213000009/0000731802-13-000009-index.htm",
    "finalLink": "https://www.sec.gov/Archives/edgar/data/731802/000073180213000009/ato2013063010-q.htm"
  },
  {
    "date": "2013-03-31",
    "symbol": "ATO",
    "reportedCurrency": "USD",
    "cik": "0000731802",
    "fillingDate": "2013-05-02",
    "acceptedDate": "2013-05-02 11:51:03",
    "calendarYear": "2013",
    "period": "Q2",
    "revenue": 1308996000,
    "costOfRevenue": 987331000,
    "grossProfit": 321665000,
    "grossProfitRatio": 0.2457341352,
    "researchAndDevelopmentExpenses": 0,
    "generalAndAdministrativeExpenses": 0,
    "sellingAndMarketingExpenses": 0,
    "sellingGeneralAndAdministrativeExpenses": 0,
    "otherExpenses": 111487000,
    "operatingExpenses": 111487000,
    "costAndExpenses": 1098818000,
    "interestIncome": 0,
    "interestExpense": 33331000,
    "depreciationAndAmortization": 58245000,
    "ebitda": 270135000,
    "ebitdaratio": 0.2063680867,
    "operatingIncome": 210178000,
    "operatingIncomeRatio": 0.1605642798,
    "totalOtherIncomeExpensesNet": -31619000,
    "incomeBeforeTax": 178559000,
    "incomeBeforeTaxRatio": 0.1364091258,
    "incomeTaxExpense": 66219000,
    "netIncome": 116425000,
    "netIncomeRatio": 0.0889422122,
    "eps": 1.28,
    "epsdiluted": 1.27,
    "weightedAverageShsOut": 90530000,
    "weightedAverageShsOutDil": 91492000,
    "link": "https://www.sec.gov/Archives/edgar/data/731802/000119312513195072/0001193125-13-195072-index.htm",
    "finalLink": "https://www.sec.gov/Archives/edgar/data/731802/000119312513195072/d529384d10q.htm"
  },
  {
    "date": "2012-12-31",
    "symbol": "ATO",
    "reportedCurrency": "USD",
    "cik": "0000731802",
    "fillingDate": "2013-02-07",
    "acceptedDate": "2013-02-07 12:05:00",
    "calendarYear": "2013",
    "period": "Q1",
    "revenue": 1034155000,
    "costOfRevenue": 778320000,
    "grossProfit": 255835000,
    "grossProfitRatio": 0.2473855467,
    "researchAndDevelopmentExpenses": 0,
    "generalAndAdministrativeExpenses": 0,
    "sellingAndMarketingExpenses": 0,
    "sellingGeneralAndAdministrativeExpenses": 0,
    "otherExpenses": 100913000,
    "operatingExpenses": 100913000,
    "costAndExpenses": 879233000,
    "interestIncome": 0,
    "interestExpense": 30522000,
    "depreciationAndAmortization": 60628000,
    "ebitda": 216248000,
    "ebitdaratio": 0.2091059851,
    "operatingIncome": 154922000,
    "operatingIncomeRatio": 0.1498053967,
    "totalOtherIncomeExpensesNet": -29824000,
    "incomeBeforeTax": 125098000,
    "incomeBeforeTaxRatio": 0.1209663929,
    "incomeTaxExpense": 47750000,
    "netIncome": 80465000,
    "netIncomeRatio": 0.0778074853,
    "eps": 0.89,
    "epsdiluted": 0.88,
    "weightedAverageShsOut": 90359000,
    "weightedAverageShsOutDil": 91309000,
    "link": "https://www.sec.gov/Archives/edgar/data/731802/000119312513042832/0001193125-13-042832-index.htm",
    "finalLink": "https://www.sec.gov/Archives/edgar/data/731802/000119312513042832/d480508d10q.htm"
  },
  {
    "date": "2012-09-30",
    "symbol": "ATO",
    "reportedCurrency": "USD",
    "cik": "0000731802",
    "fillingDate": "2012-11-13",
    "acceptedDate": "2012-11-13 12:21:41",
    "calendarYear": "2012",
    "period": "Q4",
    "revenue": 508029000,
    "costOfRevenue": 733836000,
    "grossProfit": -225807000,
    "grossProfitRatio": -0.4444765948,
    "researchAndDevelopmentExpenses": 0,
    "generalAndAdministrativeExpenses": 0,
    "sellingAndMarketingExpenses": 0,
    "sellingGeneralAndAdministrativeExpenses": 0,
    "otherExpenses": -234489000,
    "operatingExpenses": -234489000,
    "costAndExpenses": 499347000,
    "interestIncome": 0,
    "interestExpense": 34149000,
    "depreciationAndAmortization": 62383000,
    "ebitda": 59628000,
    "ebitdaratio": 0.1173712524,
    "operatingIncome": 8682000,
    "operatingIncomeRatio": 0.0170895756,
    "totalOtherIncomeExpensesNet": -45586000,
    "incomeBeforeTax": -36904000,
    "incomeBeforeTaxRatio": -0.0726415224,
    "incomeTaxExpense": -27258000,
    "netIncome": 7967000,
    "netIncomeRatio": 0.0156821756,
    "eps": 0.088,
    "epsdiluted": 0.087,
    "weightedAverageShsOut": 90359000,
    "weightedAverageShsOutDil": 91309000,
    "link": "https://www.sec.gov/Archives/edgar/data/731802/000119312512466518/0001193125-12-466518-index.htm",
    "finalLink": "https://www.sec.gov/Archives/edgar/data/731802/000119312512466518/d434993d10k.htm"
  },
  {
    "date": "2012-06-30",
    "symbol": "ATO",
    "reportedCurrency": "USD",
    "cik": "0000731802",
    "fillingDate": "2012-08-09",
    "acceptedDate": "2012-08-09 12:47:16",
    "calendarYear": "2012",
    "period": "Q3",
    "revenue": 576414000,
    "costOfRevenue": 389288000,
    "grossProfit": 187126000,
    "grossProfitRatio": 0.3246381941,
    "researchAndDevelopmentExpenses": 0,
    "generalAndAdministrativeExpenses": 0,
    "sellingAndMarketingExpenses": 0,
    "sellingGeneralAndAdministrativeExpenses": 107295000,
    "otherExpenses": -1715000,
    "operatingExpenses": 105580000,
    "costAndExpenses": 494868000,
    "interestIncome": 0,
    "interestExpense": 34909000,
    "depreciationAndAmortization": 61459000,
    "ebitda": 140930000,
    "ebitdaratio": 0.2444944085,
    "operatingIncome": 81546000,
    "operatingIncomeRatio": 0.1414712342,
    "totalOtherIncomeExpensesNet": -36984000,
    "incomeBeforeTax": 44562000,
    "incomeBeforeTaxRatio": 0.0773090175,
    "incomeTaxExpense": 16548000,
    "netIncome": 31132000,
    "netIncomeRatio": 0.0540097916,
    "eps": 0.34,
    "epsdiluted": 0.34,
    "weightedAverageShsOut": 90118000,
    "weightedAverageShsOutDil": 90993000,
    "link": "https://www.sec.gov/Archives/edgar/data/731802/000119312512346532/0001193125-12-346532-index.htm",
    "finalLink": "https://www.sec.gov/Archives/edgar/data/731802/000119312512346532/d393346d10q.htm"
  },
  {
    "date": "2012-03-31",
    "symbol": "ATO",
    "reportedCurrency": "USD",
    "cik": "0000731802",
    "fillingDate": "2012-05-03",
    "acceptedDate": "2012-05-03 12:15:30",
    "calendarYear": "2012",
    "period": "Q2",
    "revenue": 1225509000,
    "costOfRevenue": 909022000,
    "grossProfit": 316487000,
    "grossProfitRatio": 0.2582494294,
    "researchAndDevelopmentExpenses": 0,
    "generalAndAdministrativeExpenses": 0,
    "sellingAndMarketingExpenses": 0,
    "sellingGeneralAndAdministrativeExpenses": 110708000,
    "otherExpenses": 3347000,
    "operatingExpenses": 114055000,
    "costAndExpenses": 1023077000,
    "interestIncome": 0,
    "interestExpense": 36643000,
    "depreciationAndAmortization": 61924000,
    "ebitda": 264862000,
    "ebitdaratio": 0.2161240758,
    "operatingIncome": 202432000,
    "operatingIncomeRatio": 0.1651819774,
    "totalOtherIncomeExpensesNet": -36137000,
    "incomeBeforeTax": 166295000,
    "incomeBeforeTaxRatio": 0.1356946379,
    "incomeTaxExpense": 64211000,
    "netIncome": 109111000,
    "netIncomeRatio": 0.0890332099,
    "eps": 1.2,
    "epsdiluted": 1.2,
    "weightedAverageShsOut": 90020000,
    "weightedAverageShsOutDil": 90322000,
    "link": "https://www.sec.gov/Archives/edgar/data/731802/000119312512207421/0001193125-12-207421-index.htm",
    "finalLink": "https://www.sec.gov/Archives/edgar/data/731802/000119312512207421/d343177d10q.htm"
  },
  {
    "date": "2011-12-31",
    "symbol": "ATO",
    "reportedCurrency": "USD",
    "cik": "0000731802",
    "fillingDate": "2012-02-08",
    "acceptedDate": "2012-02-08 15:13:50",
    "calendarYear": "2012",
    "period": "Q1",
    "revenue": 1083994000,
    "costOfRevenue": 843246000,
    "grossProfit": 240748000,
    "grossProfitRatio": 0.2220934802,
    "researchAndDevelopmentExpenses": 0,
    "generalAndAdministrativeExpenses": 0,
    "sellingAndMarketingExpenses": 0,
    "sellingGeneralAndAdministrativeExpenses": 116062000,
    "otherExpenses": -14785000,
    "operatingExpenses": 101277000,
    "costAndExpenses": 944523000,
    "interestIncome": 0,
    "interestExpense": 35726000,
    "depreciationAndAmortization": 60811000,
    "ebitda": 198266000,
    "ebitdaratio": 0.1829032264,
    "operatingIncome": 139471000,
    "operatingIncomeRatio": 0.1286639963,
    "totalOtherIncomeExpensesNet": -37742000,
    "incomeBeforeTax": 101729000,
    "incomeBeforeTaxRatio": 0.0938464604,
    "incomeTaxExpense": 39345000,
    "netIncome": 68507000,
    "netIncomeRatio": 0.0631986893,
    "eps": 0.75,
    "epsdiluted": 0.75,
    "weightedAverageShsOut": 90254000,
    "weightedAverageShsOutDil": 90546000,
    "link": "https://www.sec.gov/Archives/edgar/data/731802/000119312512046309/0001193125-12-046309-index.htm",
    "finalLink": "https://www.sec.gov/Archives/edgar/data/731802/000119312512046309/d292845d10q.htm"
  },
  {
    "date": "2011-09-30",
    "symbol": "ATO",
    "reportedCurrency": "USD",
    "cik": "0000731802",
    "fillingDate": "2011-11-22",
    "acceptedDate": "2011-11-22 17:26:01",
    "calendarYear": "2011",
    "period": "Q4",
    "revenue": 789260000,
    "costOfRevenue": 547216000,
    "grossProfit": 242044000,
    "grossProfitRatio": 0.3066720726,
    "researchAndDevelopmentExpenses": 0,
    "generalAndAdministrativeExpenses": 0,
    "sellingAndMarketingExpenses": 0,
    "sellingGeneralAndAdministrativeExpenses": 107973000,
    "otherExpenses": 92738000,
    "operatingExpenses": 200711000,
    "costAndExpenses": 747927000,
    "interestIncome": 0,
    "interestExpense": 38210000,
    "depreciationAndAmortization": 61508000,
    "ebitda": 100294000,
    "ebitdaratio": 0.1270734612,
    "operatingIncome": 41333000,
    "operatingIncomeRatio": 0.052369308,
    "totalOtherIncomeExpensesNet": -40757000,
    "incomeBeforeTax": 576000,
    "incomeBeforeTaxRatio": 0.0007297975,
    "incomeTaxExpense": -522000,
    "netIncome": 1961000,
    "netIncomeRatio": 0.0024846058,
    "eps": 0.022,
    "epsdiluted": 0.022,
    "weightedAverageShsOut": 90254000,
    "weightedAverageShsOutDil": 90546000,
    "link": "https://www.sec.gov/Archives/edgar/data/731802/000095012311100074/0000950123-11-100074-index.htm",
    "finalLink": "https://www.sec.gov/Archives/edgar/data/731802/000095012311100074/d85572e10vk.htm"
  },
  {
    "date": "2011-06-30",
    "symbol": "ATO",
    "reportedCurrency": "USD",
    "cik": "0000731802",
    "fillingDate": "2011-08-04",
    "acceptedDate": "2011-08-04 13:01:24",
    "calendarYear": "2011",
    "period": "Q3",
    "revenue": 843615000,
    "costOfRevenue": 576810000,
    "grossProfit": 266805000,
    "grossProfitRatio": 0.3162639356,
    "researchAndDevelopmentExpenses": 0,
    "generalAndAdministrativeExpenses": 0,
    "sellingAndMarketingExpenses": 0,
    "sellingGeneralAndAdministrativeExpenses": 112665000,
    "otherExpenses": 120062000,
    "operatingExpenses": 232727000,
    "costAndExpenses": 809537000,
    "interestIncome": 0,
    "interestExpense": 35845000,
    "depreciationAndAmortization": 58480000,
    "ebitda": 91128000,
    "ebitdaratio": 0.1080208389,
    "operatingIncome": 34078000,
    "operatingIncomeRatio": 0.040395204,
    "totalOtherIncomeExpensesNet": -37275000,
    "incomeBeforeTax": -3197000,
    "incomeBeforeTaxRatio": -0.0037896434,
    "incomeTaxExpense": -1723000,
    "netIncome": -566000,
    "netIncomeRatio": -0.0006709222,
    "eps": -0.0063,
    "epsdiluted": -0.0063,
    "weightedAverageShsOut": 90127000,
    "weightedAverageShsOutDil": 90127000,
    "link": "https://www.sec.gov/Archives/edgar/data/731802/000095012311072767/0000950123-11-072767-index.htm",
    "finalLink": "https://www.sec.gov/Archives/edgar/data/731802/000095012311072767/d83924e10vq.htm"
  },
  {
    "date": "2011-03-31",
    "symbol": "ATO",
    "reportedCurrency": "USD",
    "cik": "0000731802",
    "fillingDate": "2011-05-05",
    "acceptedDate": "2011-05-05 11:39:56",
    "calendarYear": "2011",
    "period": "Q2",
    "revenue": 1581497000,
    "costOfRevenue": 1127829000,
    "grossProfit": 453668000,
    "grossProfitRatio": 0.2868598549,
    "researchAndDevelopmentExpenses": 0,
    "generalAndAdministrativeExpenses": 0,
    "sellingAndMarketingExpenses": 0,
    "sellingGeneralAndAdministrativeExpenses": 114162000,
    "otherExpenses": 128307000,
    "operatingExpenses": 242469000,
    "costAndExpenses": 1370298000,
    "interestIncome": 0,
    "interestExpense": 37875000,
    "depreciationAndAmortization": 57188000,
    "ebitda": 294589000,
    "ebitdaratio": 0.1862722471,
    "operatingIncome": 211199000,
    "operatingIncomeRatio": 0.1335437247,
    "totalOtherIncomeExpensesNet": -11673000,
    "incomeBeforeTax": 199526000,
    "incomeBeforeTaxRatio": 0.1261627433,
    "incomeTaxExpense": 71366000,
    "netIncome": 132209000,
    "netIncomeRatio": 0.0835973764,
    "eps": 1.45,
    "epsdiluted": 1.45,
    "weightedAverageShsOut": 90246000,
    "weightedAverageShsOutDil": 90533000,
    "link": "https://www.sec.gov/Archives/edgar/data/731802/000095012311045348/0000950123-11-045348-index.htm",
    "finalLink": "https://www.sec.gov/Archives/edgar/data/731802/000095012311045348/d81287e10vq.htm"
  },
  {
    "date": "2010-12-31",
    "symbol": "ATO",
    "reportedCurrency": "USD",
    "cik": "0000731802",
    "fillingDate": "2011-02-09",
    "acceptedDate": "2011-02-09 14:59:50",
    "calendarYear": "2011",
    "period": "Q1",
    "revenue": 1133262000,
    "costOfRevenue": 768538000,
    "grossProfit": 364724000,
    "grossProfitRatio": 0.3218355508,
    "researchAndDevelopmentExpenses": 0,
    "generalAndAdministrativeExpenses": 0,
    "sellingAndMarketingExpenses": 0,
    "sellingGeneralAndAdministrativeExpenses": 114490000,
    "otherExpenses": 94945000,
    "operatingExpenses": 209435000,
    "costAndExpenses": 977973000,
    "interestIncome": 0,
    "interestExpense": 38895000,
    "depreciationAndAmortization": 56207000,
    "ebitda": 210770000,
    "ebitdaratio": 0.1859852355,
    "operatingIncome": 155289000,
    "operatingIncomeRatio": 0.1370283306,
    "totalOtherIncomeExpensesNet": -39621000,
    "incomeBeforeTax": 115668000,
    "incomeBeforeTaxRatio": 0.1020664242,
    "incomeTaxExpense": 44568000,
    "netIncome": 73997000,
    "netIncomeRatio": 0.0652955804,
    "eps": 0.81,
    "epsdiluted": 0.81,
    "weightedAverageShsOut": 90082000,
    "weightedAverageShsOutDil": 90408000,
    "link": "https://www.sec.gov/Archives/edgar/data/731802/000095012311010942/0000950123-11-010942-index.htm",
    "finalLink": "https://www.sec.gov/Archives/edgar/data/731802/000095012311010942/d78725e10vq.htm"
  },
  {
    "date": "2010-09-30",
    "symbol": "ATO",
    "reportedCurrency": "USD",
    "cik": "0000731802",
    "fillingDate": "2010-11-12",
    "acceptedDate": "2010-11-12 17:06:47",
    "calendarYear": "2010",
    "period": "Q4",
    "revenue": 786315000,
    "costOfRevenue": 539772000,
    "grossProfit": 246543000,
    "grossProfitRatio": 0.3135422827,
    "researchAndDevelopmentExpenses": 0,
    "generalAndAdministrativeExpenses": 0,
    "sellingAndMarketingExpenses": 0,
    "sellingGeneralAndAdministrativeExpenses": 0,
    "otherExpenses": 206352000,
    "operatingExpenses": 206352000,
    "costAndExpenses": 746124000,
    "interestIncome": 0,
    "interestExpense": 38891000,
    "depreciationAndAmortization": 56810000,
    "ebitda": 97732000,
    "ebitdaratio": 0.1242911556,
    "operatingIncome": 40191000,
    "operatingIncomeRatio": 0.0511131035,
    "totalOtherIncomeExpensesNet": -38160000,
    "incomeBeforeTax": 2031000,
    "incomeBeforeTaxRatio": 0.0025829343,
    "incomeTaxExpense": 494000,
    "netIncome": 1537000,
    "netIncomeRatio": 0.0019546874,
    "eps": 0.017,
    "epsdiluted": 0.017,
    "weightedAverageShsOut": 90082000,
    "weightedAverageShsOutDil": 90408000,
    "link": "https://www.sec.gov/Archives/edgar/data/731802/000095012310105040/0000950123-10-105040-index.htm",
    "finalLink": "https://www.sec.gov/Archives/edgar/data/731802/000095012310105040/d77592e10vk.htm"
  },
  {
    "date": "2010-06-30",
    "symbol": "ATO",
    "reportedCurrency": "USD",
    "cik": "0000731802",
    "fillingDate": "2010-08-05",
    "acceptedDate": "2010-08-05 12:44:37",
    "calendarYear": "2010",
    "period": "Q3",
    "revenue": 761305000,
    "costOfRevenue": 513639000,
    "grossProfit": 247666000,
    "grossProfitRatio": 0.325317711,
    "researchAndDevelopmentExpenses": 0,
    "generalAndAdministrativeExpenses": 0,
    "sellingAndMarketingExpenses": 0,
    "sellingGeneralAndAdministrativeExpenses": 111559000,
    "otherExpenses": 103848000,
    "operatingExpenses": 215407000,
    "costAndExpenses": 729046000,
    "interestIncome": 0,
    "interestExpense": 37267000,
    "depreciationAndAmortization": 53308000,
    "ebitda": 84769000,
    "ebitdaratio": 0.1113469634,
    "operatingIncome": 32259000,
    "operatingIncomeRatio": 0.0423732932,
    "totalOtherIncomeExpensesNet": -38065000,
    "incomeBeforeTax": -5806000,
    "incomeBeforeTaxRatio": -0.0076263784,
    "incomeTaxExpense": -1577000,
    "netIncome": -3154000,
    "netIncomeRatio": -0.0041428862,
    "eps": -0.034,
    "epsdiluted": -0.034,
    "weightedAverageShsOut": 92648000,
    "weightedAverageShsOutDil": 92648000,
    "link": "https://www.sec.gov/Archives/edgar/data/731802/000095012310073148/0000950123-10-073148-index.htm",
    "finalLink": "https://www.sec.gov/Archives/edgar/data/731802/000095012310073148/d74537e10vq.htm"
  },
  {
    "date": "2010-03-31",
    "symbol": "ATO",
    "reportedCurrency": "USD",
    "cik": "0000731802",
    "fillingDate": "2010-05-06",
    "acceptedDate": "2010-05-06 12:50:02",
    "calendarYear": "2010",
    "period": "Q2",
    "revenue": 1940266000,
    "costOfRevenue": 1485945000,
    "grossProfit": 454321000,
    "grossProfitRatio": 0.2341539768,
    "researchAndDevelopmentExpenses": 0,
    "generalAndAdministrativeExpenses": 0,
    "sellingAndMarketingExpenses": 0,
    "sellingGeneralAndAdministrativeExpenses": 117088000,
    "otherExpenses": 112693000,
    "operatingExpenses": 229781000,
    "costAndExpenses": 1715726000,
    "interestIncome": 0,
    "interestExpense": 39582000,
    "depreciationAndAmortization": 53140000,
    "ebitda": 277729000,
    "ebitdaratio": 0.143139652,
    "operatingIncome": 224540000,
    "operatingIncomeRatio": 0.1157264004,
    "totalOtherIncomeExpensesNet": -39533000,
    "incomeBeforeTax": 185007000,
    "incomeBeforeTaxRatio": 0.095351359,
    "incomeTaxExpense": 70881000,
    "netIncome": 114126000,
    "netIncomeRatio": 0.0588197701,
    "eps": 1.22,
    "epsdiluted": 1.22,
    "weightedAverageShsOut": 92518000,
    "weightedAverageShsOutDil": 92853000,
    "link": "https://www.sec.gov/Archives/edgar/data/731802/000095012310045280/0000950123-10-045280-index.htm",
    "finalLink": "https://www.sec.gov/Archives/edgar/data/731802/000095012310045280/d72740e10vq.htm"
  },
  {
    "date": "2009-12-31",
    "symbol": "ATO",
    "reportedCurrency": "USD",
    "cik": "0000731802",
    "fillingDate": "2010-02-03",
    "acceptedDate": "2010-02-03 12:13:45",
    "calendarYear": "2010",
    "period": "Q1",
    "revenue": 1292852000,
    "costOfRevenue": 882003000,
    "grossProfit": 410849000,
    "grossProfitRatio": 0.317785021,
    "researchAndDevelopmentExpenses": 0,
    "generalAndAdministrativeExpenses": 0,
    "sellingAndMarketingExpenses": 0,
    "sellingGeneralAndAdministrativeExpenses": 0,
    "otherExpenses": 220253000,
    "operatingExpenses": 220253000,
    "costAndExpenses": 1102256000,
    "interestIncome": 0,
    "interestExpense": 38708000,
    "depreciationAndAmortization": 53875000,
    "ebitda": 244202000,
    "ebitdaratio": 0.1888862762,
    "operatingIncome": 190596000,
    "operatingIncomeRatio": 0.1474229069,
    "totalOtherIncomeExpensesNet": -38977000,
    "incomeBeforeTax": 151619000,
    "incomeBeforeTaxRatio": 0.1172748311,
    "incomeTaxExpense": 58289000,
    "netIncome": 93330000,
    "netIncomeRatio": 0.0721892374,
    "eps": 1,
    "epsdiluted": 1,
    "weightedAverageShsOut": 92152000,
    "weightedAverageShsOutDil": 92509000,
    "link": "https://www.sec.gov/Archives/edgar/data/731802/000095012310008195/0000950123-10-008195-index.htm",
    "finalLink": "https://www.sec.gov/Archives/edgar/data/731802/000095012310008195/d70859e10vq.htm"
  },
  {
    "date": "2009-09-30",
    "symbol": "ATO",
    "reportedCurrency": "USD",
    "cik": "0000731802",
    "fillingDate": "2009-11-16",
    "acceptedDate": "2009-11-16 17:24:06",
    "calendarYear": "2009",
    "period": "Q4",
    "revenue": 650567000,
    "costOfRevenue": 418768000,
    "grossProfit": 231799000,
    "grossProfitRatio": 0.3563030403,
    "researchAndDevelopmentExpenses": 0,
    "generalAndAdministrativeExpenses": 0,
    "sellingAndMarketingExpenses": 0,
    "sellingGeneralAndAdministrativeExpenses": 0,
    "otherExpenses": 217821000,
    "operatingExpenses": 217821000,
    "costAndExpenses": 636589000,
    "interestIncome": 0,
    "interestExpense": 36795000,
    "depreciationAndAmortization": 56485000,
    "ebitda": 67807000,
    "ebitdaratio": 0.1042275431,
    "operatingIncome": 13978000,
    "operatingIncomeRatio": 0.0214858731,
    "totalOtherIncomeExpensesNet": -39451000,
    "incomeBeforeTax": -25473000,
    "incomeBeforeTaxRatio": -0.0391550755,
    "incomeTaxExpense": -9521000,
    "netIncome": -15952000,
    "netIncomeRatio": -0.0245201493,
    "eps": -0.17,
    "epsdiluted": -0.17,
    "weightedAverageShsOut": 92152000,
    "weightedAverageShsOutDil": 92509000,
    "link": "https://www.sec.gov/Archives/edgar/data/731802/000095012309063189/0000950123-09-063189-index.htm",
    "finalLink": "https://www.sec.gov/Archives/edgar/data/731802/000095012309063189/d70086e10vk.htm"
  },
  {
    "date": "2009-06-30",
    "symbol": "ATO",
    "reportedCurrency": "USD",
    "cik": "0000731802",
    "fillingDate": "2009-08-05",
    "acceptedDate": "2009-08-05 12:13:33",
    "calendarYear": "2009",
    "period": "Q3",
    "revenue": 780775000,
    "costOfRevenue": 521135000,
    "grossProfit": 259640000,
    "grossProfitRatio": 0.3325413852,
    "researchAndDevelopmentExpenses": 0,
    "generalAndAdministrativeExpenses": 0,
    "sellingAndMarketingExpenses": 0,
    "sellingGeneralAndAdministrativeExpenses": 0,
    "otherExpenses": 215957000,
    "operatingExpenses": 215957000,
    "costAndExpenses": 737092000,
    "interestIncome": 0,
    "interestExpense": 41511000,
    "depreciationAndAmortization": 54220000,
    "ebitda": 99122000,
    "ebitdaratio": 0.1269533476,
    "operatingIncome": 43683000,
    "operatingIncomeRatio": 0.0559482565,
    "totalOtherIncomeExpensesNet": -40292000,
    "incomeBeforeTax": 3391000,
    "incomeBeforeTaxRatio": 0.0043431206,
    "incomeTaxExpense": 1427000,
    "netIncome": 1964000,
    "netIncomeRatio": 0.0025154494,
    "eps": 0.02,
    "epsdiluted": 0.02,
    "weightedAverageShsOut": 91338000,
    "weightedAverageShsOutDil": 91652000,
    "link": "https://www.sec.gov/Archives/edgar/data/731802/000095012309030113/0000950123-09-030113-index.htm",
    "finalLink": "https://www.sec.gov/Archives/edgar/data/731802/000095012309030113/d68643e10vq.htm"
  },
  {
    "date": "2009-03-31",
    "symbol": "ATO",
    "reportedCurrency": "USD",
    "cik": "0000731802",
    "fillingDate": "2009-05-01",
    "acceptedDate": "2009-05-01 12:03:10",
    "calendarYear": "2009",
    "period": "Q2",
    "revenue": 1821406000,
    "costOfRevenue": 1361355000,
    "grossProfit": 460051000,
    "grossProfitRatio": 0.2525801496,
    "researchAndDevelopmentExpenses": 0,
    "generalAndAdministrativeExpenses": 0,
    "sellingAndMarketingExpenses": 0,
    "sellingGeneralAndAdministrativeExpenses": 0,
    "otherExpenses": 233504000,
    "operatingExpenses": 233504000,
    "costAndExpenses": 1594859000,
    "interestIncome": 0,
    "interestExpense": 35533000,
    "depreciationAndAmortization": 53463000,
    "ebitda": 278445000,
    "ebitdaratio": 0.1528736591,
    "operatingIncome": 226547000,
    "operatingIncomeRatio": 0.1243802864,
    "totalOtherIncomeExpensesNet": -37098000,
    "incomeBeforeTax": 189449000,
    "incomeBeforeTaxRatio": 0.1040125046,
    "incomeTaxExpense": 60446000,
    "netIncome": 129003000,
    "netIncomeRatio": 0.0708260542,
    "eps": 1.41,
    "epsdiluted": 1.4,
    "weightedAverageShsOut": 90895000,
    "weightedAverageShsOutDil": 91192000,
    "link": "https://www.sec.gov/Archives/edgar/data/731802/000095013409009049/0000950134-09-009049-index.htm",
    "finalLink": "https://www.sec.gov/Archives/edgar/data/731802/000095013409009049/d67477e10vq.htm"
  },
  {
    "date": "2008-12-31",
    "symbol": "ATO",
    "reportedCurrency": "USD",
    "cik": "0000731802",
    "fillingDate": "2009-02-04",
    "acceptedDate": "2009-02-04 17:24:29",
    "calendarYear": "2009",
    "period": "Q1",
    "revenue": 1716332000,
    "costOfRevenue": 1321120000,
    "grossProfit": 395212000,
    "grossProfitRatio": 0.2302654731,
    "researchAndDevelopmentExpenses": 0,
    "generalAndAdministrativeExpenses": 0,
    "sellingAndMarketingExpenses": 0,
    "sellingGeneralAndAdministrativeExpenses": 0,
    "otherExpenses": 232018000,
    "operatingExpenses": 232018000,
    "costAndExpenses": 1553138000,
    "interestIncome": 0,
    "interestExpense": 38991000,
    "depreciationAndAmortization": 53134000,
    "ebitda": 216027000,
    "ebitdaratio": 0.1258655085,
    "operatingIncome": 163194000,
    "operatingIncomeRatio": 0.0950830026,
    "totalOtherIncomeExpensesNet": -39292000,
    "incomeBeforeTax": 123902000,
    "incomeBeforeTaxRatio": 0.0721899959,
    "incomeTaxExpense": 47939000,
    "netIncome": 75963000,
    "netIncomeRatio": 0.0442589196,
    "eps": 0.83,
    "epsdiluted": 0.83,
    "weightedAverageShsOut": 90471000,
    "weightedAverageShsOutDil": 90769000,
    "link": "https://www.sec.gov/Archives/edgar/data/731802/000095013409001855/0000950134-09-001855-index.htm",
    "finalLink": "https://www.sec.gov/Archives/edgar/data/731802/000095013409001855/d66136e10vq.htm"
  },
  {
    "date": "2008-09-30",
    "symbol": "ATO",
    "reportedCurrency": "USD",
    "cik": "0000731802",
    "fillingDate": "2008-11-19",
    "acceptedDate": "2008-11-19 15:35:56",
    "calendarYear": "2008",
    "period": "Q4",
    "revenue": 1440665000,
    "costOfRevenue": 1166197000,
    "grossProfit": 274468000,
    "grossProfitRatio": 0.190514797,
    "researchAndDevelopmentExpenses": 0,
    "generalAndAdministrativeExpenses": 0,
    "sellingAndMarketingExpenses": 0,
    "sellingGeneralAndAdministrativeExpenses": 0,
    "otherExpenses": 236934000,
    "operatingExpenses": 236934000,
    "costAndExpenses": 1403131000,
    "interestIncome": 0,
    "interestExpense": 0,
    "depreciationAndAmortization": 52824000,
    "ebitda": 90358000,
    "ebitdaratio": 0.0627196468,
    "operatingIncome": 37534000,
    "operatingIncomeRatio": 0.0260532462,
    "totalOtherIncomeExpensesNet": -34362000,
    "incomeBeforeTax": 3172000,
    "incomeBeforeTaxRatio": 0.002201761,
    "incomeTaxExpense": 1590000,
    "netIncome": 1582000,
    "netIncomeRatio": 0.001098104,
    "eps": 0.017,
    "epsdiluted": 0.017,
    "weightedAverageShsOut": 90471000,
    "weightedAverageShsOutDil": 91066000,
    "link": "https://www.sec.gov/Archives/edgar/data/731802/000095013408020908/0000950134-08-020908-index.htm",
    "finalLink": "https://www.sec.gov/Archives/edgar/data/731802/000095013408020908/d65248e10vk.htm"
  },
  {
    "date": "2008-06-30",
    "symbol": "ATO",
    "reportedCurrency": "USD",
    "cik": "0000731802",
    "fillingDate": "2008-08-06",
    "acceptedDate": "2008-08-06 11:18:40",
    "calendarYear": "2008",
    "period": "Q3",
    "revenue": 1639145000,
    "costOfRevenue": 1392923000,
    "grossProfit": 246222000,
    "grossProfitRatio": 0.1502136785,
    "researchAndDevelopmentExpenses": 0,
    "generalAndAdministrativeExpenses": 0,
    "sellingAndMarketingExpenses": 0,
    "sellingGeneralAndAdministrativeExpenses": 0,
    "otherExpenses": 225513000,
    "operatingExpenses": 225513000,
    "costAndExpenses": 1618436000,
    "interestIncome": 0,
    "interestExpense": 33470000,
    "depreciationAndAmortization": 50395000,
    "ebitda": 72704000,
    "ebitdaratio": 0.0443548313,
    "operatingIncome": 20709000,
    "operatingIncomeRatio": 0.0126340257,
    "totalOtherIncomeExpensesNet": -31870000,
    "incomeBeforeTax": -11161000,
    "incomeBeforeTaxRatio": -0.0068090376,
    "incomeTaxExpense": -4573000,
    "netIncome": -6588000,
    "netIncomeRatio": -0.0040191685,
    "eps": -0.0735,
    "epsdiluted": -0.0735,
    "weightedAverageShsOut": 89648000,
    "weightedAverageShsOutDil": 89648000,
    "link": "https://www.sec.gov/Archives/edgar/data/731802/000095013408014266/0000950134-08-014266-index.htm",
    "finalLink": "https://www.sec.gov/Archives/edgar/data/731802/000095013408014266/d59060e10vq.htm"
  },
  {
    "date": "2008-03-31",
    "symbol": "ATO",
    "reportedCurrency": "USD",
    "cik": "0000731802",
    "fillingDate": "2008-05-06",
    "acceptedDate": "2008-05-06 17:08:42",
    "calendarYear": "2008",
    "period": "Q2",
    "revenue": 2483985000,
    "costOfRevenue": 2049591000,
    "grossProfit": 434394000,
    "grossProfitRatio": 0.1748778676,
    "researchAndDevelopmentExpenses": 0,
    "generalAndAdministrativeExpenses": 0,
    "sellingAndMarketingExpenses": 0,
    "sellingGeneralAndAdministrativeExpenses": 0,
    "otherExpenses": 223251000,
    "operatingExpenses": 223251000,
    "costAndExpenses": 2272842000,
    "interestIncome": 0,
    "interestExpense": 33516000,
    "depreciationAndAmortization": 48834000,
    "ebitda": 261444000,
    "ebitdaratio": 0.1052518433,
    "operatingIncome": 211143000,
    "operatingIncomeRatio": 0.085001721,
    "totalOtherIncomeExpensesNet": -32049000,
    "incomeBeforeTax": 179094000,
    "incomeBeforeTaxRatio": 0.0720994692,
    "incomeTaxExpense": 67560000,
    "netIncome": 111534000,
    "netIncomeRatio": 0.0449012373,
    "eps": 1.25,
    "epsdiluted": 1.24,
    "weightedAverageShsOut": 89314000,
    "weightedAverageShsOutDil": 89990000,
    "link": "https://www.sec.gov/Archives/edgar/data/731802/000095013408008581/0000950134-08-008581-index.htm",
    "finalLink": "https://www.sec.gov/Archives/edgar/data/731802/000095013408008581/d56325e10vq.htm"
  },
  {
    "date": "2007-12-31",
    "symbol": "ATO",
    "reportedCurrency": "USD",
    "cik": "0000731802",
    "fillingDate": "2008-02-06",
    "acceptedDate": "2008-02-06 09:52:46",
    "calendarYear": "2008",
    "period": "Q1",
    "revenue": 1657510000,
    "costOfRevenue": 1287872000,
    "grossProfit": 369638000,
    "grossProfitRatio": 0.223008006,
    "researchAndDevelopmentExpenses": 0,
    "generalAndAdministrativeExpenses": 0,
    "sellingAndMarketingExpenses": 0,
    "sellingGeneralAndAdministrativeExpenses": 0,
    "otherExpenses": 211129000,
    "operatingExpenses": 211129000,
    "costAndExpenses": 1499001000,
    "interestIncome": 0,
    "interestExpense": 0,
    "depreciationAndAmortization": 48536000,
    "ebitda": 207045000,
    "ebitdaratio": 0.1249132735,
    "operatingIncome": 158509000,
    "operatingIncomeRatio": 0.0956307956,
    "totalOtherIncomeExpensesNet": -36910000,
    "incomeBeforeTax": 121599000,
    "incomeBeforeTaxRatio": 0.0733624533,
    "incomeTaxExpense": 47796000,
    "netIncome": 73803000,
    "netIncomeRatio": 0.0445264282,
    "eps": 0.83,
    "epsdiluted": 0.82,
    "weightedAverageShsOut": 89006000,
    "weightedAverageShsOutDil": 89608000,
    "link": "https://www.sec.gov/Archives/edgar/data/731802/000095013408001764/0000950134-08-001764-index.htm",
    "finalLink": "https://www.sec.gov/Archives/edgar/data/731802/000095013408001764/d53608e10vq.htm"
  },
  {
    "date": "2007-09-30",
    "symbol": "ATO",
    "reportedCurrency": "USD",
    "cik": "0000731802",
    "fillingDate": "2007-11-29",
    "acceptedDate": "2007-11-29 12:40:21",
    "calendarYear": "2007",
    "period": "Q4",
    "revenue": 1002064000,
    "costOfRevenue": 783484000,
    "grossProfit": 218580000,
    "grossProfitRatio": 0.2181297801,
    "researchAndDevelopmentExpenses": 0,
    "generalAndAdministrativeExpenses": 0,
    "sellingAndMarketingExpenses": 0,
    "sellingGeneralAndAdministrativeExpenses": 0,
    "otherExpenses": 207847000,
    "operatingExpenses": 207847000,
    "costAndExpenses": 991331000,
    "interestIncome": 0,
    "interestExpense": 0,
    "depreciationAndAmortization": 49872000,
    "ebitda": 60605000,
    "ebitdaratio": 0.0604801689,
    "operatingIncome": 10733000,
    "operatingIncomeRatio": 0.0107108927,
    "totalOtherIncomeExpensesNet": -34462000,
    "incomeBeforeTax": -23729000,
    "incomeBeforeTaxRatio": -0.0236801242,
    "incomeTaxExpense": -17815000,
    "netIncome": -5914000,
    "netIncomeRatio": -0.0059018186,
    "eps": -0.0664,
    "epsdiluted": -0.066,
    "weightedAverageShsOut": 89006000,
    "weightedAverageShsOutDil": 89608000,
    "link": "https://www.sec.gov/Archives/edgar/data/731802/000095013407024659/0000950134-07-024659-index.htm",
    "finalLink": "https://www.sec.gov/Archives/edgar/data/731802/000095013407024659/d51644e10vk.htm"
  },
  {
    "date": "2007-06-30",
    "symbol": "ATO",
    "reportedCurrency": "USD",
    "cik": "0000731802",
    "fillingDate": "2007-08-08",
    "acceptedDate": "2007-08-08 12:43:46",
    "calendarYear": "2007",
    "period": "Q3",
    "revenue": 1218152000,
    "costOfRevenue": 990136000,
    "grossProfit": 228016000,
    "grossProfitRatio": 0.1871818952,
    "researchAndDevelopmentExpenses": 0,
    "generalAndAdministrativeExpenses": 0,
    "sellingAndMarketingExpenses": 0,
    "sellingGeneralAndAdministrativeExpenses": 0,
    "otherExpenses": 220285000,
    "operatingExpenses": 220285000,
    "costAndExpenses": 1210421000,
    "interestIncome": 0,
    "interestExpense": 0,
    "depreciationAndAmortization": 49004000,
    "ebitda": 56735000,
    "ebitdaratio": 0.0465746475,
    "operatingIncome": 7731000,
    "operatingIncomeRatio": 0.0063464986,
    "totalOtherIncomeExpensesNet": -30213000,
    "incomeBeforeTax": -22482000,
    "incomeBeforeTaxRatio": -0.0184558249,
    "incomeTaxExpense": -9122000,
    "netIncome": -13360000,
    "netIncomeRatio": -0.0109674326,
    "eps": -0.15,
    "epsdiluted": -0.15,
    "weightedAverageShsOut": 88366000,
    "weightedAverageShsOutDil": 88366000,
    "link": "https://www.sec.gov/Archives/edgar/data/731802/000095013407017310/0000950134-07-017310-index.htm",
    "finalLink": "https://www.sec.gov/Archives/edgar/data/731802/000095013407017310/d48890e10vq.htm"
  },
  {
    "date": "2007-03-31",
    "symbol": "ATO",
    "reportedCurrency": "USD",
    "cik": "0000731802",
    "fillingDate": "2007-05-03",
    "acceptedDate": "2007-05-03 12:47:23",
    "calendarYear": "2007",
    "period": "Q2",
    "revenue": 2075582000,
    "costOfRevenue": 1646896000,
    "grossProfit": 428686000,
    "grossProfitRatio": 0.2065377325,
    "researchAndDevelopmentExpenses": 0,
    "generalAndAdministrativeExpenses": 0,
    "sellingAndMarketingExpenses": 0,
    "sellingGeneralAndAdministrativeExpenses": 0,
    "otherExpenses": 219674000,
    "operatingExpenses": 219674000,
    "costAndExpenses": 1866570000,
    "interestIncome": 0,
    "interestExpense": 0,
    "depreciationAndAmortization": 51101000,
    "ebitda": 260113000,
    "ebitdaratio": 0.1253205125,
    "operatingIncome": 209012000,
    "operatingIncomeRatio": 0.10070043,
    "totalOtherIncomeExpensesNet": -33424000,
    "incomeBeforeTax": 175588000,
    "incomeBeforeTaxRatio": 0.084596995,
    "incomeTaxExpense": 69083000,
    "netIncome": 106505000,
    "netIncomeRatio": 0.0513133184,
    "eps": 1.21,
    "epsdiluted": 1.2,
    "weightedAverageShsOut": 88078000,
    "weightedAverageShsOutDil": 88735000,
    "link": "https://www.sec.gov/Archives/edgar/data/731802/000095013407010063/0000950134-07-010063-index.htm",
    "finalLink": "https://www.sec.gov/Archives/edgar/data/731802/000095013407010063/d46133e10vq.htm"
  },
  {
    "date": "2006-12-31",
    "symbol": "ATO",
    "reportedCurrency": "USD",
    "cik": "0000731802",
    "fillingDate": "2007-02-07",
    "acceptedDate": "2007-02-07 10:41:54",
    "calendarYear": "2007",
    "period": "Q1",
    "revenue": 1602633000,
    "costOfRevenue": 1227041000,
    "grossProfit": 375592000,
    "grossProfitRatio": 0.2343593324,
    "researchAndDevelopmentExpenses": 0,
    "generalAndAdministrativeExpenses": 0,
    "sellingAndMarketingExpenses": 0,
    "sellingGeneralAndAdministrativeExpenses": 0,
    "otherExpenses": 204432000,
    "operatingExpenses": 204432000,
    "costAndExpenses": 1431473000,
    "interestIncome": 0,
    "interestExpense": 0,
    "depreciationAndAmortization": 49078000,
    "ebitda": 220238000,
    "ebitdaratio": 0.1374226039,
    "operatingIncome": 171160000,
    "operatingIncomeRatio": 0.1067992485,
    "totalOtherIncomeExpensesNet": -37953000,
    "incomeBeforeTax": 133207000,
    "incomeBeforeTaxRatio": 0.0831175946,
    "incomeTaxExpense": 51946000,
    "netIncome": 81261000,
    "netIncomeRatio": 0.0507046841,
    "eps": 0.98,
    "epsdiluted": 0.97,
    "weightedAverageShsOut": 82726000,
    "weightedAverageShsOutDil": 83350000,
    "link": "https://www.sec.gov/Archives/edgar/data/731802/000095013407002229/0000950134-07-002229-index.htm",
    "finalLink": "https://www.sec.gov/Archives/edgar/data/731802/000095013407002229/d43320e10vq.htm"
  },
  {
    "date": "2006-09-30",
    "symbol": "ATO",
    "reportedCurrency": "USD",
    "cik": "0000731802",
    "fillingDate": "2006-11-22",
    "acceptedDate": "2006-11-22 14:39:03",
    "calendarYear": "2006",
    "period": "Q4",
    "revenue": 971454000,
    "costOfRevenue": 710539000,
    "grossProfit": 260915000,
    "grossProfitRatio": 0.2685819401,
    "researchAndDevelopmentExpenses": 0,
    "generalAndAdministrativeExpenses": 0,
    "sellingAndMarketingExpenses": 0,
    "sellingGeneralAndAdministrativeExpenses": 0,
    "otherExpenses": 213632000,
    "operatingExpenses": 213632000,
    "costAndExpenses": 924171000,
    "interestIncome": 0,
    "interestExpense": 0,
    "depreciationAndAmortization": 48434000,
    "ebitda": 95717000,
    "ebitdaratio": 0.0985296267,
    "operatingIncome": 47283000,
    "operatingIncomeRatio": 0.0486724024,
    "totalOtherIncomeExpensesNet": -37073000,
    "incomeBeforeTax": 10210000,
    "incomeBeforeTaxRatio": 0.010510019,
    "incomeTaxExpense": 4151000,
    "netIncome": 6059000,
    "netIncomeRatio": 0.0062370426,
    "eps": 0.073,
    "epsdiluted": 0.073,
    "weightedAverageShsOut": 82726000,
    "weightedAverageShsOutDil": 83350000,
    "link": "https://www.sec.gov/Archives/edgar/data/731802/000095013406022105/0000950134-06-022105-index.htm",
    "finalLink": "https://www.sec.gov/Archives/edgar/data/731802/000095013406022105/d41478e10vk.htm"
  },
  {
    "date": "2006-06-30",
    "symbol": "ATO",
    "reportedCurrency": "USD",
    "cik": "0000731802",
    "fillingDate": "2006-08-09",
    "acceptedDate": "2006-08-09 16:29:08",
    "calendarYear": "2006",
    "period": "Q3",
    "revenue": 863243000,
    "costOfRevenue": 658743000,
    "grossProfit": 204500000,
    "grossProfitRatio": 0.2368973742,
    "researchAndDevelopmentExpenses": 0,
    "generalAndAdministrativeExpenses": 0,
    "sellingAndMarketingExpenses": 0,
    "sellingGeneralAndAdministrativeExpenses": 0,
    "otherExpenses": 199697000,
    "operatingExpenses": 199697000,
    "costAndExpenses": 858440000,
    "interestIncome": 0,
    "interestExpense": 0,
    "depreciationAndAmortization": 46863000,
    "ebitda": 51666000,
    "ebitdaratio": 0.0598510501,
    "operatingIncome": 4803000,
    "operatingIncomeRatio": 0.0055639026,
    "totalOtherIncomeExpensesNet": -34981000,
    "incomeBeforeTax": -30178000,
    "incomeBeforeTaxRatio": -0.0349588702,
    "incomeTaxExpense": -12033000,
    "netIncome": -18145000,
    "netIncomeRatio": -0.0210195739,
    "eps": -0.22,
    "epsdiluted": -0.22,
    "weightedAverageShsOut": 80840000,
    "weightedAverageShsOutDil": 80840000,
    "link": "https://www.sec.gov/Archives/edgar/data/731802/000095013406015532/0000950134-06-015532-index.htm",
    "finalLink": "https://www.sec.gov/Archives/edgar/data/731802/000095013406015532/d38604e10vq.htm"
  },
  {
    "date": "2006-03-31",
    "symbol": "ATO",
    "reportedCurrency": "USD",
    "cik": "0000731802",
    "fillingDate": "2006-05-09",
    "acceptedDate": "2006-05-09 14:53:32",
    "calendarYear": "2006",
    "period": "Q2",
    "revenue": 2033846000,
    "costOfRevenue": 1628443000,
    "grossProfit": 405403000,
    "grossProfitRatio": 0.1993282677,
    "researchAndDevelopmentExpenses": 0,
    "generalAndAdministrativeExpenses": 0,
    "sellingAndMarketingExpenses": 0,
    "sellingGeneralAndAdministrativeExpenses": 0,
    "otherExpenses": 224570000,
    "operatingExpenses": 224570000,
    "costAndExpenses": 1853013000,
    "interestIncome": 0,
    "interestExpense": 0,
    "depreciationAndAmortization": 47263000,
    "ebitda": 228096000,
    "ebitdaratio": 0.1121500841,
    "operatingIncome": 180833000,
    "operatingIncomeRatio": 0.0889118448,
    "totalOtherIncomeExpensesNet": -37931000,
    "incomeBeforeTax": 142902000,
    "incomeBeforeTaxRatio": 0.0702619569,
    "incomeTaxExpense": 54106000,
    "netIncome": 88796000,
    "netIncomeRatio": 0.0436591561,
    "eps": 1.1,
    "epsdiluted": 1.1,
    "weightedAverageShsOut": 80573000,
    "weightedAverageShsOutDil": 81040000,
    "link": "https://www.sec.gov/Archives/edgar/data/731802/000095013406009235/0000950134-06-009235-index.htm",
    "finalLink": "https://www.sec.gov/Archives/edgar/data/731802/000095013406009235/d35854e10vq.htm"
  },
  {
    "date": "2005-12-31",
    "symbol": "ATO",
    "reportedCurrency": "USD",
    "cik": "0000731802",
    "fillingDate": "2006-02-08",
    "acceptedDate": "2006-02-08 15:04:12",
    "calendarYear": "2006",
    "period": "Q1",
    "revenue": 2283820000,
    "costOfRevenue": 1937230000,
    "grossProfit": 346590000,
    "grossProfitRatio": 0.1517588952,
    "researchAndDevelopmentExpenses": 0,
    "generalAndAdministrativeExpenses": 0,
    "sellingAndMarketingExpenses": 0,
    "sellingGeneralAndAdministrativeExpenses": 0,
    "otherExpenses": 196893000,
    "operatingExpenses": 196893000,
    "costAndExpenses": 2134123000,
    "interestIncome": 0,
    "interestExpense": 0,
    "depreciationAndAmortization": 43407000,
    "ebitda": 193104000,
    "ebitdaratio": 0.0845530734,
    "operatingIncome": 149697000,
    "operatingIncomeRatio": 0.0655467594,
    "totalOtherIncomeExpensesNet": -35741000,
    "incomeBeforeTax": 113956000,
    "incomeBeforeTaxRatio": 0.0498971022,
    "incomeTaxExpense": 42929000,
    "netIncome": 71027000,
    "netIncomeRatio": 0.0311000867,
    "eps": 0.88,
    "epsdiluted": 0.88,
    "weightedAverageShsOut": 80259000,
    "weightedAverageShsOutDil": 80722000,
    "link": "https://www.sec.gov/Archives/edgar/data/731802/000095013406002171/0000950134-06-002171-index.htm",
    "finalLink": "https://www.sec.gov/Archives/edgar/data/731802/000095013406002171/d32776e10vq.htm"
  },
  {
    "date": "2005-09-30",
    "symbol": "ATO",
    "reportedCurrency": "USD",
    "cik": "0000731802",
    "fillingDate": "2005-11-18",
    "acceptedDate": "2005-11-18 16:24:58",
    "calendarYear": "2005",
    "period": "Q4",
    "revenue": 1004627000,
    "costOfRevenue": 802921000,
    "grossProfit": 201706000,
    "grossProfitRatio": 0.2007770048,
    "researchAndDevelopmentExpenses": 0,
    "generalAndAdministrativeExpenses": 0,
    "sellingAndMarketingExpenses": 0,
    "sellingGeneralAndAdministrativeExpenses": 0,
    "otherExpenses": 193374000,
    "operatingExpenses": 193374000,
    "costAndExpenses": 996295000,
    "interestIncome": 0,
    "interestExpense": 0,
    "depreciationAndAmortization": 44600000,
    "ebitda": 53566000,
    "ebitdaratio": 0.0533192916,
    "operatingIncome": 8332000,
    "operatingIncomeRatio": 0.0082936254,
    "totalOtherIncomeExpensesNet": -34200000,
    "incomeBeforeTax": -25868000,
    "incomeBeforeTaxRatio": -0.02574886,
    "incomeTaxExpense": -9066000,
    "netIncome": -16802000,
    "netIncomeRatio": -0.0167246152,
    "eps": -0.21,
    "epsdiluted": -0.21,
    "weightedAverageShsOut": 80259000,
    "weightedAverageShsOutDil": 80722000,
    "link": "https://www.sec.gov/Archives/edgar/data/731802/000095013405021927/0000950134-05-021927-index.htm",
    "finalLink": "https://www.sec.gov/Archives/edgar/data/731802/000095013405021927/d30531e10vk.htm"
  },
  {
    "date": "2005-06-30",
    "symbol": "ATO",
    "reportedCurrency": "USD",
    "cik": "0000731802",
    "fillingDate": "2005-08-09",
    "acceptedDate": "2005-08-09 15:50:40",
    "calendarYear": "2005",
    "period": "Q3",
    "revenue": 909952000,
    "costOfRevenue": 685603000,
    "grossProfit": 224349000,
    "grossProfitRatio": 0.2465503675,
    "researchAndDevelopmentExpenses": 0,
    "generalAndAdministrativeExpenses": 0,
    "sellingAndMarketingExpenses": 0,
    "sellingGeneralAndAdministrativeExpenses": 0,
    "otherExpenses": 184881000,
    "operatingExpenses": 184881000,
    "costAndExpenses": 870484000,
    "interestIncome": 0,
    "interestExpense": 0,
    "depreciationAndAmortization": 43605000,
    "ebitda": 83073000,
    "ebitdaratio": 0.0912938265,
    "operatingIncome": 39468000,
    "operatingIncomeRatio": 0.0433737164,
    "totalOtherIncomeExpensesNet": -32165000,
    "incomeBeforeTax": 7303000,
    "incomeBeforeTaxRatio": 0.0080256981,
    "incomeTaxExpense": 2817000,
    "netIncome": 4486000,
    "netIncomeRatio": 0.0049299304,
    "eps": 0.06,
    "epsdiluted": 0.06,
    "weightedAverageShsOut": 79683000,
    "weightedAverageShsOutDil": 80144000,
    "link": "https://www.sec.gov/Archives/edgar/data/731802/000095013405015340/0000950134-05-015340-index.htm",
    "finalLink": "https://www.sec.gov/Archives/edgar/data/731802/000095013405015340/d27737e10vq.htm"
  },
  {
    "date": "2005-03-31",
    "symbol": "ATO",
    "reportedCurrency": "USD",
    "cik": "0000731802",
    "fillingDate": "2005-05-10",
    "acceptedDate": "2005-05-10 15:10:03",
    "calendarYear": "2005",
    "period": "Q2",
    "revenue": 1685085000,
    "costOfRevenue": 1309191000,
    "grossProfit": 375894000,
    "grossProfitRatio": 0.2230712397,
    "researchAndDevelopmentExpenses": 0,
    "generalAndAdministrativeExpenses": 0,
    "sellingAndMarketingExpenses": 0,
    "sellingGeneralAndAdministrativeExpenses": 0,
    "otherExpenses": 203713000,
    "operatingExpenses": 203713000,
    "costAndExpenses": 1512904000,
    "interestIncome": 0,
    "interestExpense": 0,
    "depreciationAndAmortization": 45549000,
    "ebitda": 217730000,
    "ebitdaratio": 0.1292100992,
    "operatingIncome": 172181000,
    "operatingIncomeRatio": 0.1021794153,
    "totalOtherIncomeExpensesNet": -32115000,
    "incomeBeforeTax": 140066000,
    "incomeBeforeTaxRatio": 0.0831210295,
    "incomeTaxExpense": 51564000,
    "netIncome": 88502000,
    "netIncomeRatio": 0.0525207927,
    "eps": 1.12,
    "epsdiluted": 1.11,
    "weightedAverageShsOut": 79270000,
    "weightedAverageShsOutDil": 79760000,
    "link": "https://www.sec.gov/Archives/edgar/data/731802/000095013405009627/0000950134-05-009627-index.htm",
    "finalLink": "https://www.sec.gov/Archives/edgar/data/731802/000095013405009627/d25202e10vq.htm"
  },
  {
    "date": "2004-12-31",
    "symbol": "ATO",
    "reportedCurrency": "USD",
    "cik": "0000731802",
    "fillingDate": "2005-02-09",
    "acceptedDate": "2005-02-09 16:37:29",
    "calendarYear": "2005",
    "period": "Q1",
    "revenue": 1368624000,
    "costOfRevenue": 1044172000,
    "grossProfit": 324452000,
    "grossProfitRatio": 0.23706438,
    "researchAndDevelopmentExpenses": 0,
    "generalAndAdministrativeExpenses": 0,
    "sellingAndMarketingExpenses": 0,
    "sellingGeneralAndAdministrativeExpenses": 0,
    "otherExpenses": 195778000,
    "operatingExpenses": 195778000,
    "costAndExpenses": 1239950000,
    "interestIncome": 0,
    "interestExpense": 0,
    "depreciationAndAmortization": 44251000,
    "ebitda": 172925000,
    "ebitdaratio": 0.1263495306,
    "operatingIncome": 128674000,
    "operatingIncomeRatio": 0.0940170565,
    "totalOtherIncomeExpensesNet": -32157000,
    "incomeBeforeTax": 96517000,
    "incomeBeforeTaxRatio": 0.070521195,
    "incomeTaxExpense": 36918000,
    "netIncome": 59599000,
    "netIncomeRatio": 0.0435466571,
    "eps": 0.79,
    "epsdiluted": 0.79,
    "weightedAverageShsOut": 75306000,
    "weightedAverageShsOutDil": 75725000,
    "link": "https://www.sec.gov/Archives/edgar/data/731802/000095013405002440/0000950134-05-002440-index.htm",
    "finalLink": "https://www.sec.gov/Archives/edgar/data/731802/000095013405002440/d22285e10vq.htm"
  },
  {
    "date": "2004-09-30",
    "symbol": "ATO",
    "reportedCurrency": "USD",
    "cik": "0000731802",
    "fillingDate": "2004-11-19",
    "acceptedDate": "2004-11-19 15:10:47",
    "calendarYear": "2004",
    "period": "Q4",
    "revenue": 492878000,
    "costOfRevenue": 403358000,
    "grossProfit": 89520000,
    "grossProfitRatio": 0.1816270964,
    "researchAndDevelopmentExpenses": 0,
    "generalAndAdministrativeExpenses": 0,
    "sellingAndMarketingExpenses": 0,
    "sellingGeneralAndAdministrativeExpenses": 0,
    "otherExpenses": 86240000,
    "operatingExpenses": 86240000,
    "costAndExpenses": 489598000,
    "interestIncome": 0,
    "interestExpense": 0,
    "depreciationAndAmortization": 26963000,
    "ebitda": 30243000,
    "ebitdaratio": 0.061360012,
    "operatingIncome": 3280000,
    "operatingIncomeRatio": 0.0066547908,
    "totalOtherIncomeExpensesNet": -14274000,
    "incomeBeforeTax": -10994000,
    "incomeBeforeTaxRatio": -0.0223057227,
    "incomeTaxExpense": -4610000,
    "netIncome": -6384000,
    "netIncomeRatio": -0.0129524953,
    "eps": -0.0848,
    "epsdiluted": -0.0843,
    "weightedAverageShsOut": 75306000,
    "weightedAverageShsOutDil": 75725000,
    "link": "https://www.sec.gov/Archives/edgar/data/731802/000095013404017924/0000950134-04-017924-index.htm",
    "finalLink": "https://www.sec.gov/Archives/edgar/data/731802/000095013404017924/d20385e10vk.htm"
  },
  {
    "date": "2004-06-30",
    "symbol": "ATO",
    "reportedCurrency": "USD",
    "cik": "0000731802",
    "fillingDate": "2004-08-13",
    "acceptedDate": "2004-08-13 09:41:51",
    "calendarYear": "2004",
    "period": "Q3",
    "revenue": 546058000,
    "costOfRevenue": 438566000,
    "grossProfit": 107492000,
    "grossProfitRatio": 0.196850884,
    "researchAndDevelopmentExpenses": 0,
    "generalAndAdministrativeExpenses": 0,
    "sellingAndMarketingExpenses": 0,
    "sellingGeneralAndAdministrativeExpenses": 0,
    "otherExpenses": 86032000,
    "operatingExpenses": 86032000,
    "costAndExpenses": 524598000,
    "interestIncome": 0,
    "interestExpense": 0,
    "depreciationAndAmortization": 23937000,
    "ebitda": 45397000,
    "ebitdaratio": 0.0831358574,
    "operatingIncome": 21460000,
    "operatingIncomeRatio": 0.0392998546,
    "totalOtherIncomeExpensesNet": -13824000,
    "incomeBeforeTax": 7636000,
    "incomeBeforeTaxRatio": 0.0139838625,
    "incomeTaxExpense": 2871000,
    "netIncome": 4765000,
    "netIncomeRatio": 0.0087261793,
    "eps": 0.09,
    "epsdiluted": 0.09,
    "weightedAverageShsOut": 52220000,
    "weightedAverageShsOutDil": 52617000,
    "link": "https://www.sec.gov/Archives/edgar/data/731802/000095013404012199/0000950134-04-012199-index.htm",
    "finalLink": "https://www.sec.gov/Archives/edgar/data/731802/000095013404012199/d17609e10vq.htm"
  },
  {
    "date": "2004-03-31",
    "symbol": "ATO",
    "reportedCurrency": "USD",
    "cik": "0000731802",
    "fillingDate": "2004-05-14",
    "acceptedDate": "2004-05-14 12:47:33",
    "calendarYear": "2004",
    "period": "Q2",
    "revenue": 1117485000,
    "costOfRevenue": 911359000,
    "grossProfit": 206126000,
    "grossProfitRatio": 0.1844552723,
    "researchAndDevelopmentExpenses": 0,
    "generalAndAdministrativeExpenses": 0,
    "sellingAndMarketingExpenses": 0,
    "sellingGeneralAndAdministrativeExpenses": 0,
    "otherExpenses": 100712000,
    "operatingExpenses": 100712000,
    "costAndExpenses": 1012071000,
    "interestIncome": 0,
    "interestExpense": 0,
    "depreciationAndAmortization": 23067000,
    "ebitda": 128552000,
    "ebitdaratio": 0.1150368909,
    "operatingIncome": 105414000,
    "operatingIncomeRatio": 0.0943314675,
    "totalOtherIncomeExpensesNet": -11704000,
    "incomeBeforeTax": 93710000,
    "incomeBeforeTaxRatio": 0.0838579489,
    "incomeTaxExpense": 35405000,
    "netIncome": 58305000,
    "netIncomeRatio": 0.052175197,
    "eps": 1.12,
    "epsdiluted": 1.12,
    "weightedAverageShsOut": 51850000,
    "weightedAverageShsOutDil": 52240000,
    "link": "https://www.sec.gov/Archives/edgar/data/731802/000095013404007587/0000950134-04-007587-index.htm",
    "finalLink": "https://www.sec.gov/Archives/edgar/data/731802/000095013404007587/d15479e10vq.htm"
  },
  {
    "date": "2003-12-31",
    "symbol": "ATO",
    "reportedCurrency": "USD",
    "cik": "0000731802",
    "fillingDate": "2004-02-13",
    "acceptedDate": "2004-02-13 17:07:17",
    "calendarYear": "2004",
    "period": "Q1",
    "revenue": 763616000,
    "costOfRevenue": 604563000,
    "grossProfit": 159053000,
    "grossProfitRatio": 0.2082892449,
    "researchAndDevelopmentExpenses": 0,
    "generalAndAdministrativeExpenses": 0,
    "sellingAndMarketingExpenses": 0,
    "sellingGeneralAndAdministrativeExpenses": 0,
    "otherExpenses": 95512000,
    "operatingExpenses": 95512000,
    "costAndExpenses": 700075000,
    "interestIncome": 0,
    "interestExpense": 0,
    "depreciationAndAmortization": 24145000,
    "ebitda": 87686000,
    "ebitdaratio": 0.1148299669,
    "operatingIncome": 63541000,
    "operatingIncomeRatio": 0.0832106713,
    "totalOtherIncomeExpensesNet": -16128000,
    "incomeBeforeTax": 47413000,
    "incomeBeforeTaxRatio": 0.0620901081,
    "incomeTaxExpense": 17872000,
    "netIncome": 29541000,
    "netIncomeRatio": 0.0386856745,
    "eps": 0.57,
    "epsdiluted": 0.57,
    "weightedAverageShsOut": 51483000,
    "weightedAverageShsOutDil": 51861000,
    "link": "https://www.sec.gov/Archives/edgar/data/731802/000095013404001817/0000950134-04-001817-index.htm",
    "finalLink": "https://www.sec.gov/Archives/edgar/data/731802/000095013404001817/d12550e10vq.htm"
  },
  {
    "date": "2003-09-30",
    "symbol": "ATO",
    "reportedCurrency": "USD",
    "cik": "0000731802",
    "fillingDate": "2003-11-21",
    "acceptedDate": "2003-11-21 15:44:00",
    "calendarYear": "2003",
    "period": "Q4",
    "revenue": 1450219000,
    "costOfRevenue": 1335640000,
    "grossProfit": 114579000,
    "grossProfitRatio": 0.0790080671,
    "researchAndDevelopmentExpenses": 0,
    "generalAndAdministrativeExpenses": 0,
    "sellingAndMarketingExpenses": 0,
    "sellingGeneralAndAdministrativeExpenses": 0,
    "otherExpenses": 101297000,
    "operatingExpenses": 101297000,
    "costAndExpenses": 1436937000,
    "interestIncome": 0,
    "interestExpense": 0,
    "depreciationAndAmortization": 22245000,
    "ebitda": 35527000,
    "ebitdaratio": 0.0244976793,
    "operatingIncome": 13282000,
    "operatingIncomeRatio": 0.0091586167,
    "totalOtherIncomeExpensesNet": -17111000,
    "incomeBeforeTax": -3829000,
    "incomeBeforeTaxRatio": -0.0026402909,
    "incomeTaxExpense": -1393000,
    "netIncome": -2436000,
    "netIncomeRatio": -0.0016797463,
    "eps": -0.0473,
    "epsdiluted": -0.047,
    "weightedAverageShsOut": 51483000,
    "weightedAverageShsOutDil": 51861000,
    "link": "https://www.sec.gov/Archives/edgar/data/731802/000095013403015731/0000950134-03-015731-index.htm",
    "finalLink": "https://www.sec.gov/Archives/edgar/data/731802/000095013403015731/d10753e10vk.txt"
  },
  {
    "date": "2003-06-30",
    "symbol": "ATO",
    "reportedCurrency": "USD",
    "cik": "0000731802",
    "fillingDate": "2003-08-14",
    "acceptedDate": "2003-08-14 10:10:56",
    "calendarYear": "2003",
    "period": "Q3",
    "revenue": 488470000,
    "costOfRevenue": 393406000,
    "grossProfit": 95064000,
    "grossProfitRatio": 0.1946158413,
    "researchAndDevelopmentExpenses": 0,
    "generalAndAdministrativeExpenses": 0,
    "sellingAndMarketingExpenses": 0,
    "sellingGeneralAndAdministrativeExpenses": 0,
    "otherExpenses": 81008000,
    "operatingExpenses": 81008000,
    "costAndExpenses": 474414000,
    "interestIncome": 0,
    "interestExpense": 0,
    "depreciationAndAmortization": 24868000,
    "ebitda": 38924000,
    "ebitdaratio": 0.0796855488,
    "operatingIncome": 14056000,
    "operatingIncomeRatio": 0.0287755645,
    "totalOtherIncomeExpensesNet": -15356000,
    "incomeBeforeTax": -1300000,
    "incomeBeforeTaxRatio": -0.0026613712,
    "incomeTaxExpense": -1099000,
    "netIncome": -201000,
    "netIncomeRatio": -0.0004114889,
    "eps": -0.0044,
    "epsdiluted": -0.0044,
    "weightedAverageShsOut": 45997000,
    "weightedAverageShsOutDil": 45997000,
    "link": "https://www.sec.gov/Archives/edgar/data/731802/000095013403011734/0000950134-03-011734-index.htm",
    "finalLink": "https://www.sec.gov/Archives/edgar/data/731802/000095013403011734/d08376e10vq.txt"
  },
  {
    "date": "2003-03-31",
    "symbol": "ATO",
    "reportedCurrency": "USD",
    "cik": "0000731802",
    "fillingDate": "2003-05-15",
    "acceptedDate": "2003-05-15 17:36:13",
    "calendarYear": "2003",
    "period": "Q2",
    "revenue": 1194142000,
    "costOfRevenue": 991174000,
    "grossProfit": 202968000,
    "grossProfitRatio": 0.1699697356,
    "researchAndDevelopmentExpenses": 0,
    "generalAndAdministrativeExpenses": 0,
    "sellingAndMarketingExpenses": 0,
    "sellingGeneralAndAdministrativeExpenses": 0,
    "otherExpenses": 95090000,
    "operatingExpenses": 95090000,
    "costAndExpenses": 1086264000,
    "interestIncome": 0,
    "interestExpense": 0,
    "depreciationAndAmortization": 20887000,
    "ebitda": 128765000,
    "ebitdaratio": 0.1078305595,
    "operatingIncome": 107878000,
    "operatingIncomeRatio": 0.0903393399,
    "totalOtherIncomeExpensesNet": -17647000,
    "incomeBeforeTax": 90231000,
    "incomeBeforeTaxRatio": 0.0755613654,
    "incomeTaxExpense": 33926000,
    "netIncome": 48532000,
    "netIncomeRatio": 0.0406417327,
    "eps": 1.07,
    "epsdiluted": 1.07,
    "weightedAverageShsOut": 45306000,
    "weightedAverageShsOutDil": 45493000,
    "link": "https://www.sec.gov/Archives/edgar/data/731802/000095013403008222/0000950134-03-008222-index.htm",
    "finalLink": "https://www.sec.gov/Archives/edgar/data/731802/000095013403008222/d06031e10vq.txt"
  },
  {
    "date": "2002-12-31",
    "symbol": "ATO",
    "reportedCurrency": "USD",
    "cik": "0000731802",
    "fillingDate": "2003-02-14",
    "acceptedDate": "2003-02-14 17:53:44",
    "calendarYear": "2003",
    "period": "Q1",
    "revenue": 401547000,
    "costOfRevenue": 268961000,
    "grossProfit": 132586000,
    "grossProfitRatio": 0.3301879979,
    "researchAndDevelopmentExpenses": 0,
    "generalAndAdministrativeExpenses": 0,
    "sellingAndMarketingExpenses": 0,
    "sellingGeneralAndAdministrativeExpenses": 0,
    "otherExpenses": 79962000,
    "operatingExpenses": 79962000,
    "costAndExpenses": 348923000,
    "interestIncome": 0,
    "interestExpense": 0,
    "depreciationAndAmortization": 21194000,
    "ebitda": 73818000,
    "ebitdaratio": 0.1838340219,
    "operatingIncome": 52624000,
    "operatingIncomeRatio": 0.1310531519,
    "totalOtherIncomeExpensesNet": -11355000,
    "incomeBeforeTax": 41269000,
    "incomeBeforeTaxRatio": 0.1027750176,
    "incomeTaxExpense": 15476000,
    "netIncome": 25793000,
    "netIncomeRatio": 0.0642340747,
    "eps": 0.6,
    "epsdiluted": 0.6,
    "weightedAverageShsOut": 42796000,
    "weightedAverageShsOutDil": 42919000,
    "link": "https://www.sec.gov/Archives/edgar/data/731802/000095013403002660/0000950134-03-002660-index.htm",
    "finalLink": "https://www.sec.gov/Archives/edgar/data/731802/000095013403002660/d03223e10vq.txt"
  },
  {
    "date": "2002-09-30",
    "symbol": "ATO",
    "reportedCurrency": "USD",
    "cik": "0000731802",
    "fillingDate": "2002-11-22",
    "acceptedDate": "2002-11-22 16:50:42",
    "calendarYear": "2002",
    "period": "Q4",
    "revenue": 138226000,
    "costOfRevenue": 78705000,
    "grossProfit": 59521000,
    "grossProfitRatio": 0.4306063982,
    "researchAndDevelopmentExpenses": 0,
    "generalAndAdministrativeExpenses": 0,
    "sellingAndMarketingExpenses": 0,
    "sellingGeneralAndAdministrativeExpenses": 0,
    "otherExpenses": 53147000,
    "operatingExpenses": 53147000,
    "costAndExpenses": 131852000,
    "interestIncome": 0,
    "interestExpense": 0,
    "depreciationAndAmortization": 21115000,
    "ebitda": 27489000,
    "ebitdaratio": 0.1988699666,
    "operatingIncome": 6374000,
    "operatingIncomeRatio": 0.0461128876,
    "totalOtherIncomeExpensesNet": -15298000,
    "incomeBeforeTax": -8924000,
    "incomeBeforeTaxRatio": -0.0645609364,
    "incomeTaxExpense": -3315000,
    "netIncome": -5609000,
    "netIncomeRatio": -0.0405784729,
    "eps": -0.13,
    "epsdiluted": -0.13,
    "weightedAverageShsOut": 42796000,
    "weightedAverageShsOutDil": 42919000,
    "link": "https://www.sec.gov/Archives/edgar/data/731802/000095013402014920/0000950134-02-014920-index.htm",
    "finalLink": "https://www.sec.gov/Archives/edgar/data/731802/000095013402014920/d01510e10vk.txt"
  },
  {
    "date": "2002-06-30",
    "symbol": "ATO",
    "reportedCurrency": "USD",
    "cik": "0000731802",
    "fillingDate": "2002-08-14",
    "acceptedDate": "2002-08-14 17:34:32",
    "calendarYear": "2002",
    "period": "Q3",
    "revenue": 161800000,
    "costOfRevenue": 87967000,
    "grossProfit": 73833000,
    "grossProfitRatio": 0.4563226205,
    "researchAndDevelopmentExpenses": 0,
    "generalAndAdministrativeExpenses": 0,
    "sellingAndMarketingExpenses": 0,
    "sellingGeneralAndAdministrativeExpenses": 0,
    "otherExpenses": 54655000,
    "operatingExpenses": 54655000,
    "costAndExpenses": 142622000,
    "interestIncome": 0,
    "interestExpense": 0,
    "depreciationAndAmortization": 22293000,
    "ebitda": 41471000,
    "ebitdaratio": 0.2563102596,
    "operatingIncome": 19178000,
    "operatingIncomeRatio": 0.1185290482,
    "totalOtherIncomeExpensesNet": -14005000,
    "incomeBeforeTax": 5173000,
    "incomeBeforeTaxRatio": 0.0319715698,
    "incomeTaxExpense": 1919000,
    "netIncome": 3254000,
    "netIncomeRatio": 0.0201112485,
    "eps": 0.08,
    "epsdiluted": 0.08,
    "weightedAverageShsOut": 41265000,
    "weightedAverageShsOutDil": 41370000,
    "link": "https://www.sec.gov/Archives/edgar/data/731802/000095013402010106/0000950134-02-010106-index.htm",
    "finalLink": "https://www.sec.gov/Archives/edgar/data/731802/000095013402010106/d99023e10vq.txt"
  },
  {
    "date": "2002-03-31",
    "symbol": "ATO",
    "reportedCurrency": "USD",
    "cik": "0000731802",
    "fillingDate": "2002-05-15",
    "acceptedDate": "2002-05-15 16:10:14",
    "calendarYear": "2002",
    "period": "Q2",
    "revenue": 379481000,
    "costOfRevenue": 229598000,
    "grossProfit": 149883000,
    "grossProfitRatio": 0.394968391,
    "researchAndDevelopmentExpenses": 0,
    "generalAndAdministrativeExpenses": 0,
    "sellingAndMarketingExpenses": 0,
    "sellingGeneralAndAdministrativeExpenses": 0,
    "otherExpenses": 63550000,
    "operatingExpenses": 63550000,
    "costAndExpenses": 293148000,
    "interestIncome": 0,
    "interestExpense": 0,
    "depreciationAndAmortization": 20039000,
    "ebitda": 106372000,
    "ebitdaratio": 0.2803091591,
    "operatingIncome": 86333000,
    "operatingIncomeRatio": 0.2275028262,
    "totalOtherIncomeExpensesNet": -20601000,
    "incomeBeforeTax": 65732000,
    "incomeBeforeTaxRatio": 0.1732155233,
    "incomeTaxExpense": 24354000,
    "netIncome": 41378000,
    "netIncomeRatio": 0.1090383972,
    "eps": 1.01,
    "epsdiluted": 1.01,
    "weightedAverageShsOut": 41040000,
    "weightedAverageShsOutDil": 41135000,
    "link": "https://www.sec.gov/Archives/edgar/data/731802/000095013402005745/0000950134-02-005745-index.htm",
    "finalLink": "https://www.sec.gov/Archives/edgar/data/731802/000095013402005745/d96933e10-q.txt"
  },
  {
    "date": "2001-12-31",
    "symbol": "ATO",
    "reportedCurrency": "USD",
    "cik": "0000731802",
    "fillingDate": "2002-02-14",
    "acceptedDate": "2002-02-14 00:00:00",
    "calendarYear": "2002",
    "period": "Q1",
    "revenue": 271342000,
    "costOfRevenue": 161977000,
    "grossProfit": 109365000,
    "grossProfitRatio": 0.4030522367,
    "researchAndDevelopmentExpenses": 0,
    "generalAndAdministrativeExpenses": 0,
    "sellingAndMarketingExpenses": 0,
    "sellingGeneralAndAdministrativeExpenses": 0,
    "otherExpenses": 65919000,
    "operatingExpenses": 65919000,
    "costAndExpenses": 227896000,
    "interestIncome": 0,
    "interestExpense": 0,
    "depreciationAndAmortization": 20474000,
    "ebitda": 63920000,
    "ebitdaratio": 0.2355698712,
    "operatingIncome": 43446000,
    "operatingIncomeRatio": 0.1601152789,
    "totalOtherIncomeExpensesNet": -10591000,
    "incomeBeforeTax": 32855000,
    "incomeBeforeTaxRatio": 0.1210833561,
    "incomeTaxExpense": 12222000,
    "netIncome": 20633000,
    "netIncomeRatio": 0.0760405687,
    "eps": 0.51,
    "epsdiluted": 0.5,
    "weightedAverageShsOut": 40837000,
    "weightedAverageShsOutDil": 40922000,
    "link": "https://www.sec.gov/Archives/edgar/data/731802/000095013402001381/0000950134-02-001381-index.htm",
    "finalLink": "https://www.sec.gov/Archives/edgar/data/731802/000095013402001381/d94293e10-q.txt"
  },
  {
    "date": "2001-09-30",
    "symbol": "ATO",
    "reportedCurrency": "USD",
    "cik": "0000731802",
    "fillingDate": "2001-11-21",
    "acceptedDate": "2001-11-21 00:00:00",
    "calendarYear": "2001",
    "period": "Q4",
    "revenue": 160112000,
    "costOfRevenue": 94943000,
    "grossProfit": 65169000,
    "grossProfitRatio": 0.4070213351,
    "researchAndDevelopmentExpenses": 0,
    "generalAndAdministrativeExpenses": 0,
    "sellingAndMarketingExpenses": 0,
    "sellingGeneralAndAdministrativeExpenses": 0,
    "otherExpenses": 60894000,
    "operatingExpenses": 60894000,
    "costAndExpenses": 155837000,
    "interestIncome": 0,
    "interestExpense": 0,
    "depreciationAndAmortization": 20587000,
    "ebitda": 24862000,
    "ebitdaratio": 0.1552788048,
    "operatingIncome": 4275000,
    "operatingIncomeRatio": 0.02670006,
    "totalOtherIncomeExpensesNet": -16164000,
    "incomeBeforeTax": -11889000,
    "incomeBeforeTaxRatio": -0.074254272,
    "incomeTaxExpense": -4333000,
    "netIncome": -7556000,
    "netIncomeRatio": -0.0471919656,
    "eps": -0.19,
    "epsdiluted": -0.18,
    "weightedAverageShsOut": 40837000,
    "weightedAverageShsOutDil": 40922000,
    "link": "https://www.sec.gov/Archives/edgar/data/731802/000095013401508975/0000950134-01-508975-index.htm",
    "finalLink": "https://www.sec.gov/Archives/edgar/data/731802/000095013401508975/d92559e10-k405.txt"
  },
  {
    "date": "2001-06-30",
    "symbol": "ATO",
    "reportedCurrency": "USD",
    "cik": "0000731802",
    "fillingDate": "2001-08-14",
    "acceptedDate": "2001-08-14 00:00:00",
    "calendarYear": "2001",
    "period": "Q3",
    "revenue": 164260000,
    "costOfRevenue": 102981000,
    "grossProfit": 61279000,
    "grossProfitRatio": 0.3730610009,
    "researchAndDevelopmentExpenses": 0,
    "generalAndAdministrativeExpenses": 0,
    "sellingAndMarketingExpenses": 0,
    "sellingGeneralAndAdministrativeExpenses": 0,
    "otherExpenses": 58105000,
    "operatingExpenses": 58105000,
    "costAndExpenses": 161086000,
    "interestIncome": 0,
    "interestExpense": 0,
    "depreciationAndAmortization": 18197000,
    "ebitda": 21371000,
    "ebitdaratio": 0.130104712,
    "operatingIncome": 3174000,
    "operatingIncomeRatio": 0.0193230245,
    "totalOtherIncomeExpensesNet": -8588000,
    "incomeBeforeTax": -5414000,
    "incomeBeforeTaxRatio": -0.0329599416,
    "incomeTaxExpense": -2014000,
    "netIncome": -3400000,
    "netIncomeRatio": -0.020698892,
    "eps": -0.0842,
    "epsdiluted": -0.0842,
    "weightedAverageShsOut": 40395000,
    "weightedAverageShsOutDil": 40395000,
    "link": "https://www.sec.gov/Archives/edgar/data/731802/000095013401505416/0000950134-01-505416-index.htm",
    "finalLink": "https://www.sec.gov/Archives/edgar/data/731802/000095013401505416/d89968e10-q.txt"
  },
  {
    "date": "2001-03-31",
    "symbol": "ATO",
    "reportedCurrency": "USD",
    "cik": "0000731802",
    "fillingDate": "2001-05-09",
    "acceptedDate": "2001-05-09 00:00:00",
    "calendarYear": "2001",
    "period": "Q2",
    "revenue": 675113000,
    "costOfRevenue": 536789000,
    "grossProfit": 138324000,
    "grossProfitRatio": 0.2048901443,
    "researchAndDevelopmentExpenses": 0,
    "generalAndAdministrativeExpenses": 0,
    "sellingAndMarketingExpenses": 0,
    "sellingGeneralAndAdministrativeExpenses": 0,
    "otherExpenses": 64433000,
    "operatingExpenses": 64433000,
    "costAndExpenses": 601222000,
    "interestIncome": 0,
    "interestExpense": 0,
    "depreciationAndAmortization": 15905000,
    "ebitda": 89796000,
    "ebitdaratio": 0.1330088444,
    "operatingIncome": 73891000,
    "operatingIncomeRatio": 0.1094498254,
    "totalOtherIncomeExpensesNet": -3478000,
    "incomeBeforeTax": 70413000,
    "incomeBeforeTaxRatio": 0.1042980953,
    "incomeTaxExpense": 26339000,
    "netIncome": 44074000,
    "netIncomeRatio": 0.0652838858,
    "eps": 1.14,
    "epsdiluted": 1.13,
    "weightedAverageShsOut": 38815000,
    "weightedAverageShsOutDil": 38919000,
    "link": "https://www.sec.gov/Archives/edgar/data/731802/000095013401501333/0000950134-01-501333-index.htm",
    "finalLink": "https://www.sec.gov/Archives/edgar/data/731802/000095013401501333/d86840e10-q.txt"
  },
  {
    "date": "2000-12-31",
    "symbol": "ATO",
    "reportedCurrency": "USD",
    "cik": "0000731802",
    "fillingDate": "2001-02-08",
    "acceptedDate": "2001-02-08 00:00:00",
    "calendarYear": "2001",
    "period": "Q1",
    "revenue": 442790000,
    "costOfRevenue": 332842000,
    "grossProfit": 109948000,
    "grossProfitRatio": 0.248307324,
    "researchAndDevelopmentExpenses": 0,
    "generalAndAdministrativeExpenses": 0,
    "sellingAndMarketingExpenses": 0,
    "sellingGeneralAndAdministrativeExpenses": 0,
    "otherExpenses": 61007000,
    "operatingExpenses": 61007000,
    "costAndExpenses": 393849000,
    "interestIncome": 0,
    "interestExpense": 0,
    "depreciationAndAmortization": 15781000,
    "ebitda": 64722000,
    "ebitdaratio": 0.1461686127,
    "operatingIncome": 48941000,
    "operatingIncomeRatio": 0.1105286931,
    "totalOtherIncomeExpensesNet": -12593000,
    "incomeBeforeTax": 36348000,
    "incomeBeforeTaxRatio": 0.0820885747,
    "incomeTaxExpense": 13376000,
    "netIncome": 22972000,
    "netIncomeRatio": 0.0518801238,
    "eps": 0.7,
    "epsdiluted": 0.7,
    "weightedAverageShsOut": 32810000,
    "weightedAverageShsOutDil": 32908000,
    "link": "https://www.sec.gov/Archives/edgar/data/731802/000095013401000895/0000950134-01-000895-index.htm",
    "finalLink": "https://www.sec.gov/Archives/edgar/data/731802/000095013401000895/d83952e10-q.txt"
  },
  {
    "date": "2000-09-30",
    "symbol": "ATO",
    "reportedCurrency": "USD",
    "cik": "0000731802",
    "fillingDate": "2000-11-15",
    "acceptedDate": "2000-11-15 00:00:00",
    "calendarYear": "2000",
    "period": "Q4",
    "revenue": 159135000,
    "costOfRevenue": 101136000,
    "grossProfit": 57999000,
    "grossProfitRatio": 0.3644641342,
    "researchAndDevelopmentExpenses": 0,
    "generalAndAdministrativeExpenses": 0,
    "sellingAndMarketingExpenses": 0,
    "sellingGeneralAndAdministrativeExpenses": 0,
    "otherExpenses": 56467000,
    "operatingExpenses": 56467000,
    "costAndExpenses": 157603000,
    "interestIncome": 0,
    "interestExpense": 0,
    "depreciationAndAmortization": 15727000,
    "ebitda": 17259000,
    "ebitdaratio": 0.1084550853,
    "operatingIncome": 1532000,
    "operatingIncomeRatio": 0.0096270462,
    "totalOtherIncomeExpensesNet": -7111000,
    "incomeBeforeTax": -5579000,
    "incomeBeforeTaxRatio": -0.0350582838,
    "incomeTaxExpense": -1996000,
    "netIncome": -3583000,
    "netIncomeRatio": -0.0225154743,
    "eps": -0.11,
    "epsdiluted": -0.11,
    "weightedAverageShsOut": 32810000,
    "weightedAverageShsOutDil": 32908000,
    "link": "https://www.sec.gov/Archives/edgar/data/731802/000095013400009910/0000950134-00-009910-index.htm",
    "finalLink": "https://www.sec.gov/Archives/edgar/data/731802/000095013400009910/d81733e10-k405.txt"
  },
  {
    "date": "2000-06-30",
    "symbol": "ATO",
    "reportedCurrency": "USD",
    "cik": "0000731802",
    "fillingDate": "2000-08-10",
    "acceptedDate": "2000-08-10 00:00:00",
    "calendarYear": "2000",
    "period": "Q3",
    "revenue": 152362000,
    "costOfRevenue": 92332000,
    "grossProfit": 60030000,
    "grossProfitRatio": 0.3939958782,
    "researchAndDevelopmentExpenses": 0,
    "generalAndAdministrativeExpenses": 0,
    "sellingAndMarketingExpenses": 0,
    "sellingGeneralAndAdministrativeExpenses": 0,
    "otherExpenses": 62374000,
    "operatingExpenses": 62374000,
    "costAndExpenses": 154706000,
    "interestIncome": 0,
    "interestExpense": 0,
    "depreciationAndAmortization": 15138000,
    "ebitda": 12794000,
    "ebitdaratio": 0.0839710689,
    "operatingIncome": -2344000,
    "operatingIncomeRatio": -0.0153844134,
    "totalOtherIncomeExpensesNet": -5370000,
    "incomeBeforeTax": -7714000,
    "incomeBeforeTaxRatio": -0.050629422,
    "incomeTaxExpense": -3318000,
    "netIncome": -4396000,
    "netIncomeRatio": -0.0288523385,
    "eps": -0.14,
    "epsdiluted": -0.14,
    "weightedAverageShsOut": 31501000,
    "weightedAverageShsOutDil": 31501000,
    "link": "https://www.sec.gov/Archives/edgar/data/731802/000073180200000022/0000731802-00-000022-index.htm",
    "finalLink": "https://www.sec.gov/Archives/edgar/data/731802/000073180200000022/0000731802-00-000022-0001.txt"
  },
  {
    "date": "2000-03-31",
    "symbol": "ATO",
    "reportedCurrency": "USD",
    "cik": "0000731802",
    "fillingDate": "2000-05-11",
    "acceptedDate": "2000-05-11 00:00:00",
    "calendarYear": "2000",
    "period": "Q2",
    "revenue": 314197000,
    "costOfRevenue": 196070000,
    "grossProfit": 118127000,
    "grossProfitRatio": 0.375964761,
    "researchAndDevelopmentExpenses": 0,
    "generalAndAdministrativeExpenses": 0,
    "sellingAndMarketingExpenses": 0,
    "sellingGeneralAndAdministrativeExpenses": 0,
    "otherExpenses": 62140000,
    "operatingExpenses": 62140000,
    "costAndExpenses": 258210000,
    "interestIncome": 0,
    "interestExpense": 0,
    "depreciationAndAmortization": 16490000,
    "ebitda": 72477000,
    "ebitdaratio": 0.2306737493,
    "operatingIncome": 55987000,
    "operatingIncomeRatio": 0.1781907529,
    "totalOtherIncomeExpensesNet": -9339000,
    "incomeBeforeTax": 46648000,
    "incomeBeforeTaxRatio": 0.1484673628,
    "incomeTaxExpense": 17075000,
    "netIncome": 29573000,
    "netIncomeRatio": 0.0941224773,
    "eps": 0.94,
    "epsdiluted": 0.94,
    "weightedAverageShsOut": 31332000,
    "weightedAverageShsOutDil": 31544000,
    "link": "https://www.sec.gov/Archives/edgar/data/731802/000073180200000011/0000731802-00-000011-index.html",
    "finalLink": "https://www.sec.gov/Archives/edgar/data/731802/000073180200000011/"
  },
  {
    "date": "1999-12-31",
    "symbol": "ATO",
    "reportedCurrency": "USD",
    "cik": "0000731802",
    "fillingDate": "2000-02-11",
    "acceptedDate": "2000-02-11 00:00:00",
    "calendarYear": "2000",
    "period": "Q1",
    "revenue": 224500000,
    "costOfRevenue": 134900000,
    "grossProfit": 89600000,
    "grossProfitRatio": 0.3991091314,
    "researchAndDevelopmentExpenses": 0,
    "generalAndAdministrativeExpenses": 0,
    "sellingAndMarketingExpenses": 0,
    "sellingGeneralAndAdministrativeExpenses": 0,
    "otherExpenses": 59400000,
    "operatingExpenses": 59400000,
    "costAndExpenses": 194300000,
    "interestIncome": 0,
    "interestExpense": 0,
    "depreciationAndAmortization": 16500000,
    "ebitda": 46700000,
    "ebitdaratio": 0.2080178174,
    "operatingIncome": 30200000,
    "operatingIncomeRatio": 0.1345211581,
    "totalOtherIncomeExpensesNet": -7300000,
    "incomeBeforeTax": 22900000,
    "incomeBeforeTaxRatio": 0.1020044543,
    "incomeTaxExpense": 8600000,
    "netIncome": 14300000,
    "netIncomeRatio": 0.0636971047,
    "eps": 0.46,
    "epsdiluted": 0.46,
    "weightedAverageShsOut": 31086957,
    "weightedAverageShsOutDil": 31086957,
    "link": "https://www.sec.gov/Archives/edgar/data/731802/000073180200000002/0000731802-00-000002-index.html",
    "finalLink": "https://www.sec.gov/Archives/edgar/data/731802/000073180200000002/"
  },
  {
    "date": "1999-09-30",
    "symbol": "ATO",
    "reportedCurrency": "USD",
    "cik": "0000731802",
    "fillingDate": "1999-12-14",
    "acceptedDate": "1999-12-14 00:00:00",
    "calendarYear": "1999",
    "period": "Q4",
    "revenue": 109000000,
    "costOfRevenue": 66100000,
    "grossProfit": 42900000,
    "grossProfitRatio": 0.3935779817,
    "researchAndDevelopmentExpenses": 0,
    "generalAndAdministrativeExpenses": 0,
    "sellingAndMarketingExpenses": 0,
    "sellingGeneralAndAdministrativeExpenses": 0,
    "otherExpenses": 71600000,
    "operatingExpenses": 71600000,
    "costAndExpenses": 137700000,
    "interestIncome": 0,
    "interestExpense": 0,
    "depreciationAndAmortization": 0,
    "ebitda": -13200000,
    "ebitdaratio": -0.1211009174,
    "operatingIncome": -28700000,
    "operatingIncomeRatio": -0.2633027523,
    "totalOtherIncomeExpensesNet": -5200000,
    "incomeBeforeTax": -33900000,
    "incomeBeforeTaxRatio": -0.3110091743,
    "incomeTaxExpense": -12700000,
    "netIncome": -21200000,
    "netIncomeRatio": -0.1944954128,
    "eps": -0.68,
    "epsdiluted": -0.68,
    "weightedAverageShsOut": 31122000,
    "weightedAverageShsOutDil": 31339000,
    "link": "https://www.sec.gov/Archives/edgar/data/731802/000093066199002836/0000930661-99-002836-index.html",
    "finalLink": "https://www.sec.gov/Archives/edgar/data/731802/000093066199002836/"
  },
  {
    "date": "1999-06-30",
    "symbol": "ATO",
    "reportedCurrency": "USD",
    "cik": "0000731802",
    "fillingDate": "1999-08-13",
    "acceptedDate": "1999-08-13 00:00:00",
    "calendarYear": "1999",
    "period": "Q3",
    "revenue": 109590000,
    "costOfRevenue": 56200000,
    "grossProfit": 53390000,
    "grossProfitRatio": 0.4871794872,
    "researchAndDevelopmentExpenses": 0,
    "generalAndAdministrativeExpenses": 0,
    "sellingAndMarketingExpenses": 0,
    "sellingGeneralAndAdministrativeExpenses": 0,
    "otherExpenses": 52900000,
    "operatingExpenses": 52900000,
    "costAndExpenses": 109100000,
    "interestIncome": 0,
    "interestExpense": 0,
    "depreciationAndAmortization": 14000000,
    "ebitda": 14490000,
    "ebitdaratio": 0.1322200931,
    "operatingIncome": 490000,
    "operatingIncomeRatio": 0.0044712109,
    "totalOtherIncomeExpensesNet": -8690000,
    "incomeBeforeTax": -8200000,
    "incomeBeforeTaxRatio": -0.0748243453,
    "incomeTaxExpense": -2900000,
    "netIncome": -5300000,
    "netIncomeRatio": -0.0483620768,
    "eps": -0.17,
    "epsdiluted": -0.17,
    "weightedAverageShsOut": 30669000,
    "weightedAverageShsOutDil": 30669000,
    "link": "https://www.sec.gov/Archives/edgar/data/731802/000073180299000015/0000731802-99-000015-index.html",
    "finalLink": "https://www.sec.gov/Archives/edgar/data/731802/000073180299000015/"
  },
  {
    "date": "1999-03-31",
    "symbol": "ATO",
    "reportedCurrency": "USD",
    "cik": "0000731802",
    "fillingDate": "1999-05-13",
    "acceptedDate": "1999-05-13 00:00:00",
    "calendarYear": "1999",
    "period": "Q2",
    "revenue": 261400000,
    "costOfRevenue": 149000000,
    "grossProfit": 112400000,
    "grossProfitRatio": 0.4299923489,
    "researchAndDevelopmentExpenses": 0,
    "generalAndAdministrativeExpenses": 0,
    "sellingAndMarketingExpenses": 0,
    "sellingGeneralAndAdministrativeExpenses": 0,
    "otherExpenses": 61600000,
    "operatingExpenses": 61600000,
    "costAndExpenses": 210600000,
    "interestIncome": 0,
    "interestExpense": 0,
    "depreciationAndAmortization": 0,
    "ebitda": 64600000,
    "ebitdaratio": 0.247130834,
    "operatingIncome": 50800000,
    "operatingIncomeRatio": 0.194338179,
    "totalOtherIncomeExpensesNet": -5800000,
    "incomeBeforeTax": 45000000,
    "incomeBeforeTaxRatio": 0.1721499617,
    "incomeTaxExpense": 16200000,
    "netIncome": 28800000,
    "netIncomeRatio": 0.1101759755,
    "eps": 0.95,
    "epsdiluted": 0.94,
    "weightedAverageShsOut": 30449000,
    "weightedAverageShsOutDil": 30698000,
    "link": "https://www.sec.gov/Archives/edgar/data/731802/000073180299000012/0000731802-99-000012-index.html",
    "finalLink": "https://www.sec.gov/Archives/edgar/data/731802/"
  },
  {
    "date": "1998-12-31",
    "symbol": "ATO",
    "reportedCurrency": "USD",
    "cik": "0000731802",
    "fillingDate": "1999-02-12",
    "acceptedDate": "1999-02-12 00:00:00",
    "calendarYear": "1999",
    "period": "Q1",
    "revenue": 210200000,
    "costOfRevenue": 119000000,
    "grossProfit": 91200000,
    "grossProfitRatio": 0.4338725024,
    "researchAndDevelopmentExpenses": 0,
    "generalAndAdministrativeExpenses": 0,
    "sellingAndMarketingExpenses": 0,
    "sellingGeneralAndAdministrativeExpenses": 0,
    "otherExpenses": 59500000,
    "operatingExpenses": 59500000,
    "costAndExpenses": 178500000,
    "interestIncome": 0,
    "interestExpense": 0,
    "depreciationAndAmortization": 0,
    "ebitda": 45300000,
    "ebitdaratio": 0.215509039,
    "operatingIncome": 31700000,
    "operatingIncomeRatio": 0.1508087536,
    "totalOtherIncomeExpensesNet": -7300000,
    "incomeBeforeTax": 24400000,
    "incomeBeforeTaxRatio": 0.1160799239,
    "incomeTaxExpense": 9000000,
    "netIncome": 15400000,
    "netIncomeRatio": 0.0732635585,
    "eps": 0.51,
    "epsdiluted": 0.5,
    "weightedAverageShsOut": 30196078,
    "weightedAverageShsOutDil": 30800000,
    "link": "https://www.sec.gov/Archives/edgar/data/731802/000073180299000007/0000731802-99-000007-index.html",
    "finalLink": "https://www.sec.gov/Archives/edgar/data/731802/"
  },
  {
    "date": "1998-09-30",
    "symbol": "ATO",
    "reportedCurrency": "USD",
    "cik": "0000731802",
    "fillingDate": "1998-12-22",
    "acceptedDate": "1998-12-22 00:00:00",
    "calendarYear": "1998",
    "period": "Q4",
    "revenue": 127000000,
    "costOfRevenue": 76100000,
    "grossProfit": 50900000,
    "grossProfitRatio": 0.4007874016,
    "researchAndDevelopmentExpenses": 0,
    "generalAndAdministrativeExpenses": 0,
    "sellingAndMarketingExpenses": 0,
    "sellingGeneralAndAdministrativeExpenses": 0,
    "otherExpenses": 54100000,
    "operatingExpenses": 54100000,
    "costAndExpenses": 130200000,
    "interestIncome": 0,
    "interestExpense": 0,
    "depreciationAndAmortization": 0,
    "ebitda": 8300000,
    "ebitdaratio": 0.0653543307,
    "operatingIncome": -3200000,
    "operatingIncomeRatio": -0.0251968504,
    "totalOtherIncomeExpensesNet": -4800000,
    "incomeBeforeTax": -8000000,
    "incomeBeforeTaxRatio": -0.062992126,
    "incomeTaxExpense": -4100000,
    "netIncome": -3900000,
    "netIncomeRatio": -0.0307086614,
    "eps": -0.13,
    "epsdiluted": -0.13,
    "weightedAverageShsOut": 30196078,
    "weightedAverageShsOutDil": 30800000,
    "link": "https://www.sec.gov/Archives/edgar/data/731802/000093066198002660/0000930661-98-002660-index.html",
    "finalLink": "https://www.sec.gov/Archives/edgar/data/731802/"
  },
  {
    "date": "1998-06-30",
    "symbol": "ATO",
    "reportedCurrency": "USD",
    "cik": "0000731802",
    "fillingDate": "1998-08-12",
    "acceptedDate": "1998-08-12 00:00:00",
    "calendarYear": "1998",
    "period": "Q3",
    "revenue": 137300000,
    "costOfRevenue": 79900000,
    "grossProfit": 57400000,
    "grossProfitRatio": 0.4180626366,
    "researchAndDevelopmentExpenses": 0,
    "generalAndAdministrativeExpenses": 0,
    "sellingAndMarketingExpenses": 0,
    "sellingGeneralAndAdministrativeExpenses": 0,
    "otherExpenses": 49400000,
    "operatingExpenses": 49400000,
    "costAndExpenses": 129300000,
    "interestIncome": 0,
    "interestExpense": 0,
    "depreciationAndAmortization": 0,
    "ebitda": 20300000,
    "ebitdaratio": 0.1478514202,
    "operatingIncome": 8000000,
    "operatingIncomeRatio": 0.0582665696,
    "totalOtherIncomeExpensesNet": -5300000,
    "incomeBeforeTax": 2700000,
    "incomeBeforeTaxRatio": 0.0196649672,
    "incomeTaxExpense": 1000000,
    "netIncome": 1700000,
    "netIncomeRatio": 0.012381646,
    "eps": 0.06,
    "epsdiluted": 0.06,
    "weightedAverageShsOut": 28333333,
    "weightedAverageShsOutDil": 28333333,
    "link": "https://www.sec.gov/Archives/edgar/data/731802/000073180298000008/0000731802-98-000008-index.html",
    "finalLink": "https://www.sec.gov/Archives/edgar/data/731802/"
  },
  {
    "date": "1998-03-31",
    "symbol": "ATO",
    "reportedCurrency": "USD",
    "cik": "0000731802",
    "fillingDate": "1998-05-15",
    "acceptedDate": "1998-05-15 00:00:00",
    "calendarYear": "1998",
    "period": "Q2",
    "revenue": 288600000,
    "costOfRevenue": 164600000,
    "grossProfit": 124000000,
    "grossProfitRatio": 0.4296604297,
    "researchAndDevelopmentExpenses": 0,
    "generalAndAdministrativeExpenses": 0,
    "sellingAndMarketingExpenses": 0,
    "sellingGeneralAndAdministrativeExpenses": 0,
    "otherExpenses": 56800000,
    "operatingExpenses": 56800000,
    "costAndExpenses": 221400000,
    "interestIncome": 0,
    "interestExpense": 0,
    "depreciationAndAmortization": 0,
    "ebitda": 288600000,
    "ebitdaratio": 1,
    "operatingIncome": 67200000,
    "operatingIncomeRatio": 0.2328482328,
    "totalOtherIncomeExpensesNet": -7100000,
    "incomeBeforeTax": 60100000,
    "incomeBeforeTaxRatio": 0.2082467082,
    "incomeTaxExpense": 22700000,
    "netIncome": 37400000,
    "netIncomeRatio": 0.1295911296,
    "eps": 1.26,
    "epsdiluted": 1.25,
    "weightedAverageShsOut": 29682540,
    "weightedAverageShsOutDil": 29920000,
    "link": "https://www.sec.gov/Archives/edgar/data/731802/000073180298000004/0000731802-98-000004-index.html",
    "finalLink": "https://www.sec.gov/Archives/edgar/data/731802/"
  },
  {
    "date": "1997-12-31",
    "symbol": "ATO",
    "reportedCurrency": "USD",
    "cik": "0000731802",
    "fillingDate": "1998-02-11",
    "acceptedDate": "1998-02-11 00:00:00",
    "calendarYear": "1998",
    "period": "Q1",
    "revenue": 295300000,
    "costOfRevenue": 195700000,
    "grossProfit": 99600000,
    "grossProfitRatio": 0.3372841178,
    "researchAndDevelopmentExpenses": 0,
    "generalAndAdministrativeExpenses": 0,
    "sellingAndMarketingExpenses": 0,
    "sellingGeneralAndAdministrativeExpenses": 0,
    "otherExpenses": 58600000,
    "operatingExpenses": 58600000,
    "costAndExpenses": 254300000,
    "interestIncome": 0,
    "interestExpense": 0,
    "depreciationAndAmortization": 0,
    "ebitda": 52900000,
    "ebitdaratio": 0.1791398578,
    "operatingIncome": 41000000,
    "operatingIncomeRatio": 0.1388418557,
    "totalOtherIncomeExpensesNet": -8600000,
    "incomeBeforeTax": 32400000,
    "incomeBeforeTaxRatio": 0.1097189299,
    "incomeTaxExpense": 12300000,
    "netIncome": 20100000,
    "netIncomeRatio": 0.0680663732,
    "eps": 0.68,
    "epsdiluted": 0.68,
    "weightedAverageShsOut": 29558824,
    "weightedAverageShsOutDil": 29558824,
    "link": "https://www.sec.gov/Archives/edgar/data/731802/000073180298000002/0000731802-98-000002-index.html",
    "finalLink": "https://www.sec.gov/Archives/edgar/data/731802/"
  },
  {
    "date": "1997-09-30",
    "symbol": "ATO",
    "reportedCurrency": "USD",
    "cik": "0000731802",
    "fillingDate": "1997-12-22",
    "acceptedDate": "1997-12-22 00:00:00",
    "calendarYear": "1997",
    "period": "Q4",
    "revenue": 462600000,
    "costOfRevenue": 287100000,
    "grossProfit": 175500000,
    "grossProfitRatio": 0.3793774319,
    "researchAndDevelopmentExpenses": 0,
    "generalAndAdministrativeExpenses": 0,
    "sellingAndMarketingExpenses": 0,
    "sellingGeneralAndAdministrativeExpenses": 0,
    "otherExpenses": 159200000,
    "operatingExpenses": 159200000,
    "costAndExpenses": 446300000,
    "interestIncome": 0,
    "interestExpense": 0,
    "depreciationAndAmortization": 0,
    "ebitda": 38100000,
    "ebitdaratio": 0.0823605707,
    "operatingIncome": 16300000,
    "operatingIncomeRatio": 0.0352356247,
    "totalOtherIncomeExpensesNet": -16200000,
    "incomeBeforeTax": 100000,
    "incomeBeforeTaxRatio": 0.0002161695,
    "incomeTaxExpense": 200000,
    "netIncome": -100000,
    "netIncomeRatio": -0.0002161695,
    "eps": -0.0034,
    "epsdiluted": -0.0034,
    "weightedAverageShsOut": 29558824,
    "weightedAverageShsOutDil": 29558824,
    "link": "https://www.sec.gov/Archives/edgar/data/731802/000093066197002911/0000930661-97-002911-index.html",
    "finalLink": "https://www.sec.gov/Archives/edgar/data/731802/"
  },
  {
    "date": "1997-06-30",
    "symbol": "ATO",
    "reportedCurrency": "USD",
    "cik": "0000731802",
    "fillingDate": "1997-08-13",
    "acceptedDate": "1997-08-13 00:00:00",
    "calendarYear": "1997",
    "period": "Q3",
    "revenue": 143700000,
    "costOfRevenue": 84200000,
    "grossProfit": 59500000,
    "grossProfitRatio": 0.4140570633,
    "researchAndDevelopmentExpenses": 0,
    "generalAndAdministrativeExpenses": 0,
    "sellingAndMarketingExpenses": 0,
    "sellingGeneralAndAdministrativeExpenses": 0,
    "otherExpenses": 57100000,
    "operatingExpenses": 57100000,
    "costAndExpenses": 141300000,
    "interestIncome": 0,
    "interestExpense": 0,
    "depreciationAndAmortization": 5800000,
    "ebitda": 14200000,
    "ebitdaratio": 0.0988169798,
    "operatingIncome": 2400000,
    "operatingIncomeRatio": 0.0167014614,
    "totalOtherIncomeExpensesNet": -7500000,
    "incomeBeforeTax": -5100000,
    "incomeBeforeTaxRatio": -0.0354906054,
    "incomeTaxExpense": -2100000,
    "netIncome": -3000000,
    "netIncomeRatio": -0.0208768267,
    "eps": -0.1,
    "epsdiluted": -0.1,
    "weightedAverageShsOut": 16097000,
    "weightedAverageShsOutDil": 16097000,
    "link": "https://www.sec.gov/Archives/edgar/data/731802/000073180297000017/0000731802-97-000017-index.html",
    "finalLink": "https://www.sec.gov/Archives/edgar/data/731802/"
  },
  {
    "date": "1997-03-31",
    "symbol": "ATO",
    "reportedCurrency": "USD",
    "cik": "0000731802",
    "fillingDate": "1997-05-14",
    "acceptedDate": "1997-05-14 00:00:00",
    "calendarYear": "1997",
    "period": "Q2",
    "revenue": 362600000,
    "costOfRevenue": 238400000,
    "grossProfit": 124200000,
    "grossProfitRatio": 0.3425261997,
    "researchAndDevelopmentExpenses": 0,
    "generalAndAdministrativeExpenses": 0,
    "sellingAndMarketingExpenses": 0,
    "sellingGeneralAndAdministrativeExpenses": 0,
    "otherExpenses": 68400000,
    "operatingExpenses": 68400000,
    "costAndExpenses": 306800000,
    "interestIncome": 0,
    "interestExpense": 0,
    "depreciationAndAmortization": 6200000,
    "ebitda": 67400000,
    "ebitdaratio": 0.1858797573,
    "operatingIncome": 55800000,
    "operatingIncomeRatio": 0.1538885825,
    "totalOtherIncomeExpensesNet": -6400000,
    "incomeBeforeTax": 49400000,
    "incomeBeforeTaxRatio": 0.1362382791,
    "incomeTaxExpense": 18800000,
    "netIncome": 30600000,
    "netIncomeRatio": 0.084390513,
    "eps": 1.04,
    "epsdiluted": 1.04,
    "weightedAverageShsOut": 16055000,
    "weightedAverageShsOutDil": 16055000,
    "link": "https://www.sec.gov/Archives/edgar/data/731802/000073180297000011/0000731802-97-000011-index.html",
    "finalLink": "https://www.sec.gov/Archives/edgar/data/731802/"
  },
  {
    "date": "1996-12-31",
    "symbol": "ATO",
    "reportedCurrency": "USD",
    "cik": "0000731802",
    "fillingDate": "1997-02-12",
    "acceptedDate": "1997-02-12 00:00:00",
    "calendarYear": "1997",
    "period": "Q1",
    "revenue": 280600000,
    "costOfRevenue": 183400000,
    "grossProfit": 97200000,
    "grossProfitRatio": 0.3464005702,
    "researchAndDevelopmentExpenses": 0,
    "generalAndAdministrativeExpenses": 0,
    "sellingAndMarketingExpenses": 0,
    "sellingGeneralAndAdministrativeExpenses": 0,
    "otherExpenses": 60500000,
    "operatingExpenses": 60500000,
    "costAndExpenses": 243900000,
    "interestIncome": 0,
    "interestExpense": 0,
    "depreciationAndAmortization": 6200000,
    "ebitda": 48200000,
    "ebitdaratio": 0.1717747684,
    "operatingIncome": 36700000,
    "operatingIncomeRatio": 0.1307911618,
    "totalOtherIncomeExpensesNet": -7700000,
    "incomeBeforeTax": 29000000,
    "incomeBeforeTaxRatio": 0.1033499644,
    "incomeTaxExpense": 10800000,
    "netIncome": 18200000,
    "netIncomeRatio": 0.0648610121,
    "eps": 0.62,
    "epsdiluted": 0.62,
    "weightedAverageShsOut": 16118000,
    "weightedAverageShsOutDil": 16118000,
    "link": "https://www.sec.gov/Archives/edgar/data/731802/000095010997001002/0000950109-97-001002-index.html",
    "finalLink": "https://www.sec.gov/Archives/edgar/data/731802/"
  },
  {
    "date": "1996-09-30",
    "symbol": "ATO",
    "reportedCurrency": "USD",
    "cik": "0000731802",
    "fillingDate": "1996-11-13",
    "acceptedDate": "1996-11-13 00:00:00",
    "calendarYear": "1996",
    "period": "Q4",
    "revenue": 68600000,
    "costOfRevenue": 41500000,
    "grossProfit": 27100000,
    "grossProfitRatio": 0.3950437318,
    "researchAndDevelopmentExpenses": 0,
    "generalAndAdministrativeExpenses": 0,
    "sellingAndMarketingExpenses": 0,
    "sellingGeneralAndAdministrativeExpenses": 0,
    "otherExpenses": 29700000,
    "operatingExpenses": 29700000,
    "costAndExpenses": 71200000,
    "interestIncome": 0,
    "interestExpense": 0,
    "depreciationAndAmortization": 0,
    "ebitda": 1800000,
    "ebitdaratio": 0.0262390671,
    "operatingIncome": -2600000,
    "operatingIncomeRatio": -0.0379008746,
    "totalOtherIncomeExpensesNet": -3800000,
    "incomeBeforeTax": -6400000,
    "incomeBeforeTaxRatio": -0.0932944606,
    "incomeTaxExpense": -2400000,
    "netIncome": -4000000,
    "netIncomeRatio": -0.0583090379,
    "eps": -0.25,
    "epsdiluted": -0.25,
    "weightedAverageShsOut": 15852273,
    "weightedAverageShsOutDil": 16055000,
    "link": "https://www.sec.gov/Archives/edgar/data/731802/000073180296000012/0000731802-96-000012-index.html",
    "finalLink": "https://www.sec.gov/Archives/edgar/data/731802/"
  },
  {
    "date": "1996-06-30",
    "symbol": "ATO",
    "reportedCurrency": "USD",
    "cik": "0000731802",
    "fillingDate": "1996-08-14",
    "acceptedDate": "1996-08-14 00:00:00",
    "calendarYear": "1996",
    "period": "Q3",
    "revenue": 93600000,
    "costOfRevenue": 59800000,
    "grossProfit": 33800000,
    "grossProfitRatio": 0.3611111111,
    "researchAndDevelopmentExpenses": 0,
    "generalAndAdministrativeExpenses": 0,
    "sellingAndMarketingExpenses": 0,
    "sellingGeneralAndAdministrativeExpenses": 0,
    "otherExpenses": 29600000,
    "operatingExpenses": 29600000,
    "costAndExpenses": 89400000,
    "interestIncome": 0,
    "interestExpense": 0,
    "depreciationAndAmortization": 0,
    "ebitda": 9700000,
    "ebitdaratio": 0.1036324786,
    "operatingIncome": 4200000,
    "operatingIncomeRatio": 0.0448717949,
    "totalOtherIncomeExpensesNet": -3700000,
    "incomeBeforeTax": 500000,
    "incomeBeforeTaxRatio": 0.0053418803,
    "incomeTaxExpense": 200000,
    "netIncome": 300000,
    "netIncomeRatio": 0.0032051282,
    "eps": 0.02,
    "epsdiluted": 0.02,
    "weightedAverageShsOut": 15000000,
    "weightedAverageShsOutDil": 15000000,
    "link": "https://www.sec.gov/Archives/edgar/data/731802/000073180296000008/0000731802-96-000008-index.html",
    "finalLink": "https://www.sec.gov/Archives/edgar/data/731802/"
  },
  {
    "date": "1996-03-31",
    "symbol": "ATO",
    "reportedCurrency": "USD",
    "cik": "0000731802",
    "fillingDate": "1996-05-08",
    "acceptedDate": "1996-05-08 00:00:00",
    "calendarYear": "1996",
    "period": "Q2",
    "revenue": 191100000,
    "costOfRevenue": 125700000,
    "grossProfit": 65400000,
    "grossProfitRatio": 0.3422291994,
    "researchAndDevelopmentExpenses": 0,
    "generalAndAdministrativeExpenses": 0,
    "sellingAndMarketingExpenses": 0,
    "sellingGeneralAndAdministrativeExpenses": 0,
    "otherExpenses": 32800000,
    "operatingExpenses": 32800000,
    "costAndExpenses": 158500000,
    "interestIncome": 0,
    "interestExpense": 0,
    "depreciationAndAmortization": 0,
    "ebitda": 37900000,
    "ebitdaratio": 0.198325484,
    "operatingIncome": 32600000,
    "operatingIncomeRatio": 0.1705913134,
    "totalOtherIncomeExpensesNet": -3800000,
    "incomeBeforeTax": 28800000,
    "incomeBeforeTaxRatio": 0.1507064364,
    "incomeTaxExpense": 10400000,
    "netIncome": 18400000,
    "netIncomeRatio": 0.0962846677,
    "eps": 1.15,
    "epsdiluted": 1.15,
    "weightedAverageShsOut": 16000000,
    "weightedAverageShsOutDil": 16000000,
    "link": "https://www.sec.gov/Archives/edgar/data/731802/000073180296000005/0000731802-96-000005-index.html",
    "finalLink": "https://www.sec.gov/Archives/edgar/data/731802/"
  },
  {
    "date": "1995-12-31",
    "symbol": "ATO",
    "reportedCurrency": "USD",
    "cik": "0000731802",
    "fillingDate": "1996-02-14",
    "acceptedDate": "1996-02-14 00:00:00",
    "calendarYear": "1996",
    "period": "Q1",
    "revenue": 130500000,
    "costOfRevenue": 79700000,
    "grossProfit": 50800000,
    "grossProfitRatio": 0.3892720307,
    "researchAndDevelopmentExpenses": 0,
    "generalAndAdministrativeExpenses": 0,
    "sellingAndMarketingExpenses": 0,
    "sellingGeneralAndAdministrativeExpenses": 0,
    "otherExpenses": 32600000,
    "operatingExpenses": 32600000,
    "costAndExpenses": 112300000,
    "interestIncome": 0,
    "interestExpense": 0,
    "depreciationAndAmortization": 0,
    "ebitda": 23800000,
    "ebitdaratio": 0.1823754789,
    "operatingIncome": 18200000,
    "operatingIncomeRatio": 0.1394636015,
    "totalOtherIncomeExpensesNet": -3800000,
    "incomeBeforeTax": 14400000,
    "incomeBeforeTaxRatio": 0.1103448276,
    "incomeTaxExpense": 5200000,
    "netIncome": 9200000,
    "netIncomeRatio": 0.0704980843,
    "eps": 0.59,
    "epsdiluted": 0.59,
    "weightedAverageShsOut": 15593220,
    "weightedAverageShsOutDil": 15593220,
    "link": "https://www.sec.gov/Archives/edgar/data/731802/000073180296000002/0000731802-96-000002-index.html",
    "finalLink": "https://www.sec.gov/Archives/edgar/data/731802/"
  },
  {
    "date": "1995-09-30",
    "symbol": "ATO",
    "reportedCurrency": "USD",
    "cik": "0000731802",
    "fillingDate": "1995-12-14",
    "acceptedDate": "1995-12-14 00:00:00",
    "calendarYear": "1995",
    "period": "Q4",
    "revenue": 76000000,
    "costOfRevenue": 46100000,
    "grossProfit": 29900000,
    "grossProfitRatio": 0.3934210526,
    "researchAndDevelopmentExpenses": 0,
    "generalAndAdministrativeExpenses": 0,
    "sellingAndMarketingExpenses": 0,
    "sellingGeneralAndAdministrativeExpenses": 0,
    "otherExpenses": 29900000,
    "operatingExpenses": 29900000,
    "costAndExpenses": 76000000,
    "interestIncome": 0,
    "interestExpense": 0,
    "depreciationAndAmortization": 0,
    "ebitda": 5200000,
    "ebitdaratio": 0.0684210526,
    "operatingIncome": 0,
    "operatingIncomeRatio": 0,
    "totalOtherIncomeExpensesNet": -3500000,
    "incomeBeforeTax": -3500000,
    "incomeBeforeTaxRatio": -0.0460526316,
    "incomeTaxExpense": -1900000,
    "netIncome": -1600000,
    "netIncomeRatio": -0.0210526316,
    "eps": -0.1,
    "epsdiluted": -0.1,
    "weightedAverageShsOut": 15413534,
    "weightedAverageShsOutDil": 15593220,
    "link": "https://www.sec.gov/Archives/edgar/data/731802/000073180295000016/0000731802-95-000016-index.html",
    "finalLink": "https://www.sec.gov/Archives/edgar/data/731802/"
  }
]