[
  {
    "date": "2025-06-30",
    "symbol": "AVB",
    "reportedCurrency": "USD",
    "cik": "0000915912",
    "fillingDate": "2025-08-07",
    "acceptedDate": "2025-08-07 12:41:26",
    "calendarYear": "2025",
    "period": "Q2",
    "revenue": 760195000,
    "costOfRevenue": 276971000,
    "grossProfit": 483224000,
    "grossProfitRatio": 0.6356579562,
    "researchAndDevelopmentExpenses": 0,
    "generalAndAdministrativeExpenses": 22997000,
    "sellingAndMarketingExpenses": 0,
    "sellingGeneralAndAdministrativeExpenses": 22997000,
    "otherExpenses": 231730000,
    "operatingExpenses": 254727000,
    "costAndExpenses": 531698000,
    "interestIncome": 6937000,
    "interestExpense": 64801000,
    "depreciationAndAmortization": 231730000,
    "ebitda": 565855000,
    "ebitdaratio": 0.7443550668,
    "operatingIncome": 228497000,
    "operatingIncomeRatio": 0.3005768257,
    "totalOtherIncomeExpensesNet": 40827000,
    "incomeBeforeTax": 269324000,
    "incomeBeforeTaxRatio": 0.3542827827,
    "incomeTaxExpense": -531000,
    "netIncome": 268665000,
    "netIncomeRatio": 0.3534158999,
    "eps": 1.89,
    "epsdiluted": 1.88,
    "weightedAverageShsOut": 142195859,
    "weightedAverageShsOutDil": 143292306,
    "link": "https://www.sec.gov/Archives/edgar/data/915912/000091591225000019/0000915912-25-000019-index.htm",
    "finalLink": "https://www.sec.gov/Archives/edgar/data/915912/000091591225000019/avb-20250630.htm"
  },
  {
    "date": "2025-03-31",
    "symbol": "AVB",
    "reportedCurrency": "USD",
    "cik": "0000915912",
    "fillingDate": "2025-05-08",
    "acceptedDate": "2025-05-08 14:41:05",
    "calendarYear": "2025",
    "period": "Q1",
    "revenue": 745880000,
    "costOfRevenue": 268861000,
    "grossProfit": 477019000,
    "grossProfitRatio": 0.6395385317,
    "researchAndDevelopmentExpenses": 0,
    "generalAndAdministrativeExpenses": 19780000,
    "sellingAndMarketingExpenses": 0,
    "sellingGeneralAndAdministrativeExpenses": 19780000,
    "otherExpenses": 217888000,
    "operatingExpenses": 237668000,
    "costAndExpenses": 506529000,
    "interestIncome": 6113000,
    "interestExpense": 59864000,
    "depreciationAndAmortization": 217888000,
    "ebitda": 514233000,
    "ebitdaratio": 0.6894312758,
    "operatingIncome": 239351000,
    "operatingIncomeRatio": 0.3208974634,
    "totalOtherIncomeExpensesNet": -2870000,
    "incomeBeforeTax": 236481000,
    "incomeBeforeTaxRatio": 0.3170496595,
    "incomeTaxExpense": -116000,
    "netIncome": 236597000,
    "netIncomeRatio": 0.3172051805,
    "eps": 1.66,
    "epsdiluted": 1.66,
    "weightedAverageShsOut": 142113000,
    "weightedAverageShsOutDil": 142487000,
    "link": "https://www.sec.gov/Archives/edgar/data/915912/000091591225000012/0000915912-25-000012-index.htm",
    "finalLink": "https://www.sec.gov/Archives/edgar/data/915912/000091591225000012/avb-20250331.htm"
  },
  {
    "date": "2024-12-31",
    "symbol": "AVB",
    "reportedCurrency": "USD",
    "cik": "0000915912",
    "fillingDate": "2025-02-27",
    "acceptedDate": "2025-02-27 15:35:29",
    "calendarYear": "2024",
    "period": "Q4",
    "revenue": 740549000,
    "costOfRevenue": 281649000,
    "grossProfit": 458900000,
    "grossProfitRatio": 0.619675403,
    "researchAndDevelopmentExpenses": 0,
    "generalAndAdministrativeExpenses": 17691000,
    "sellingAndMarketingExpenses": 0,
    "sellingGeneralAndAdministrativeExpenses": 17691000,
    "otherExpenses": 215539000,
    "operatingExpenses": 233230000,
    "costAndExpenses": 514879000,
    "interestIncome": 0,
    "interestExpense": 58976000,
    "depreciationAndAmortization": 215539000,
    "ebitda": 556354000,
    "ebitdaratio": 0.7512723669,
    "operatingIncome": 225670000,
    "operatingIncomeRatio": 0.3047333802,
    "totalOtherIncomeExpensesNet": 56169000,
    "incomeBeforeTax": 281839000,
    "incomeBeforeTaxRatio": 0.3805811634,
    "incomeTaxExpense": -253000,
    "netIncome": 282092000,
    "netIncomeRatio": 0.3809228019,
    "eps": 1.98,
    "epsdiluted": 1.98,
    "weightedAverageShsOut": 142326000,
    "weightedAverageShsOutDil": 142705000,
    "link": "https://www.sec.gov/Archives/edgar/data/915912/000091591225000005/0000915912-25-000005-index.htm",
    "finalLink": "https://www.sec.gov/Archives/edgar/data/915912/000091591225000005/avb-20241231.htm"
  },
  {
    "date": "2024-09-30",
    "symbol": "AVB",
    "reportedCurrency": "USD",
    "cik": "0000915912",
    "fillingDate": "2024-11-12",
    "acceptedDate": "2024-11-12 14:08:45",
    "calendarYear": "2024",
    "period": "Q3",
    "revenue": 734307000,
    "costOfRevenue": 275460000,
    "grossProfit": 458847000,
    "grossProfitRatio": 0.6248707965,
    "researchAndDevelopmentExpenses": 0,
    "generalAndAdministrativeExpenses": 20089000,
    "sellingAndMarketingExpenses": 0,
    "sellingGeneralAndAdministrativeExpenses": 20089000,
    "otherExpenses": 212122000,
    "operatingExpenses": 232211000,
    "costAndExpenses": 507671000,
    "interestIncome": 0,
    "interestExpense": 55769000,
    "depreciationAndAmortization": 212122000,
    "ebitda": 641192000,
    "ebitdaratio": 0.8731933646,
    "operatingIncome": 226636000,
    "operatingIncomeRatio": 0.3086393021,
    "totalOtherIncomeExpensesNet": 146665000,
    "incomeBeforeTax": 373301000,
    "incomeBeforeTaxRatio": 0.508371839,
    "incomeTaxExpense": 782000,
    "netIncome": 372519000,
    "netIncomeRatio": 0.5073068894,
    "eps": 2.62,
    "epsdiluted": 2.61,
    "weightedAverageShsOut": 142039000,
    "weightedAverageShsOutDil": 142517000,
    "link": "https://www.sec.gov/Archives/edgar/data/915912/000091591224000021/0000915912-24-000021-index.htm",
    "finalLink": "https://www.sec.gov/Archives/edgar/data/915912/000091591224000021/avb-20240930.htm"
  },
  {
    "date": "2024-06-30",
    "symbol": "AVB",
    "reportedCurrency": "USD",
    "cik": "0000915912",
    "fillingDate": "2024-08-06",
    "acceptedDate": "2024-08-06 13:21:21",
    "calendarYear": "2024",
    "period": "Q2",
    "revenue": 726041000,
    "costOfRevenue": 260651000,
    "grossProfit": 465390000,
    "grossProfitRatio": 0.6409968583,
    "researchAndDevelopmentExpenses": 0,
    "generalAndAdministrativeExpenses": 19586000,
    "sellingAndMarketingExpenses": 0,
    "sellingGeneralAndAdministrativeExpenses": 19586000,
    "otherExpenses": 206923000,
    "operatingExpenses": 226509000,
    "costAndExpenses": 487160000,
    "interestIncome": 0,
    "interestExpense": 57078000,
    "depreciationAndAmortization": 206923000,
    "ebitda": 517946000,
    "ebitdaratio": 0.7133839549,
    "operatingIncome": 238881000,
    "operatingIncomeRatio": 0.3290186091,
    "totalOtherIncomeExpensesNet": 15064000,
    "incomeBeforeTax": 253945000,
    "incomeBeforeTaxRatio": 0.3497667487,
    "incomeTaxExpense": -62000,
    "netIncome": 253934000,
    "netIncomeRatio": 0.3497515981,
    "eps": 1.78,
    "epsdiluted": 1.78,
    "weightedAverageShsOut": 142004857,
    "weightedAverageShsOutDil": 142389866,
    "link": "https://www.sec.gov/Archives/edgar/data/915912/000091591224000015/0000915912-24-000015-index.htm",
    "finalLink": "https://www.sec.gov/Archives/edgar/data/915912/000091591224000015/avb-20240630.htm"
  },
  {
    "date": "2024-03-31",
    "symbol": "AVB",
    "reportedCurrency": "USD",
    "cik": "0000915912",
    "fillingDate": "2024-05-03",
    "acceptedDate": "2024-05-03 14:31:01",
    "calendarYear": "2024",
    "period": "Q1",
    "revenue": 712859000,
    "costOfRevenue": 255696000,
    "grossProfit": 457163000,
    "grossProfitRatio": 0.6413091509,
    "researchAndDevelopmentExpenses": 0,
    "generalAndAdministrativeExpenses": 20331000,
    "sellingAndMarketingExpenses": 0,
    "sellingGeneralAndAdministrativeExpenses": 20331000,
    "otherExpenses": 212269000,
    "operatingExpenses": 232600000,
    "costAndExpenses": 488296000,
    "interestIncome": 3118000,
    "interestExpense": 54766000,
    "depreciationAndAmortization": 212269000,
    "ebitda": 440570000,
    "ebitdaratio": 0.618032458,
    "operatingIncome": 224563000,
    "operatingIncomeRatio": 0.3150174158,
    "totalOtherIncomeExpensesNet": -51028000,
    "incomeBeforeTax": 173535000,
    "incomeBeforeTaxRatio": 0.2434352375,
    "incomeTaxExpense": -22000,
    "netIncome": 173449000,
    "netIncomeRatio": 0.2433145966,
    "eps": 1.22,
    "epsdiluted": 1.22,
    "weightedAverageShsOut": 141902066,
    "weightedAverageShsOutDil": 142222755,
    "link": "https://www.sec.gov/Archives/edgar/data/915912/000091591224000011/0000915912-24-000011-index.htm",
    "finalLink": "https://www.sec.gov/Archives/edgar/data/915912/000091591224000011/avb-20240331.htm"
  },
  {
    "date": "2023-12-31",
    "symbol": "AVB",
    "reportedCurrency": "USD",
    "cik": "0000915912",
    "fillingDate": "2024-02-23",
    "acceptedDate": "2024-02-23 13:36:28",
    "calendarYear": "2023",
    "period": "Q4",
    "revenue": 704705000,
    "costOfRevenue": 250379000,
    "grossProfit": 454326000,
    "grossProfitRatio": 0.6447038122,
    "researchAndDevelopmentExpenses": 0,
    "generalAndAdministrativeExpenses": 17992000,
    "sellingAndMarketingExpenses": 0,
    "sellingGeneralAndAdministrativeExpenses": 17992000,
    "otherExpenses": 210694000,
    "operatingExpenses": 228686000,
    "costAndExpenses": 479065000,
    "interestIncome": 0,
    "interestExpense": 49471000,
    "depreciationAndAmortization": 210694000,
    "ebitda": 504669000,
    "ebitdaratio": 0.7161422155,
    "operatingIncome": 225640000,
    "operatingIncomeRatio": 0.3201907181,
    "totalOtherIncomeExpensesNet": 18864000,
    "incomeBeforeTax": 244504000,
    "incomeBeforeTaxRatio": 0.346959366,
    "incomeTaxExpense": 2438000,
    "netIncome": 241969000,
    "netIncomeRatio": 0.3433621161,
    "eps": 1.7,
    "epsdiluted": 1.7,
    "weightedAverageShsOut": 142098397,
    "weightedAverageShsOutDil": 142229122,
    "link": "https://www.sec.gov/Archives/edgar/data/915912/000091591224000004/0000915912-24-000004-index.htm",
    "finalLink": "https://www.sec.gov/Archives/edgar/data/915912/000091591224000004/avb-20231231.htm"
  },
  {
    "date": "2023-09-30",
    "symbol": "AVB",
    "reportedCurrency": "USD",
    "cik": "0000915912",
    "fillingDate": "2023-11-03",
    "acceptedDate": "2023-11-03 16:21:47",
    "calendarYear": "2023",
    "period": "Q3",
    "revenue": 697635000,
    "costOfRevenue": 253590000,
    "grossProfit": 444045000,
    "grossProfitRatio": 0.6365004623,
    "researchAndDevelopmentExpenses": 0,
    "generalAndAdministrativeExpenses": 20466000,
    "sellingAndMarketingExpenses": 0,
    "sellingGeneralAndAdministrativeExpenses": 20466000,
    "otherExpenses": 200982000,
    "operatingExpenses": 221448000,
    "costAndExpenses": 475038000,
    "interestIncome": 0,
    "interestExpense": 48115000,
    "depreciationAndAmortization": 200982000,
    "ebitda": 425259000,
    "ebitdaratio": 0.6095723408,
    "operatingIncome": 222597000,
    "operatingIncomeRatio": 0.3190737277,
    "totalOtherIncomeExpensesNet": -46435000,
    "incomeBeforeTax": 176162000,
    "incomeBeforeTaxRatio": 0.2525131337,
    "incomeTaxExpense": 4372000,
    "netIncome": 172031000,
    "netIncomeRatio": 0.2465916991,
    "eps": 1.21,
    "epsdiluted": 1.21,
    "weightedAverageShsOut": 141838841,
    "weightedAverageShsOutDil": 142198099,
    "link": "https://www.sec.gov/Archives/edgar/data/915912/000091591223000018/0000915912-23-000018-index.htm",
    "finalLink": "https://www.sec.gov/Archives/edgar/data/915912/000091591223000018/avb-20230930.htm"
  },
  {
    "date": "2023-06-30",
    "symbol": "AVB",
    "reportedCurrency": "USD",
    "cik": "0000915912",
    "fillingDate": "2023-08-04",
    "acceptedDate": "2023-08-04 14:20:17",
    "calendarYear": "2023",
    "period": "Q2",
    "revenue": 690860000,
    "costOfRevenue": 244835000,
    "grossProfit": 446025000,
    "grossProfitRatio": 0.6456083722,
    "researchAndDevelopmentExpenses": 1261000,
    "generalAndAdministrativeExpenses": 17676000,
    "sellingAndMarketingExpenses": 0,
    "sellingGeneralAndAdministrativeExpenses": 17676000,
    "otherExpenses": 199285000,
    "operatingExpenses": 218222000,
    "costAndExpenses": 463057000,
    "interestIncome": 0,
    "interestExpense": 51585000,
    "depreciationAndAmortization": 200546000,
    "ebitda": 619721000,
    "ebitdaratio": 0.8970283415,
    "operatingIncome": 227803000,
    "operatingIncomeRatio": 0.3297382972,
    "totalOtherIncomeExpensesNet": 139787000,
    "incomeBeforeTax": 367590000,
    "incomeBeforeTaxRatio": 0.5320759633,
    "incomeTaxExpense": -217000,
    "netIncome": 367923000,
    "netIncomeRatio": 0.5325579712,
    "eps": 2.59,
    "epsdiluted": 2.58,
    "weightedAverageShsOut": 141779951,
    "weightedAverageShsOutDil": 142124117,
    "link": "https://www.sec.gov/Archives/edgar/data/915912/000091591223000014/0000915912-23-000014-index.htm",
    "finalLink": "https://www.sec.gov/Archives/edgar/data/915912/000091591223000014/avb-20230630.htm"
  },
  {
    "date": "2023-03-31",
    "symbol": "AVB",
    "reportedCurrency": "USD",
    "cik": "0000915912",
    "fillingDate": "2023-05-05",
    "acceptedDate": "2023-05-05 12:01:02",
    "calendarYear": "2023",
    "period": "Q1",
    "revenue": 674708000,
    "costOfRevenue": 239327000,
    "grossProfit": 435381000,
    "grossProfitRatio": 0.6452880357,
    "researchAndDevelopmentExpenses": 2992000,
    "generalAndAdministrativeExpenses": 20400000,
    "sellingAndMarketingExpenses": 0,
    "sellingGeneralAndAdministrativeExpenses": 20400000,
    "otherExpenses": 201751000,
    "operatingExpenses": 225143000,
    "costAndExpenses": 464470000,
    "interestIncome": 0,
    "interestExpense": 56821000,
    "depreciationAndAmortization": 204743000,
    "ebitda": 411899000,
    "ebitdaratio": 0.610484832,
    "operatingIncome": 210238000,
    "operatingIncomeRatio": 0.3115984989,
    "totalOtherIncomeExpensesNet": -59903000,
    "incomeBeforeTax": 150335000,
    "incomeBeforeTaxRatio": 0.2228149066,
    "incomeTaxExpense": 3560000,
    "netIncome": 146902000,
    "netIncomeRatio": 0.2177267796,
    "eps": 1.05,
    "epsdiluted": 1.05,
    "weightedAverageShsOut": 139766727,
    "weightedAverageShsOutDil": 140023810,
    "link": "https://www.sec.gov/Archives/edgar/data/915912/000091591223000010/0000915912-23-000010-index.htm",
    "finalLink": "https://www.sec.gov/Archives/edgar/data/915912/000091591223000010/avb-20230331.htm"
  },
  {
    "date": "2022-12-31",
    "symbol": "AVB",
    "reportedCurrency": "USD",
    "cik": "0000915912",
    "fillingDate": "2023-02-24",
    "acceptedDate": "2023-02-24 13:29:05",
    "calendarYear": "2022",
    "period": "Q4",
    "revenue": 669671000,
    "costOfRevenue": 229138000,
    "grossProfit": 440533000,
    "grossProfitRatio": 0.6578349667,
    "researchAndDevelopmentExpenses": 0,
    "generalAndAdministrativeExpenses": 20741000,
    "sellingAndMarketingExpenses": 0,
    "sellingGeneralAndAdministrativeExpenses": 20741000,
    "otherExpenses": 207232000,
    "operatingExpenses": 227973000,
    "costAndExpenses": 457111000,
    "interestIncome": 0,
    "interestExpense": 57461000,
    "depreciationAndAmortization": 207232000,
    "ebitda": 512540000,
    "ebitdaratio": 0.7653609011,
    "operatingIncome": 212560000,
    "operatingIncomeRatio": 0.3174095937,
    "totalOtherIncomeExpensesNet": 35287000,
    "incomeBeforeTax": 247847000,
    "incomeBeforeTaxRatio": 0.3701026325,
    "incomeTaxExpense": 6683000,
    "netIncome": 241293000,
    "netIncomeRatio": 0.3603157371,
    "eps": 1.72,
    "epsdiluted": 1.72,
    "weightedAverageShsOut": 139956721,
    "weightedAverageShsOutDil": 140007823,
    "link": "https://www.sec.gov/Archives/edgar/data/915912/000091591223000004/0000915912-23-000004-index.htm",
    "finalLink": "https://www.sec.gov/Archives/edgar/data/915912/000091591223000004/avb-20221231.htm"
  },
  {
    "date": "2022-09-30",
    "symbol": "AVB",
    "reportedCurrency": "USD",
    "cik": "0000915912",
    "fillingDate": "2022-11-08",
    "acceptedDate": "2022-11-08 15:11:58",
    "calendarYear": "2022",
    "period": "Q3",
    "revenue": 665288000,
    "costOfRevenue": 240671000,
    "grossProfit": 424617000,
    "grossProfitRatio": 0.6382453915,
    "researchAndDevelopmentExpenses": 0,
    "generalAndAdministrativeExpenses": 14611000,
    "sellingAndMarketingExpenses": 0,
    "sellingGeneralAndAdministrativeExpenses": 14611000,
    "otherExpenses": 206658000,
    "operatingExpenses": 221269000,
    "costAndExpenses": 461940000,
    "interestIncome": 0,
    "interestExpense": 57290000,
    "depreciationAndAmortization": 206658000,
    "ebitda": 764231000,
    "ebitdaratio": 1.1487220572,
    "operatingIncome": 203348000,
    "operatingIncomeRatio": 0.3056540927,
    "totalOtherIncomeExpensesNet": 296935000,
    "incomeBeforeTax": 500283000,
    "incomeBeforeTaxRatio": 0.7519795938,
    "incomeTaxExpense": 5651000,
    "netIncome": 494747000,
    "netIncomeRatio": 0.7436583855,
    "eps": 3.54,
    "epsdiluted": 3.53,
    "weightedAverageShsOut": 139640421,
    "weightedAverageShsOutDil": 139981959,
    "link": "https://www.sec.gov/Archives/edgar/data/915912/000091591222000020/0000915912-22-000020-index.htm",
    "finalLink": "https://www.sec.gov/Archives/edgar/data/915912/000091591222000020/avb-20220930.htm"
  },
  {
    "date": "2022-06-30",
    "symbol": "AVB",
    "reportedCurrency": "USD",
    "cik": "0000915912",
    "fillingDate": "2022-08-03",
    "acceptedDate": "2022-08-03 15:34:03",
    "calendarYear": "2022",
    "period": "Q2",
    "revenue": 644559000,
    "costOfRevenue": 227254000,
    "grossProfit": 417305000,
    "grossProfitRatio": 0.6474271556,
    "researchAndDevelopmentExpenses": 2364000,
    "generalAndAdministrativeExpenses": 21291000,
    "sellingAndMarketingExpenses": 0,
    "sellingGeneralAndAdministrativeExpenses": 21291000,
    "otherExpenses": 196938000,
    "operatingExpenses": 220593000,
    "costAndExpenses": 447847000,
    "interestIncome": 0,
    "interestExpense": 58797000,
    "depreciationAndAmortization": 199302000,
    "ebitda": 396506000,
    "ebitdaratio": 0.6151585813,
    "operatingIncome": 196712000,
    "operatingIncomeRatio": 0.3051885087,
    "totalOtherIncomeExpensesNet": -58305000,
    "incomeBeforeTax": 138407000,
    "incomeBeforeTaxRatio": 0.2147313124,
    "incomeTaxExpense": -159000,
    "netIncome": 138444000,
    "netIncomeRatio": 0.214788716,
    "eps": 0.99,
    "epsdiluted": 0.99,
    "weightedAverageShsOut": 139630291,
    "weightedAverageShsOutDil": 139934478,
    "link": "https://www.sec.gov/Archives/edgar/data/915912/000091591222000015/0000915912-22-000015-index.htm",
    "finalLink": "https://www.sec.gov/Archives/edgar/data/915912/000091591222000015/avb-20220630.htm"
  },
  {
    "date": "2022-03-31",
    "symbol": "AVB",
    "reportedCurrency": "USD",
    "cik": "0000915912",
    "fillingDate": "2022-05-04",
    "acceptedDate": "2022-05-04 16:28:45",
    "calendarYear": "2022",
    "period": "Q1",
    "revenue": 613927000,
    "costOfRevenue": 222050000,
    "grossProfit": 391877000,
    "grossProfitRatio": 0.6383120469,
    "researchAndDevelopmentExpenses": 987000,
    "generalAndAdministrativeExpenses": 17421000,
    "sellingAndMarketingExpenses": 0,
    "sellingGeneralAndAdministrativeExpenses": 17421000,
    "otherExpenses": 200799000,
    "operatingExpenses": 219207000,
    "costAndExpenses": 441257000,
    "interestIncome": 0,
    "interestExpense": 56526000,
    "depreciationAndAmortization": 201786000,
    "ebitda": 522859000,
    "ebitdaratio": 0.8516631456,
    "operatingIncome": 172670000,
    "operatingIncomeRatio": 0.2812549375,
    "totalOtherIncomeExpensesNet": 91877000,
    "incomeBeforeTax": 264547000,
    "incomeBeforeTaxRatio": 0.4309095381,
    "incomeTaxExpense": 2471000,
    "netIncome": 262044000,
    "netIncomeRatio": 0.4268325061,
    "eps": 1.88,
    "epsdiluted": 1.87,
    "weightedAverageShsOut": 139559904,
    "weightedAverageShsOutDil": 139976082,
    "link": "https://www.sec.gov/Archives/edgar/data/915912/000091591222000011/0000915912-22-000011-index.htm",
    "finalLink": "https://www.sec.gov/Archives/edgar/data/915912/000091591222000011/avb-20220331.htm"
  },
  {
    "date": "2021-12-31",
    "symbol": "AVB",
    "reportedCurrency": "USD",
    "cik": "0000915912",
    "fillingDate": "2022-02-25",
    "acceptedDate": "2022-02-25 16:59:50",
    "calendarYear": "2021",
    "period": "Q4",
    "revenue": 601197000,
    "costOfRevenue": 211047000,
    "grossProfit": 390150000,
    "grossProfitRatio": 0.6489553341,
    "researchAndDevelopmentExpenses": 0,
    "generalAndAdministrativeExpenses": 16481000,
    "sellingAndMarketingExpenses": 0,
    "sellingGeneralAndAdministrativeExpenses": 16481000,
    "otherExpenses": 197036000,
    "operatingExpenses": 213517000,
    "costAndExpenses": 424564000,
    "interestIncome": 0,
    "interestExpense": 55711000,
    "depreciationAndAmortization": 197036000,
    "ebitda": 592344000,
    "ebitdaratio": 0.9852743776,
    "operatingIncome": 176633000,
    "operatingIncomeRatio": 0.2938021979,
    "totalOtherIncomeExpensesNet": 162964000,
    "incomeBeforeTax": 339597000,
    "incomeBeforeTaxRatio": 0.5648680882,
    "incomeTaxExpense": 4299000,
    "netIncome": 334552000,
    "netIncomeRatio": 0.5564764961,
    "eps": 2.4,
    "epsdiluted": 2.4,
    "weightedAverageShsOut": 139790984,
    "weightedAverageShsOutDil": 139928816,
    "link": "https://www.sec.gov/Archives/edgar/data/915912/000091591222000005/0000915912-22-000005-index.htm",
    "finalLink": "https://www.sec.gov/Archives/edgar/data/915912/000091591222000005/avb-20211231.htm"
  },
  {
    "date": "2021-09-30",
    "symbol": "AVB",
    "reportedCurrency": "USD",
    "cik": "0000915912",
    "fillingDate": "2021-11-04",
    "acceptedDate": "2021-11-04 16:05:51",
    "calendarYear": "2021",
    "period": "Q3",
    "revenue": 580774000,
    "costOfRevenue": 221036000,
    "grossProfit": 359738000,
    "grossProfitRatio": 0.6194113373,
    "researchAndDevelopmentExpenses": 0,
    "generalAndAdministrativeExpenses": 17313000,
    "sellingAndMarketingExpenses": 0,
    "sellingGeneralAndAdministrativeExpenses": 17313000,
    "otherExpenses": 193791000,
    "operatingExpenses": 211104000,
    "costAndExpenses": 432140000,
    "interestIncome": 0,
    "interestExpense": 55987000,
    "depreciationAndAmortization": 193791000,
    "ebitda": 330804000,
    "ebitdaratio": 0.5695916139,
    "operatingIncome": 148634000,
    "operatingIncomeRatio": 0.2559239911,
    "totalOtherIncomeExpensesNet": -67608000,
    "incomeBeforeTax": 81026000,
    "incomeBeforeTaxRatio": 0.1395138212,
    "incomeTaxExpense": 2179000,
    "netIncome": 78754000,
    "netIncomeRatio": 0.1356018004,
    "eps": 0.57,
    "epsdiluted": 0.56,
    "weightedAverageShsOut": 139670482,
    "weightedAverageShsOutDil": 139737725,
    "link": "https://www.sec.gov/Archives/edgar/data/915912/000091591221000023/0000915912-21-000023-index.htm",
    "finalLink": "https://www.sec.gov/Archives/edgar/data/915912/000091591221000023/avb-20210930.htm"
  },
  {
    "date": "2021-06-30",
    "symbol": "AVB",
    "reportedCurrency": "USD",
    "cik": "0000915912",
    "fillingDate": "2021-08-04",
    "acceptedDate": "2021-08-04 13:13:16",
    "calendarYear": "2021",
    "period": "Q2",
    "revenue": 561743000,
    "costOfRevenue": 212398000,
    "grossProfit": 349345000,
    "grossProfitRatio": 0.6218947099,
    "researchAndDevelopmentExpenses": 0,
    "generalAndAdministrativeExpenses": 18465000,
    "sellingAndMarketingExpenses": 0,
    "sellingGeneralAndAdministrativeExpenses": 18465000,
    "otherExpenses": 184472000,
    "operatingExpenses": 202937000,
    "costAndExpenses": 415335000,
    "interestIncome": 0,
    "interestExpense": 56104000,
    "depreciationAndAmortization": 184472000,
    "ebitda": 688563000,
    "ebitdaratio": 1.2257616027,
    "operatingIncome": 146408000,
    "operatingIncomeRatio": 0.2606316412,
    "totalOtherIncomeExpensesNet": 301579000,
    "incomeBeforeTax": 447987000,
    "incomeBeforeTaxRatio": 0.7974945838,
    "incomeTaxExpense": 10000,
    "netIncome": 447051000,
    "netIncomeRatio": 0.7958283414,
    "eps": 3.21,
    "epsdiluted": 3.21,
    "weightedAverageShsOut": 139373963,
    "weightedAverageShsOutDil": 139655102,
    "link": "https://www.sec.gov/Archives/edgar/data/915912/000091591221000019/0000915912-21-000019-index.htm",
    "finalLink": "https://www.sec.gov/Archives/edgar/data/915912/000091591221000019/avb-20210630.htm"
  },
  {
    "date": "2021-03-31",
    "symbol": "AVB",
    "reportedCurrency": "USD",
    "cik": "0000915912",
    "fillingDate": "2021-05-05",
    "acceptedDate": "2021-05-05 15:39:48",
    "calendarYear": "2021",
    "period": "Q1",
    "revenue": 551135000,
    "costOfRevenue": 209460000,
    "grossProfit": 341675000,
    "grossProfitRatio": 0.6199479256,
    "researchAndDevelopmentExpenses": 0,
    "generalAndAdministrativeExpenses": 17352000,
    "sellingAndMarketingExpenses": 0,
    "sellingGeneralAndAdministrativeExpenses": 17352000,
    "otherExpenses": 183297000,
    "operatingExpenses": 200649000,
    "costAndExpenses": 410109000,
    "interestIncome": 0,
    "interestExpense": 52613000,
    "depreciationAndAmortization": 183297000,
    "ebitda": 377389000,
    "ebitdaratio": 0.6847487458,
    "operatingIncome": 141026000,
    "operatingIncomeRatio": 0.2558828599,
    "totalOtherIncomeExpensesNet": 453000,
    "incomeBeforeTax": 141479000,
    "incomeBeforeTaxRatio": 0.2567048001,
    "incomeTaxExpense": -755000,
    "netIncome": 141899000,
    "netIncomeRatio": 0.2574668638,
    "eps": 1.02,
    "epsdiluted": 1.02,
    "weightedAverageShsOut": 139291187,
    "weightedAverageShsOutDil": 139609404,
    "link": "https://www.sec.gov/Archives/edgar/data/915912/000091591221000015/0000915912-21-000015-index.htm",
    "finalLink": "https://www.sec.gov/Archives/edgar/data/915912/000091591221000015/avb-20210331.htm"
  },
  {
    "date": "2020-12-31",
    "symbol": "AVB",
    "reportedCurrency": "USD",
    "cik": "0000915912",
    "fillingDate": "2021-02-25",
    "acceptedDate": "2021-02-25 15:22:12",
    "calendarYear": "2020",
    "period": "Q4",
    "revenue": 555802000,
    "costOfRevenue": 213138000,
    "grossProfit": 342664000,
    "grossProfitRatio": 0.616521711,
    "researchAndDevelopmentExpenses": 0,
    "generalAndAdministrativeExpenses": 13465000,
    "sellingAndMarketingExpenses": 0,
    "sellingGeneralAndAdministrativeExpenses": 13465000,
    "otherExpenses": 177823000,
    "operatingExpenses": 191288000,
    "costAndExpenses": 404426000,
    "interestIncome": 0,
    "interestExpense": 51589000,
    "depreciationAndAmortization": 177823000,
    "ebitda": 568348000,
    "ebitdaratio": 1.0225727867,
    "operatingIncome": 151376000,
    "operatingIncomeRatio": 0.2723559829,
    "totalOtherIncomeExpensesNet": 187560000,
    "incomeBeforeTax": 338936000,
    "incomeBeforeTaxRatio": 0.6098142864,
    "incomeTaxExpense": -2178000,
    "netIncome": 340331000,
    "netIncomeRatio": 0.612324173,
    "eps": 2.44,
    "epsdiluted": 2.44,
    "weightedAverageShsOut": 139601172,
    "weightedAverageShsOutDil": 139632368,
    "link": "https://www.sec.gov/Archives/edgar/data/915912/000091591221000004/0000915912-21-000004-index.htm",
    "finalLink": "https://www.sec.gov/Archives/edgar/data/915912/000091591221000004/avb-20201231.htm"
  },
  {
    "date": "2020-09-30",
    "symbol": "AVB",
    "reportedCurrency": "USD",
    "cik": "0000915912",
    "fillingDate": "2020-11-04",
    "acceptedDate": "2020-11-04 13:00:45",
    "calendarYear": "2020",
    "period": "Q3",
    "revenue": 567404000,
    "costOfRevenue": 212843000,
    "grossProfit": 354561000,
    "grossProfitRatio": 0.6248827996,
    "researchAndDevelopmentExpenses": 0,
    "generalAndAdministrativeExpenses": 13985000,
    "sellingAndMarketingExpenses": 0,
    "sellingGeneralAndAdministrativeExpenses": 13985000,
    "otherExpenses": 175348000,
    "operatingExpenses": 189333000,
    "costAndExpenses": 402176000,
    "interestIncome": 0,
    "interestExpense": 53249000,
    "depreciationAndAmortization": 175348000,
    "ebitda": 376287000,
    "ebitdaratio": 0.6631729773,
    "operatingIncome": 165228000,
    "operatingIncomeRatio": 0.291199921,
    "totalOtherIncomeExpensesNet": -17538000,
    "incomeBeforeTax": 147690000,
    "incomeBeforeTaxRatio": 0.2602907276,
    "incomeTaxExpense": -27000,
    "netIncome": 147361000,
    "netIncomeRatio": 0.2597108938,
    "eps": 1.05,
    "epsdiluted": 1.05,
    "weightedAverageShsOut": 140597502,
    "weightedAverageShsOutDil": 140603722,
    "link": "https://www.sec.gov/Archives/edgar/data/915912/000091591220000027/0000915912-20-000027-index.htm",
    "finalLink": "https://www.sec.gov/Archives/edgar/data/915912/000091591220000027/avb-20200930.htm"
  },
  {
    "date": "2020-06-30",
    "symbol": "AVB",
    "reportedCurrency": "USD",
    "cik": "0000915912",
    "fillingDate": "2020-08-05",
    "acceptedDate": "2020-08-05 12:21:02",
    "calendarYear": "2020",
    "period": "Q2",
    "revenue": 576405000,
    "costOfRevenue": 198103000,
    "grossProfit": 378302000,
    "grossProfitRatio": 0.6563128356,
    "researchAndDevelopmentExpenses": 0,
    "generalAndAdministrativeExpenses": 15573000,
    "sellingAndMarketingExpenses": 0,
    "sellingGeneralAndAdministrativeExpenses": 15573000,
    "otherExpenses": 176249000,
    "operatingExpenses": 191822000,
    "costAndExpenses": 389925000,
    "interestIncome": 0,
    "interestExpense": 53399000,
    "depreciationAndAmortization": 176249000,
    "ebitda": 399384000,
    "ebitdaratio": 0.6928878133,
    "operatingIncome": 186480000,
    "operatingIncomeRatio": 0.3235225232,
    "totalOtherIncomeExpensesNet": -16744000,
    "incomeBeforeTax": 169736000,
    "incomeBeforeTaxRatio": 0.2944735039,
    "incomeTaxExpense": -1133000,
    "netIncome": 170438000,
    "netIncomeRatio": 0.2956913975,
    "eps": 1.21,
    "epsdiluted": 1.21,
    "weightedAverageShsOut": 140450744,
    "weightedAverageShsOutDil": 140772364,
    "link": "https://www.sec.gov/Archives/edgar/data/915912/000091591220000022/0000915912-20-000022-index.htm",
    "finalLink": "https://www.sec.gov/Archives/edgar/data/915912/000091591220000022/q2202010-q.htm"
  },
  {
    "date": "2020-03-31",
    "symbol": "AVB",
    "reportedCurrency": "USD",
    "cik": "0000915912",
    "fillingDate": "2020-05-08",
    "acceptedDate": "2020-05-08 08:08:17",
    "calendarYear": "2020",
    "period": "Q1",
    "revenue": 602267000,
    "costOfRevenue": 199635000,
    "grossProfit": 402632000,
    "grossProfitRatio": 0.6685274139,
    "researchAndDevelopmentExpenses": 0,
    "generalAndAdministrativeExpenses": 17320000,
    "sellingAndMarketingExpenses": 0,
    "sellingGeneralAndAdministrativeExpenses": 17320000,
    "otherExpenses": 177911000,
    "operatingExpenses": 195231000,
    "costAndExpenses": 394866000,
    "interestIncome": 0,
    "interestExpense": 55914000,
    "depreciationAndAmortization": 177911000,
    "ebitda": 401922000,
    "ebitdaratio": 0.6673485348,
    "operatingIncome": 207401000,
    "operatingIncomeRatio": 0.3443671993,
    "totalOtherIncomeExpensesNet": -39304000,
    "incomeBeforeTax": 168097000,
    "incomeBeforeTaxRatio": 0.279107107,
    "incomeTaxExpense": 91000,
    "netIncome": 167544000,
    "netIncomeRatio": 0.2781889096,
    "eps": 1.19,
    "epsdiluted": 1.19,
    "weightedAverageShsOut": 140734522,
    "weightedAverageShsOutDil": 140777873,
    "link": "https://www.sec.gov/Archives/edgar/data/915912/000091591220000018/0000915912-20-000018-index.htm",
    "finalLink": "https://www.sec.gov/Archives/edgar/data/915912/000091591220000018/q1202010-q.htm"
  },
  {
    "date": "2019-12-31",
    "symbol": "AVB",
    "reportedCurrency": "USD",
    "cik": "0000915912",
    "fillingDate": "2020-02-21",
    "acceptedDate": "2020-02-21 15:41:19",
    "calendarYear": "2019",
    "period": "Q4",
    "revenue": 593566000,
    "costOfRevenue": 190391000,
    "grossProfit": 403175000,
    "grossProfitRatio": 0.6792420725,
    "researchAndDevelopmentExpenses": 0,
    "generalAndAdministrativeExpenses": 12602000,
    "sellingAndMarketingExpenses": 1286000,
    "sellingGeneralAndAdministrativeExpenses": 12602000,
    "otherExpenses": 171365000,
    "operatingExpenses": 183967000,
    "costAndExpenses": 374358000,
    "interestIncome": 0,
    "interestExpense": 54190000,
    "depreciationAndAmortization": 171365000,
    "ebitda": 395051000,
    "ebitdaratio": 0.6655553047,
    "operatingIncome": 219208000,
    "operatingIncomeRatio": 0.3693068673,
    "totalOtherIncomeExpensesNet": -49712000,
    "incomeBeforeTax": 169496000,
    "incomeBeforeTaxRatio": 0.2855554395,
    "incomeTaxExpense": 1825000,
    "netIncome": 167242000,
    "netIncomeRatio": 0.2817580522,
    "eps": 1.2,
    "epsdiluted": 1.2,
    "weightedAverageShsOut": 139761996,
    "weightedAverageShsOutDil": 139968027,
    "link": "https://www.sec.gov/Archives/edgar/data/915912/000091591220000004/0000915912-20-000004-index.htm",
    "finalLink": "https://www.sec.gov/Archives/edgar/data/915912/000091591220000004/a201910-k.htm"
  },
  {
    "date": "2019-09-30",
    "symbol": "AVB",
    "reportedCurrency": "USD",
    "cik": "0000915912",
    "fillingDate": "2019-11-05",
    "acceptedDate": "2019-11-05 15:08:42",
    "calendarYear": "2019",
    "period": "Q3",
    "revenue": 587613000,
    "costOfRevenue": 197819000,
    "grossProfit": 389794000,
    "grossProfitRatio": 0.6633515596,
    "researchAndDevelopmentExpenses": 0,
    "generalAndAdministrativeExpenses": 12769000,
    "sellingAndMarketingExpenses": 1108000,
    "sellingGeneralAndAdministrativeExpenses": 12769000,
    "otherExpenses": 165463000,
    "operatingExpenses": 178232000,
    "costAndExpenses": 376051000,
    "interestIncome": 0,
    "interestExpense": 51493000,
    "depreciationAndAmortization": 165464000,
    "ebitda": 507850000,
    "ebitdaratio": 0.8642592999,
    "operatingIncome": 211562000,
    "operatingIncomeRatio": 0.3600362824,
    "totalOtherIncomeExpensesNet": 79331000,
    "incomeBeforeTax": 290893000,
    "incomeBeforeTaxRatio": 0.4950418047,
    "incomeTaxExpense": 11184000,
    "netIncome": 278973000,
    "netIncomeRatio": 0.4747563447,
    "eps": 2,
    "epsdiluted": 2,
    "weightedAverageShsOut": 139691534,
    "weightedAverageShsOutDil": 139852674,
    "link": "https://www.sec.gov/Archives/edgar/data/915912/000091591219000022/0000915912-19-000022-index.htm",
    "finalLink": "https://www.sec.gov/Archives/edgar/data/915912/000091591219000022/q3201910-q.htm"
  },
  {
    "date": "2019-06-30",
    "symbol": "AVB",
    "reportedCurrency": "USD",
    "cik": "0000915912",
    "fillingDate": "2019-08-06",
    "acceptedDate": "2019-08-06 15:54:17",
    "calendarYear": "2019",
    "period": "Q2",
    "revenue": 577263000,
    "costOfRevenue": 195111000,
    "grossProfit": 382152000,
    "grossProfitRatio": 0.6620067456,
    "researchAndDevelopmentExpenses": 0,
    "generalAndAdministrativeExpenses": 18965000,
    "sellingAndMarketingExpenses": 0,
    "sellingGeneralAndAdministrativeExpenses": 18965000,
    "otherExpenses": 162693000,
    "operatingExpenses": 181658000,
    "costAndExpenses": 376769000,
    "interestIncome": 0,
    "interestExpense": 50010000,
    "depreciationAndAmortization": 162692000,
    "ebitda": 381008000,
    "ebitdaratio": 0.6600249799,
    "operatingIncome": 200494000,
    "operatingIncomeRatio": 0.3473182934,
    "totalOtherIncomeExpensesNet": -32189000,
    "incomeBeforeTax": 168305000,
    "incomeBeforeTaxRatio": 0.2915568814,
    "incomeTaxExpense": 0,
    "netIncome": 167846000,
    "netIncomeRatio": 0.2907617498,
    "eps": 1.21,
    "epsdiluted": 1.21,
    "weightedAverageShsOut": 139473842,
    "weightedAverageShsOutDil": 139618231,
    "link": "https://www.sec.gov/Archives/edgar/data/915912/000091591219000018/0000915912-19-000018-index.htm",
    "finalLink": "https://www.sec.gov/Archives/edgar/data/915912/000091591219000018/q2201910-q.htm"
  },
  {
    "date": "2019-03-31",
    "symbol": "AVB",
    "reportedCurrency": "USD",
    "cik": "0000915912",
    "fillingDate": "2019-05-03",
    "acceptedDate": "2019-05-03 11:02:06",
    "calendarYear": "2019",
    "period": "Q1",
    "revenue": 566184000,
    "costOfRevenue": 184784000,
    "grossProfit": 381400000,
    "grossProfitRatio": 0.6736326,
    "researchAndDevelopmentExpenses": 0,
    "generalAndAdministrativeExpenses": 13706000,
    "sellingAndMarketingExpenses": 0,
    "sellingGeneralAndAdministrativeExpenses": 13706000,
    "otherExpenses": 162057000,
    "operatingExpenses": 175763000,
    "costAndExpenses": 360547000,
    "interestIncome": 0,
    "interestExpense": 47892000,
    "depreciationAndAmortization": 162057000,
    "ebitda": 380361000,
    "ebitdaratio": 0.6717975075,
    "operatingIncome": 205637000,
    "operatingIncomeRatio": 0.3631981829,
    "totalOtherIncomeExpensesNet": -35225000,
    "incomeBeforeTax": 170418000,
    "incomeBeforeTaxRatio": 0.3009940231,
    "incomeTaxExpense": 12000,
    "netIncome": 169865000,
    "netIncomeRatio": 0.3000173089,
    "eps": 1.23,
    "epsdiluted": 1.23,
    "weightedAverageShsOut": 138738917,
    "weightedAverageShsOutDil": 138832201,
    "link": "https://www.sec.gov/Archives/edgar/data/915912/000091591219000014/0000915912-19-000014-index.htm",
    "finalLink": "https://www.sec.gov/Archives/edgar/data/915912/000091591219000014/q1201910-q.htm"
  },
  {
    "date": "2018-12-31",
    "symbol": "AVB",
    "reportedCurrency": "USD",
    "cik": "0000915912",
    "fillingDate": "2019-02-22",
    "acceptedDate": "2019-02-22 13:19:53",
    "calendarYear": "2018",
    "period": "Q4",
    "revenue": 578520000,
    "costOfRevenue": 192737000,
    "grossProfit": 385783000,
    "grossProfitRatio": 0.6668447072,
    "researchAndDevelopmentExpenses": 0,
    "generalAndAdministrativeExpenses": 14352000,
    "sellingAndMarketingExpenses": 0,
    "sellingGeneralAndAdministrativeExpenses": 14352000,
    "otherExpenses": 158914000,
    "operatingExpenses": 173266000,
    "costAndExpenses": 366003000,
    "interestIncome": 0,
    "interestExpense": 55180000,
    "depreciationAndAmortization": 158914000,
    "ebitda": 599481000,
    "ebitdaratio": 1.0362321095,
    "operatingIncome": 212517000,
    "operatingIncomeRatio": 0.3673459863,
    "totalOtherIncomeExpensesNet": 172871000,
    "incomeBeforeTax": 385636000,
    "incomeBeforeTaxRatio": 0.6665906105,
    "incomeTaxExpense": -247000,
    "netIncome": 384617000,
    "netIncomeRatio": 0.6648292194,
    "eps": 2.79,
    "epsdiluted": 2.79,
    "weightedAverageShsOut": 138322285,
    "weightedAverageShsOutDil": 138463943,
    "link": "https://www.sec.gov/Archives/edgar/data/915912/000091591219000004/0000915912-19-000004-index.htm",
    "finalLink": "https://www.sec.gov/Archives/edgar/data/915912/000091591219000004/a201810-k.htm"
  },
  {
    "date": "2018-09-30",
    "symbol": "AVB",
    "reportedCurrency": "USD",
    "cik": "0000915912",
    "fillingDate": "2018-11-02",
    "acceptedDate": "2018-11-02 14:12:37",
    "calendarYear": "2018",
    "period": "Q3",
    "revenue": 575982000,
    "costOfRevenue": 193467000,
    "grossProfit": 382515000,
    "grossProfitRatio": 0.6641092951,
    "researchAndDevelopmentExpenses": 0,
    "generalAndAdministrativeExpenses": 14744000,
    "sellingAndMarketingExpenses": 339000,
    "sellingGeneralAndAdministrativeExpenses": 14744000,
    "otherExpenses": 156538000,
    "operatingExpenses": 171282000,
    "costAndExpenses": 364749000,
    "interestIncome": 0,
    "interestExpense": 54097000,
    "depreciationAndAmortization": 156539000,
    "ebitda": 403072000,
    "ebitdaratio": 0.6997996465,
    "operatingIncome": 211233000,
    "operatingIncomeRatio": 0.3667354188,
    "totalOtherIncomeExpensesNet": -18797000,
    "incomeBeforeTax": 192407000,
    "incomeBeforeTaxRatio": 0.3340503696,
    "incomeTaxExpense": 29000,
    "netIncome": 191931000,
    "netIncomeRatio": 0.3332239549,
    "eps": 1.39,
    "epsdiluted": 1.39,
    "weightedAverageShsOut": 138247503,
    "weightedAverageShsOutDil": 138323064,
    "link": "https://www.sec.gov/Archives/edgar/data/915912/000091591218000021/0000915912-18-000021-index.htm",
    "finalLink": "https://www.sec.gov/Archives/edgar/data/915912/000091591218000021/q3201810-q.htm"
  },
  {
    "date": "2018-06-30",
    "symbol": "AVB",
    "reportedCurrency": "USD",
    "cik": "0000915912",
    "fillingDate": "2018-08-03",
    "acceptedDate": "2018-08-03 14:10:17",
    "calendarYear": "2018",
    "period": "Q2",
    "revenue": 569239000,
    "costOfRevenue": 190830000,
    "grossProfit": 378409000,
    "grossProfitRatio": 0.6647629555,
    "researchAndDevelopmentExpenses": 0,
    "generalAndAdministrativeExpenses": 15209000,
    "sellingAndMarketingExpenses": 0,
    "sellingGeneralAndAdministrativeExpenses": 15209000,
    "otherExpenses": 156685000,
    "operatingExpenses": 171894000,
    "costAndExpenses": 362724000,
    "interestIncome": 0,
    "interestExpense": 56585000,
    "depreciationAndAmortization": 156684000,
    "ebitda": 467871000,
    "ebitdaratio": 0.821923656,
    "operatingIncome": 206515000,
    "operatingIncomeRatio": 0.3627913759,
    "totalOtherIncomeExpensesNet": 48086000,
    "incomeBeforeTax": 254543000,
    "incomeBeforeTaxRatio": 0.4471636694,
    "incomeTaxExpense": 58000,
    "netIncome": 253935000,
    "netIncomeRatio": 0.4460955767,
    "eps": 1.84,
    "epsdiluted": 1.84,
    "weightedAverageShsOut": 137840047,
    "weightedAverageShsOutDil": 138234894,
    "link": "https://www.sec.gov/Archives/edgar/data/915912/000091591218000016/0000915912-18-000016-index.htm",
    "finalLink": "https://www.sec.gov/Archives/edgar/data/915912/000091591218000016/q2201810-q.htm"
  },
  {
    "date": "2018-03-31",
    "symbol": "AVB",
    "reportedCurrency": "USD",
    "cik": "0000915912",
    "fillingDate": "2018-05-04",
    "acceptedDate": "2018-05-04 14:27:26",
    "calendarYear": "2018",
    "period": "Q1",
    "revenue": 560792000,
    "costOfRevenue": 191153000,
    "grossProfit": 369639000,
    "grossProfitRatio": 0.6591374342,
    "researchAndDevelopmentExpenses": 0,
    "generalAndAdministrativeExpenses": 14431000,
    "sellingAndMarketingExpenses": 0,
    "sellingGeneralAndAdministrativeExpenses": 14431000,
    "otherExpenses": 159059000,
    "operatingExpenses": 173490000,
    "costAndExpenses": 364643000,
    "interestIncome": 0,
    "interestExpense": 55113000,
    "depreciationAndAmortization": 159059000,
    "ebitda": 355762000,
    "ebitdaratio": 0.6343920741,
    "operatingIncome": 196149000,
    "operatingIncomeRatio": 0.3497713947,
    "totalOtherIncomeExpensesNet": -54559000,
    "incomeBeforeTax": 141590000,
    "incomeBeforeTaxRatio": 0.2524822037,
    "incomeTaxExpense": 0,
    "netIncome": 141213000,
    "netIncomeRatio": 0.2518099402,
    "eps": 1.03,
    "epsdiluted": 1.03,
    "weightedAverageShsOut": 137764479,
    "weightedAverageShsOutDil": 138183976,
    "link": "https://www.sec.gov/Archives/edgar/data/915912/000091591218000012/0000915912-18-000012-index.htm",
    "finalLink": "https://www.sec.gov/Archives/edgar/data/915912/000091591218000012/q1201810-q.htm"
  },
  {
    "date": "2017-12-31",
    "symbol": "AVB",
    "reportedCurrency": "USD",
    "cik": "0000915912",
    "fillingDate": "2018-02-23",
    "acceptedDate": "2018-02-23 13:55:16",
    "calendarYear": "2017",
    "period": "Q4",
    "revenue": 555291000,
    "costOfRevenue": 181807000,
    "grossProfit": 373484000,
    "grossProfitRatio": 0.6725914881,
    "researchAndDevelopmentExpenses": 0,
    "generalAndAdministrativeExpenses": 11865000,
    "sellingAndMarketingExpenses": 0,
    "sellingGeneralAndAdministrativeExpenses": 11865000,
    "otherExpenses": 157100000,
    "operatingExpenses": 168965000,
    "costAndExpenses": 350772000,
    "interestIncome": 0,
    "interestExpense": 52523000,
    "depreciationAndAmortization": 157100000,
    "ebitda": 447148000,
    "ebitdaratio": 0.80524986,
    "operatingIncome": 204519000,
    "operatingIncomeRatio": 0.368309589,
    "totalOtherIncomeExpensesNet": 33006000,
    "incomeBeforeTax": 237486000,
    "incomeBeforeTaxRatio": 0.4276784605,
    "incomeTaxExpense": 39000,
    "netIncome": 236904000,
    "netIncomeRatio": 0.4266303614,
    "eps": 1.72,
    "epsdiluted": 1.72,
    "weightedAverageShsOut": 138110099,
    "weightedAverageShsOutDil": 138245981,
    "link": "https://www.sec.gov/Archives/edgar/data/915912/000091591218000004/0000915912-18-000004-index.htm",
    "finalLink": "https://www.sec.gov/Archives/edgar/data/915912/000091591218000004/a201710-k.htm"
  },
  {
    "date": "2017-09-30",
    "symbol": "AVB",
    "reportedCurrency": "USD",
    "cik": "0000915912",
    "fillingDate": "2017-11-03",
    "acceptedDate": "2017-11-03 14:22:28",
    "calendarYear": "2017",
    "period": "Q3",
    "revenue": 550500000,
    "costOfRevenue": 187288000,
    "grossProfit": 363212000,
    "grossProfitRatio": 0.6597856494,
    "researchAndDevelopmentExpenses": 0,
    "generalAndAdministrativeExpenses": 11655000,
    "sellingAndMarketingExpenses": 0,
    "sellingGeneralAndAdministrativeExpenses": 11655000,
    "otherExpenses": 144990000,
    "operatingExpenses": 156645000,
    "costAndExpenses": 343933000,
    "interestIncome": 0,
    "interestExpense": 47741000,
    "depreciationAndAmortization": 144990000,
    "ebitda": 430954000,
    "ebitdaratio": 0.7828410536,
    "operatingIncome": 206567000,
    "operatingIncomeRatio": 0.3752352407,
    "totalOtherIncomeExpensesNet": 31656000,
    "incomeBeforeTax": 238199000,
    "incomeBeforeTaxRatio": 0.4326957312,
    "incomeTaxExpense": 24000,
    "netIncome": 237576000,
    "netIncomeRatio": 0.4315640327,
    "eps": 1.73,
    "epsdiluted": 1.72,
    "weightedAverageShsOut": 138104883,
    "weightedAverageShsOutDil": 138307046,
    "link": "https://www.sec.gov/Archives/edgar/data/915912/000091591217000018/0000915912-17-000018-index.htm",
    "finalLink": "https://www.sec.gov/Archives/edgar/data/915912/000091591217000018/q3201710-q.htm"
  },
  {
    "date": "2017-06-30",
    "symbol": "AVB",
    "reportedCurrency": "USD",
    "cik": "0000915912",
    "fillingDate": "2017-08-04",
    "acceptedDate": "2017-08-04 15:01:56",
    "calendarYear": "2017",
    "period": "Q2",
    "revenue": 530512000,
    "costOfRevenue": 180253000,
    "grossProfit": 350259000,
    "grossProfitRatio": 0.6602282323,
    "researchAndDevelopmentExpenses": 0,
    "generalAndAdministrativeExpenses": 13947000,
    "sellingAndMarketingExpenses": 0,
    "sellingGeneralAndAdministrativeExpenses": 13947000,
    "otherExpenses": 141439000,
    "operatingExpenses": 155386000,
    "costAndExpenses": 335639000,
    "interestIncome": 0,
    "interestExpense": 50102000,
    "depreciationAndAmortization": 141439000,
    "ebitda": 356793000,
    "ebitdaratio": 0.6725446361,
    "operatingIncome": 194873000,
    "operatingIncomeRatio": 0.367330051,
    "totalOtherIncomeExpensesNet": -29621000,
    "incomeBeforeTax": 165194000,
    "incomeBeforeTaxRatio": 0.3113859818,
    "incomeTaxExpense": 58000,
    "netIncome": 164757000,
    "netIncomeRatio": 0.3105622493,
    "eps": 1.2,
    "epsdiluted": 1.2,
    "weightedAverageShsOut": 137971632,
    "weightedAverageShsOutDil": 138173151,
    "link": "https://www.sec.gov/Archives/edgar/data/915912/000091591217000014/0000915912-17-000014-index.htm",
    "finalLink": "https://www.sec.gov/Archives/edgar/data/915912/000091591217000014/q2201710-q.htm"
  },
  {
    "date": "2017-03-31",
    "symbol": "AVB",
    "reportedCurrency": "USD",
    "cik": "0000915912",
    "fillingDate": "2017-05-02",
    "acceptedDate": "2017-05-02 11:24:21",
    "calendarYear": "2017",
    "period": "Q1",
    "revenue": 522326000,
    "costOfRevenue": 175974000,
    "grossProfit": 346352000,
    "grossProfitRatio": 0.6630954615,
    "researchAndDevelopmentExpenses": 0,
    "generalAndAdministrativeExpenses": 13206000,
    "sellingAndMarketingExpenses": 0,
    "sellingGeneralAndAdministrativeExpenses": 13206000,
    "otherExpenses": 140621000,
    "operatingExpenses": 153827000,
    "costAndExpenses": 329801000,
    "interestIncome": 0,
    "interestExpense": 49295000,
    "depreciationAndAmortization": 140621000,
    "ebitda": 425717000,
    "ebitdaratio": 0.8150407983,
    "operatingIncome": 192525000,
    "operatingIncomeRatio": 0.3685916458,
    "totalOtherIncomeExpensesNet": 43276000,
    "incomeBeforeTax": 235781000,
    "incomeBeforeTaxRatio": 0.451405827,
    "incomeTaxExpense": 20000,
    "netIncome": 235223000,
    "netIncomeRatio": 0.4503375287,
    "eps": 1.72,
    "epsdiluted": 1.72,
    "weightedAverageShsOut": 137448610,
    "weightedAverageShsOutDil": 137531242,
    "link": "https://www.sec.gov/Archives/edgar/data/915912/000091591217000010/0000915912-17-000010-index.htm",
    "finalLink": "https://www.sec.gov/Archives/edgar/data/915912/000091591217000010/q1201710-q.htm"
  },
  {
    "date": "2016-12-31",
    "symbol": "AVB",
    "reportedCurrency": "USD",
    "cik": "0000915912",
    "fillingDate": "2017-02-24",
    "acceptedDate": "2017-02-24 13:54:58",
    "calendarYear": "2016",
    "period": "Q4",
    "revenue": 518240000,
    "costOfRevenue": 169444000,
    "grossProfit": 348796000,
    "grossProfitRatio": 0.6730395184,
    "researchAndDevelopmentExpenses": 0,
    "generalAndAdministrativeExpenses": 10428000,
    "sellingAndMarketingExpenses": 0,
    "sellingGeneralAndAdministrativeExpenses": 10428000,
    "otherExpenses": 140020000,
    "operatingExpenses": 150448000,
    "costAndExpenses": 319892000,
    "interestIncome": 0,
    "interestExpense": 49648000,
    "depreciationAndAmortization": 140020000,
    "ebitda": 432061000,
    "ebitdaratio": 0.8337083205,
    "operatingIncome": 198348000,
    "operatingIncomeRatio": 0.3827338685,
    "totalOtherIncomeExpensesNet": 44045000,
    "incomeBeforeTax": 242393000,
    "incomeBeforeTaxRatio": 0.4677234486,
    "incomeTaxExpense": 210000,
    "netIncome": 241661000,
    "netIncomeRatio": 0.4663109756,
    "eps": 1.76,
    "epsdiluted": 1.76,
    "weightedAverageShsOut": 137341078,
    "weightedAverageShsOutDil": 137519045,
    "link": "https://www.sec.gov/Archives/edgar/data/915912/000091591217000004/0000915912-17-000004-index.htm",
    "finalLink": "https://www.sec.gov/Archives/edgar/data/915912/000091591217000004/a201610-k.htm"
  },
  {
    "date": "2016-09-30",
    "symbol": "AVB",
    "reportedCurrency": "USD",
    "cik": "0000915912",
    "fillingDate": "2016-11-04",
    "acceptedDate": "2016-11-04 10:09:24",
    "calendarYear": "2016",
    "period": "Q3",
    "revenue": 516211000,
    "costOfRevenue": 177127000,
    "grossProfit": 339084000,
    "grossProfitRatio": 0.6568709307,
    "researchAndDevelopmentExpenses": 0,
    "generalAndAdministrativeExpenses": 11928000,
    "sellingAndMarketingExpenses": 0,
    "sellingGeneralAndAdministrativeExpenses": 11928000,
    "otherExpenses": 131729000,
    "operatingExpenses": 143657000,
    "costAndExpenses": 320784000,
    "interestIncome": 0,
    "interestExpense": 47871000,
    "depreciationAndAmortization": 131729000,
    "ebitda": 535951000,
    "ebitdaratio": 1.038240177,
    "operatingIncome": 195427000,
    "operatingIncomeRatio": 0.3785796893,
    "totalOtherIncomeExpensesNet": 160924000,
    "incomeBeforeTax": 356351000,
    "incomeBeforeTaxRatio": 0.690320431,
    "incomeTaxExpense": 22000,
    "netIncome": 355520000,
    "netIncomeRatio": 0.6887106241,
    "eps": 2.6,
    "epsdiluted": 2.59,
    "weightedAverageShsOut": 137333785,
    "weightedAverageShsOutDil": 137505054,
    "link": "https://www.sec.gov/Archives/edgar/data/915912/000091591216000038/0000915912-16-000038-index.htm",
    "finalLink": "https://www.sec.gov/Archives/edgar/data/915912/000091591216000038/q3201610-q.htm"
  },
  {
    "date": "2016-06-30",
    "symbol": "AVB",
    "reportedCurrency": "USD",
    "cik": "0000915912",
    "fillingDate": "2016-08-05",
    "acceptedDate": "2016-08-05 11:42:32",
    "calendarYear": "2016",
    "period": "Q2",
    "revenue": 502307000,
    "costOfRevenue": 170010000,
    "grossProfit": 332297000,
    "grossProfitRatio": 0.6615416468,
    "researchAndDevelopmentExpenses": 0,
    "generalAndAdministrativeExpenses": 12011000,
    "sellingAndMarketingExpenses": 0,
    "sellingGeneralAndAdministrativeExpenses": 12011000,
    "otherExpenses": 132469000,
    "operatingExpenses": 144480000,
    "costAndExpenses": 314490000,
    "interestIncome": 0,
    "interestExpense": 46581000,
    "depreciationAndAmortization": 132469000,
    "ebitda": 376405000,
    "ebitdaratio": 0.7493524876,
    "operatingIncome": 187817000,
    "operatingIncomeRatio": 0.3739087849,
    "totalOtherIncomeExpensesNet": 9538000,
    "incomeBeforeTax": 197355000,
    "incomeBeforeTaxRatio": 0.3928971724,
    "incomeTaxExpense": 36000,
    "netIncome": 196928000,
    "netIncomeRatio": 0.3920470947,
    "eps": 1.44,
    "epsdiluted": 1.44,
    "weightedAverageShsOut": 137277401,
    "weightedAverageShsOutDil": 137437733,
    "link": "https://www.sec.gov/Archives/edgar/data/915912/000091591216000034/0000915912-16-000034-index.htm",
    "finalLink": "https://www.sec.gov/Archives/edgar/data/915912/000091591216000034/q2201610-q.htm"
  },
  {
    "date": "2016-03-31",
    "symbol": "AVB",
    "reportedCurrency": "USD",
    "cik": "0000915912",
    "fillingDate": "2016-05-03",
    "acceptedDate": "2016-05-03 14:15:17",
    "calendarYear": "2016",
    "period": "Q1",
    "revenue": 508498000,
    "costOfRevenue": 166693000,
    "grossProfit": 341805000,
    "grossProfitRatio": 0.6721855347,
    "researchAndDevelopmentExpenses": 0,
    "generalAndAdministrativeExpenses": 11404000,
    "sellingAndMarketingExpenses": 0,
    "sellingGeneralAndAdministrativeExpenses": 11404000,
    "otherExpenses": 127216000,
    "operatingExpenses": 138620000,
    "costAndExpenses": 305313000,
    "interestIncome": 0,
    "interestExpense": 43410000,
    "depreciationAndAmortization": 127216000,
    "ebitda": 408540000,
    "ebitdaratio": 0.8034249889,
    "operatingIncome": 203185000,
    "operatingIncomeRatio": 0.3995787594,
    "totalOtherIncomeExpensesNet": 34729000,
    "incomeBeforeTax": 237914000,
    "incomeBeforeTaxRatio": 0.4678759798,
    "incomeTaxExpense": 37000,
    "netIncome": 237299000,
    "netIncomeRatio": 0.4666665356,
    "eps": 1.73,
    "epsdiluted": 1.73,
    "weightedAverageShsOut": 137149999,
    "weightedAverageShsOutDil": 137383044,
    "link": "https://www.sec.gov/Archives/edgar/data/915912/000091591216000030/0000915912-16-000030-index.htm",
    "finalLink": "https://www.sec.gov/Archives/edgar/data/915912/000091591216000030/q1201610-q.htm"
  },
  {
    "date": "2015-12-31",
    "symbol": "AVB",
    "reportedCurrency": "USD",
    "cik": "0000915912",
    "fillingDate": "2016-02-26",
    "acceptedDate": "2016-02-25 17:48:46",
    "calendarYear": "2015",
    "period": "Q4",
    "revenue": 480841000,
    "costOfRevenue": 158240000,
    "grossProfit": 322601000,
    "grossProfitRatio": 0.6709099266,
    "researchAndDevelopmentExpenses": 0,
    "generalAndAdministrativeExpenses": 9782000,
    "sellingAndMarketingExpenses": 0,
    "sellingGeneralAndAdministrativeExpenses": 9782000,
    "otherExpenses": 122259000,
    "operatingExpenses": 132041000,
    "costAndExpenses": 290281000,
    "interestIncome": 0,
    "interestExpense": 42217000,
    "depreciationAndAmortization": 122259000,
    "ebitda": 321689000,
    "ebitdaratio": 0.6690132497,
    "operatingIncome": 190560000,
    "operatingIncomeRatio": 0.3963056395,
    "totalOtherIncomeExpensesNet": -33347000,
    "incomeBeforeTax": 155567000,
    "incomeBeforeTaxRatio": 0.3235310633,
    "incomeTaxExpense": 215000,
    "netIncome": 155098000,
    "netIncomeRatio": 0.3225556889,
    "eps": 1.13,
    "epsdiluted": 1.13,
    "weightedAverageShsOut": 136981717,
    "weightedAverageShsOutDil": 137349671,
    "link": "https://www.sec.gov/Archives/edgar/data/915912/000091591216000024/0000915912-16-000024-index.htm",
    "finalLink": "https://www.sec.gov/Archives/edgar/data/915912/000091591216000024/a201510-k.htm"
  },
  {
    "date": "2015-09-30",
    "symbol": "AVB",
    "reportedCurrency": "USD",
    "cik": "0000915912",
    "fillingDate": "2015-11-03",
    "acceptedDate": "2015-11-03 13:36:54",
    "calendarYear": "2015",
    "period": "Q3",
    "revenue": 475360000,
    "costOfRevenue": 166071000,
    "grossProfit": 309289000,
    "grossProfitRatio": 0.650641619,
    "researchAndDevelopmentExpenses": 0,
    "generalAndAdministrativeExpenses": 10464000,
    "sellingAndMarketingExpenses": 0,
    "sellingGeneralAndAdministrativeExpenses": 10464000,
    "otherExpenses": 120184000,
    "operatingExpenses": 130648000,
    "costAndExpenses": 296719000,
    "interestIncome": 0,
    "interestExpense": 43234000,
    "depreciationAndAmortization": 120184000,
    "ebitda": 369533000,
    "ebitdaratio": 0.7773750421,
    "operatingIncome": 178641000,
    "operatingIncomeRatio": 0.3758014978,
    "totalOtherIncomeExpensesNet": 27474000,
    "incomeBeforeTax": 206115000,
    "incomeBeforeTaxRatio": 0.4335976944,
    "incomeTaxExpense": 39000,
    "netIncome": 205675000,
    "netIncomeRatio": 0.4326720801,
    "eps": 1.54,
    "epsdiluted": 1.53,
    "weightedAverageShsOut": 133973114,
    "weightedAverageShsOutDil": 134709460,
    "link": "https://www.sec.gov/Archives/edgar/data/915912/000091591215000020/0000915912-15-000020-index.htm",
    "finalLink": "https://www.sec.gov/Archives/edgar/data/915912/000091591215000020/q3201510-q.htm"
  },
  {
    "date": "2015-06-30",
    "symbol": "AVB",
    "reportedCurrency": "USD",
    "cik": "0000915912",
    "fillingDate": "2015-08-06",
    "acceptedDate": "2015-08-06 12:58:32",
    "calendarYear": "2015",
    "period": "Q2",
    "revenue": 457459000,
    "costOfRevenue": 157982000,
    "grossProfit": 299477000,
    "grossProfitRatio": 0.6546532039,
    "researchAndDevelopmentExpenses": 0,
    "generalAndAdministrativeExpenses": 10335000,
    "sellingAndMarketingExpenses": 0,
    "sellingGeneralAndAdministrativeExpenses": 10335000,
    "otherExpenses": 118627000,
    "operatingExpenses": 128962000,
    "costAndExpenses": 286944000,
    "interestIncome": 0,
    "interestExpense": 44590000,
    "depreciationAndAmortization": 118627000,
    "ebitda": 336763000,
    "ebitdaratio": 0.7361599619,
    "operatingIncome": 170515000,
    "operatingIncomeRatio": 0.3727437869,
    "totalOtherIncomeExpensesNet": 3031000,
    "incomeBeforeTax": 173546000,
    "incomeBeforeTaxRatio": 0.3793695173,
    "incomeTaxExpense": 1293000,
    "netIncome": 171879000,
    "netIncomeRatio": 0.3757254749,
    "eps": 1.3,
    "epsdiluted": 1.29,
    "weightedAverageShsOut": 132319255,
    "weightedAverageShsOutDil": 133086439,
    "link": "https://www.sec.gov/Archives/edgar/data/915912/000091591215000015/0000915912-15-000015-index.htm",
    "finalLink": "https://www.sec.gov/Archives/edgar/data/915912/000091591215000015/q2201510-q.htm"
  },
  {
    "date": "2015-03-31",
    "symbol": "AVB",
    "reportedCurrency": "USD",
    "cik": "0000915912",
    "fillingDate": "2015-05-04",
    "acceptedDate": "2015-05-04 09:03:16",
    "calendarYear": "2015",
    "period": "Q1",
    "revenue": 442367000,
    "costOfRevenue": 159954000,
    "grossProfit": 282413000,
    "grossProfitRatio": 0.6384133536,
    "researchAndDevelopmentExpenses": 0,
    "generalAndAdministrativeExpenses": 10468000,
    "sellingAndMarketingExpenses": 0,
    "sellingGeneralAndAdministrativeExpenses": 10468000,
    "otherExpenses": 116853000,
    "operatingExpenses": 127321000,
    "costAndExpenses": 287275000,
    "interestIncome": 0,
    "interestExpense": 45573000,
    "depreciationAndAmortization": 116853000,
    "ebitda": 370494000,
    "ebitdaratio": 0.8375263073,
    "operatingIncome": 155092000,
    "operatingIncomeRatio": 0.3505957723,
    "totalOtherIncomeExpensesNet": 52976000,
    "incomeBeforeTax": 208053000,
    "incomeBeforeTaxRatio": 0.4703176322,
    "incomeTaxExpense": 80048000,
    "netIncome": 207615000,
    "netIncomeRatio": 0.4693275041,
    "eps": 1.57,
    "epsdiluted": 1.56,
    "weightedAverageShsOut": 132219579,
    "weightedAverageShsOutDil": 133175773,
    "link": "https://www.sec.gov/Archives/edgar/data/915912/000091591215000011/0000915912-15-000011-index.htm",
    "finalLink": "https://www.sec.gov/Archives/edgar/data/915912/000091591215000011/q1201510-q.htm"
  },
  {
    "date": "2014-12-31",
    "symbol": "AVB",
    "reportedCurrency": "USD",
    "cik": "0000915912",
    "fillingDate": "2015-02-19",
    "acceptedDate": "2015-02-19 16:40:02",
    "calendarYear": "2014",
    "period": "Q4",
    "revenue": 440654000,
    "costOfRevenue": 152574000,
    "grossProfit": 288080000,
    "grossProfitRatio": 0.6537555542,
    "researchAndDevelopmentExpenses": 0,
    "generalAndAdministrativeExpenses": 10680000,
    "sellingAndMarketingExpenses": 0,
    "sellingGeneralAndAdministrativeExpenses": 10680000,
    "otherExpenses": 114084000,
    "operatingExpenses": 124764000,
    "costAndExpenses": 277338000,
    "interestIncome": 0,
    "interestExpense": 47987000,
    "depreciationAndAmortization": 114084000,
    "ebitda": 313965000,
    "ebitdaratio": 0.7124977874,
    "operatingIncome": 163316000,
    "operatingIncomeRatio": 0.3706218484,
    "totalOtherIncomeExpensesNet": -11422000,
    "incomeBeforeTax": 151862000,
    "incomeBeforeTaxRatio": 0.3446286656,
    "incomeTaxExpense": 9332000,
    "netIncome": 141973000,
    "netIncomeRatio": 0.322187022,
    "eps": 1.08,
    "epsdiluted": 1.08,
    "weightedAverageShsOut": 132119949,
    "weightedAverageShsOutDil": 132677639,
    "link": "https://www.sec.gov/Archives/edgar/data/915912/000091591215000004/0000915912-15-000004-index.htm",
    "finalLink": "https://www.sec.gov/Archives/edgar/data/915912/000091591215000004/a201410-k.htm"
  },
  {
    "date": "2014-09-30",
    "symbol": "AVB",
    "reportedCurrency": "USD",
    "cik": "0000915912",
    "fillingDate": "2014-11-04",
    "acceptedDate": "2014-11-04 17:30:27",
    "calendarYear": "2014",
    "period": "Q3",
    "revenue": 430525000,
    "costOfRevenue": 150208000,
    "grossProfit": 280317000,
    "grossProfitRatio": 0.6511050462,
    "researchAndDevelopmentExpenses": 0,
    "generalAndAdministrativeExpenses": 11290000,
    "sellingAndMarketingExpenses": 0,
    "sellingGeneralAndAdministrativeExpenses": 11290000,
    "otherExpenses": 111836000,
    "operatingExpenses": 123126000,
    "costAndExpenses": 273334000,
    "interestIncome": 0,
    "interestExpense": 46376000,
    "depreciationAndAmortization": 111836000,
    "ebitda": 399213000,
    "ebitdaratio": 0.9272701934,
    "operatingIncome": 157191000,
    "operatingIncomeRatio": 0.3651146856,
    "totalOtherIncomeExpensesNet": 83810000,
    "incomeBeforeTax": 241001000,
    "incomeBeforeTaxRatio": 0.5597839847,
    "incomeTaxExpense": 176869000,
    "netIncome": 240734000,
    "netIncomeRatio": 0.5591638116,
    "eps": 1.83,
    "epsdiluted": 1.83,
    "weightedAverageShsOut": 131529503,
    "weightedAverageShsOutDil": 131905995,
    "link": "https://www.sec.gov/Archives/edgar/data/915912/000091591214000011/0000915912-14-000011-index.htm",
    "finalLink": "https://www.sec.gov/Archives/edgar/data/915912/000091591214000011/q3201410-q.htm"
  },
  {
    "date": "2014-06-30",
    "symbol": "AVB",
    "reportedCurrency": "USD",
    "cik": "0000915912",
    "fillingDate": "2014-08-08",
    "acceptedDate": "2014-08-08 16:42:37",
    "calendarYear": "2014",
    "period": "Q2",
    "revenue": 413806000,
    "costOfRevenue": 143498000,
    "grossProfit": 270308000,
    "grossProfitRatio": 0.6532239745,
    "researchAndDevelopmentExpenses": 0,
    "generalAndAdministrativeExpenses": 10220000,
    "sellingAndMarketingExpenses": 0,
    "sellingGeneralAndAdministrativeExpenses": 10220000,
    "otherExpenses": 110395000,
    "operatingExpenses": 120615000,
    "costAndExpenses": 264113000,
    "interestIncome": 0,
    "interestExpense": 43722000,
    "depreciationAndAmortization": 110395000,
    "ebitda": 326314000,
    "ebitdaratio": 0.7885675896,
    "operatingIncome": 149693000,
    "operatingIncomeRatio": 0.3617468089,
    "totalOtherIncomeExpensesNet": 22504000,
    "incomeBeforeTax": 172197000,
    "incomeBeforeTaxRatio": 0.4161297806,
    "incomeTaxExpense": 65543000,
    "netIncome": 157832000,
    "netIncomeRatio": 0.3814154459,
    "eps": 1.22,
    "epsdiluted": 1.21,
    "weightedAverageShsOut": 130065698,
    "weightedAverageShsOutDil": 130248321,
    "link": "https://www.sec.gov/Archives/edgar/data/915912/000091591214000006/0000915912-14-000006-index.htm",
    "finalLink": "https://www.sec.gov/Archives/edgar/data/915912/000091591214000006/q2201410-q.htm"
  },
  {
    "date": "2014-03-31",
    "symbol": "AVB",
    "reportedCurrency": "USD",
    "cik": "0000915912",
    "fillingDate": "2014-05-02",
    "acceptedDate": "2014-05-02 14:35:10",
    "calendarYear": "2014",
    "period": "Q1",
    "revenue": 400075000,
    "costOfRevenue": 143027000,
    "grossProfit": 257048000,
    "grossProfitRatio": 0.6424995313,
    "researchAndDevelopmentExpenses": 0,
    "generalAndAdministrativeExpenses": 9236000,
    "sellingAndMarketingExpenses": 0,
    "sellingGeneralAndAdministrativeExpenses": 9236000,
    "otherExpenses": 106367000,
    "operatingExpenses": 115603000,
    "costAndExpenses": 258630000,
    "interestIncome": 0,
    "interestExpense": 42533000,
    "depreciationAndAmortization": 106367000,
    "ebitda": 252320000,
    "ebitdaratio": 0.6306817472,
    "operatingIncome": 141445000,
    "operatingIncomeRatio": 0.3535462101,
    "totalOtherIncomeExpensesNet": -38025000,
    "incomeBeforeTax": 103420000,
    "incomeBeforeTaxRatio": 0.258501531,
    "incomeTaxExpense": 8458000,
    "netIncome": 141507000,
    "netIncomeRatio": 0.353701181,
    "eps": 1.09,
    "epsdiluted": 1.09,
    "weightedAverageShsOut": 129288771,
    "weightedAverageShsOutDil": 129629557,
    "link": "https://www.sec.gov/Archives/edgar/data/915912/000110465914034032/0001104659-14-034032-index.htm",
    "finalLink": "https://www.sec.gov/Archives/edgar/data/915912/000110465914034032/a14-8666_110q.htm"
  },
  {
    "date": "2013-12-31",
    "symbol": "AVB",
    "reportedCurrency": "USD",
    "cik": "0000915912",
    "fillingDate": "2014-03-03",
    "acceptedDate": "2014-02-28 21:00:58",
    "calendarYear": "2013",
    "period": "Q4",
    "revenue": 382450000,
    "costOfRevenue": 135899000,
    "grossProfit": 246551000,
    "grossProfitRatio": 0.6446620473,
    "researchAndDevelopmentExpenses": 0,
    "generalAndAdministrativeExpenses": 8311000,
    "sellingAndMarketingExpenses": 0,
    "sellingGeneralAndAdministrativeExpenses": 8311000,
    "otherExpenses": 102378000,
    "operatingExpenses": 110689000,
    "costAndExpenses": 246588000,
    "interestIncome": 0,
    "interestExpense": 44630000,
    "depreciationAndAmortization": 102378000,
    "ebitda": 229400000,
    "ebitdaratio": 0.5998169695,
    "operatingIncome": 135862000,
    "operatingIncomeRatio": 0.355241208,
    "totalOtherIncomeExpensesNet": -53470000,
    "incomeBeforeTax": 88209000,
    "incomeBeforeTaxRatio": 0.230641914,
    "incomeTaxExpense": 124452000,
    "netIncome": 251815000,
    "netIncomeRatio": 0.658425938,
    "eps": 1.95,
    "epsdiluted": 1.95,
    "weightedAverageShsOut": 129225745,
    "weightedAverageShsOutDil": 129611467,
    "link": "https://www.sec.gov/Archives/edgar/data/915912/000104746914001617/0001047469-14-001617-index.htm",
    "finalLink": "https://www.sec.gov/Archives/edgar/data/915912/000104746914001617/a2218560z10-k.htm"
  },
  {
    "date": "2013-09-30",
    "symbol": "AVB",
    "reportedCurrency": "USD",
    "cik": "0000915912",
    "fillingDate": "2013-11-05",
    "acceptedDate": "2013-11-05 17:01:36",
    "calendarYear": "2013",
    "period": "Q3",
    "revenue": 389189000,
    "costOfRevenue": 139041000,
    "grossProfit": 250148000,
    "grossProfitRatio": 0.6427417013,
    "researchAndDevelopmentExpenses": 0,
    "generalAndAdministrativeExpenses": 9878000,
    "sellingAndMarketingExpenses": 0,
    "sellingGeneralAndAdministrativeExpenses": 9878000,
    "otherExpenses": 159873000,
    "operatingExpenses": 169751000,
    "costAndExpenses": 308792000,
    "interestIncome": 0,
    "interestExpense": 43945000,
    "depreciationAndAmortization": 159874000,
    "ebitda": 187871000,
    "ebitdaratio": 0.4827243319,
    "operatingIncome": 80397000,
    "operatingIncomeRatio": 0.2065757254,
    "totalOtherIncomeExpensesNet": -96345000,
    "incomeBeforeTax": -14106000,
    "incomeBeforeTaxRatio": -0.036244601,
    "incomeTaxExpense": 42771000,
    "netIncome": -10715000,
    "netIncomeRatio": -0.0275316106,
    "eps": -0.0829,
    "epsdiluted": -0.0827,
    "weightedAverageShsOut": 129208839,
    "weightedAverageShsOutDil": 129620138,
    "link": "https://www.sec.gov/Archives/edgar/data/915912/000110465913081207/0001104659-13-081207-index.htm",
    "finalLink": "https://www.sec.gov/Archives/edgar/data/915912/000110465913081207/a13-19475_110q.htm"
  },
  {
    "date": "2013-06-30",
    "symbol": "AVB",
    "reportedCurrency": "USD",
    "cik": "0000915912",
    "fillingDate": "2013-08-02",
    "acceptedDate": "2013-08-02 14:03:36",
    "calendarYear": "2013",
    "period": "Q2",
    "revenue": 378207000,
    "costOfRevenue": 128876000,
    "grossProfit": 249331000,
    "grossProfitRatio": 0.6592448051,
    "researchAndDevelopmentExpenses": 0,
    "generalAndAdministrativeExpenses": 11345000,
    "sellingAndMarketingExpenses": 0,
    "sellingGeneralAndAdministrativeExpenses": 11345000,
    "otherExpenses": 189977000,
    "operatingExpenses": 201322000,
    "costAndExpenses": 330198000,
    "interestIncome": 0,
    "interestExpense": 43169000,
    "depreciationAndAmortization": 189977000,
    "ebitda": 233480000,
    "ebitdaratio": 0.6173338939,
    "operatingIncome": 48009000,
    "operatingIncomeRatio": 0.1269384226,
    "totalOtherIncomeExpensesNet": -47675000,
    "incomeBeforeTax": 2052000,
    "incomeBeforeTaxRatio": 0.0054256003,
    "incomeTaxExpense": 6967000,
    "netIncome": 36159000,
    "netIncomeRatio": 0.0956063743,
    "eps": 0.28,
    "epsdiluted": 0.28,
    "weightedAverageShsOut": 129179471,
    "weightedAverageShsOutDil": 129595399,
    "link": "https://www.sec.gov/Archives/edgar/data/915912/000110465913059341/0001104659-13-059341-index.htm",
    "finalLink": "https://www.sec.gov/Archives/edgar/data/915912/000110465913059341/a13-12902_110q.htm"
  },
  {
    "date": "2013-03-31",
    "symbol": "AVB",
    "reportedCurrency": "USD",
    "cik": "0000915912",
    "fillingDate": "2013-05-10",
    "acceptedDate": "2013-05-10 13:07:53",
    "calendarYear": "2013",
    "period": "Q1",
    "revenue": 301357000,
    "costOfRevenue": 103730000,
    "grossProfit": 197627000,
    "grossProfitRatio": 0.6557903085,
    "researchAndDevelopmentExpenses": 0,
    "generalAndAdministrativeExpenses": 10039000,
    "sellingAndMarketingExpenses": 0,
    "sellingGeneralAndAdministrativeExpenses": 10039000,
    "otherExpenses": 105559000,
    "operatingExpenses": 115598000,
    "costAndExpenses": 219328000,
    "interestIncome": 0,
    "interestExpense": 38174000,
    "depreciationAndAmortization": 105559000,
    "ebitda": 128965000,
    "ebitdaratio": 0.4279475838,
    "operatingIncome": 82029000,
    "operatingIncomeRatio": 0.2721987543,
    "totalOtherIncomeExpensesNet": -96797000,
    "incomeBeforeTax": -11468000,
    "incomeBeforeTaxRatio": -0.0380545333,
    "incomeTaxExpense": -68300000,
    "netIncome": 75288000,
    "netIncomeRatio": 0.2498299359,
    "eps": 0.63,
    "epsdiluted": 0.63,
    "weightedAverageShsOut": 119680510,
    "weightedAverageShsOutDil": 120111128,
    "link": "https://www.sec.gov/Archives/edgar/data/915912/000110465913040124/0001104659-13-040124-index.htm",
    "finalLink": "https://www.sec.gov/Archives/edgar/data/915912/000110465913040124/a13-8204_110q.htm"
  },
  {
    "date": "2012-12-31",
    "symbol": "AVB",
    "reportedCurrency": "USD",
    "cik": "0000915912",
    "fillingDate": "2013-02-22",
    "acceptedDate": "2013-02-22 17:26:26",
    "calendarYear": "2012",
    "period": "Q4",
    "revenue": 257384000,
    "costOfRevenue": 99140000,
    "grossProfit": 158244000,
    "grossProfitRatio": 0.6148167718,
    "researchAndDevelopmentExpenses": 0,
    "generalAndAdministrativeExpenses": 0,
    "sellingAndMarketingExpenses": 0,
    "sellingGeneralAndAdministrativeExpenses": 7703000,
    "otherExpenses": 62592000,
    "operatingExpenses": 70295000,
    "costAndExpenses": 169435000,
    "interestIncome": 1000,
    "interestExpense": 36117000,
    "depreciationAndAmortization": 61697000,
    "ebitda": 183301000,
    "ebitdaratio": 0.7121693656,
    "operatingIncome": 87949000,
    "operatingIncomeRatio": 0.341703447,
    "totalOtherIncomeExpensesNet": -26452000,
    "incomeBeforeTax": 68237000,
    "incomeBeforeTaxRatio": 0.2651174898,
    "incomeTaxExpense": -8434000,
    "netIncome": 122357000,
    "netIncomeRatio": 0.4753869704,
    "eps": 1.19,
    "epsdiluted": 1.19,
    "weightedAverageShsOut": 102401254,
    "weightedAverageShsOutDil": 102863336,
    "link": "https://www.sec.gov/Archives/edgar/data/915912/000104746913001516/0001047469-13-001516-index.htm",
    "finalLink": "https://www.sec.gov/Archives/edgar/data/915912/000104746913001516/a2213127z10-k.htm"
  },
  {
    "date": "2012-09-30",
    "symbol": "AVB",
    "reportedCurrency": "USD",
    "cik": "0000915912",
    "fillingDate": "2012-11-02",
    "acceptedDate": "2012-11-02 13:31:57",
    "calendarYear": "2012",
    "period": "Q3",
    "revenue": 261321000,
    "costOfRevenue": 92946000,
    "grossProfit": 168375000,
    "grossProfitRatio": 0.6443224999,
    "researchAndDevelopmentExpenses": 0,
    "generalAndAdministrativeExpenses": 8372000,
    "sellingAndMarketingExpenses": 0,
    "sellingGeneralAndAdministrativeExpenses": 8372000,
    "otherExpenses": 62750000,
    "operatingExpenses": 71122000,
    "costAndExpenses": 164068000,
    "interestIncome": 0,
    "interestExpense": 33985000,
    "depreciationAndAmortization": 59551000,
    "ebitda": 179142000,
    "ebitdaratio": 0.6855246995,
    "operatingIncome": 97253000,
    "operatingIncomeRatio": 0.3721591453,
    "totalOtherIncomeExpensesNet": -14846000,
    "incomeBeforeTax": 86747000,
    "incomeBeforeTaxRatio": 0.3319557173,
    "incomeTaxExpense": 19694000,
    "netIncome": 86658000,
    "netIncomeRatio": 0.33161514,
    "eps": 0.89,
    "epsdiluted": 0.89,
    "weightedAverageShsOut": 97044603,
    "weightedAverageShsOutDil": 97546569,
    "link": "https://www.sec.gov/Archives/edgar/data/915912/000110465912073581/0001104659-12-073581-index.htm",
    "finalLink": "https://www.sec.gov/Archives/edgar/data/915912/000110465912073581/a12-19873_110q.htm"
  },
  {
    "date": "2012-06-30",
    "symbol": "AVB",
    "reportedCurrency": "USD",
    "cik": "0000915912",
    "fillingDate": "2012-08-03",
    "acceptedDate": "2012-08-03 10:12:20",
    "calendarYear": "2012",
    "period": "Q2",
    "revenue": 252445000,
    "costOfRevenue": 91279000,
    "grossProfit": 161166000,
    "grossProfitRatio": 0.63842025,
    "researchAndDevelopmentExpenses": 0,
    "generalAndAdministrativeExpenses": 8316000,
    "sellingAndMarketingExpenses": 0,
    "sellingGeneralAndAdministrativeExpenses": 8316000,
    "otherExpenses": 63224000,
    "operatingExpenses": 71540000,
    "costAndExpenses": 162819000,
    "interestIncome": 0,
    "interestExpense": 33193000,
    "depreciationAndAmortization": 62566000,
    "ebitda": 154302000,
    "ebitdaratio": 0.6112301689,
    "operatingIncome": 89626000,
    "operatingIncomeRatio": 0.3550317891,
    "totalOtherIncomeExpensesNet": -31739000,
    "incomeBeforeTax": 60620000,
    "incomeBeforeTaxRatio": 0.2401315138,
    "incomeTaxExpense": -63376000,
    "netIncome": 156362000,
    "netIncomeRatio": 0.6193903623,
    "eps": 1.64,
    "epsdiluted": 1.63,
    "weightedAverageShsOut": 95308163,
    "weightedAverageShsOutDil": 95992825,
    "link": "https://www.sec.gov/Archives/edgar/data/915912/000110465912053987/0001104659-12-053987-index.htm",
    "finalLink": "https://www.sec.gov/Archives/edgar/data/915912/000110465912053987/a12-13391_110q.htm"
  },
  {
    "date": "2012-03-31",
    "symbol": "AVB",
    "reportedCurrency": "USD",
    "cik": "0000915912",
    "fillingDate": "2012-05-04",
    "acceptedDate": "2012-05-04 12:32:26",
    "calendarYear": "2012",
    "period": "Q1",
    "revenue": 246032000,
    "costOfRevenue": 88208000,
    "grossProfit": 157824000,
    "grossProfitRatio": 0.6414775314,
    "researchAndDevelopmentExpenses": 0,
    "generalAndAdministrativeExpenses": 9710000,
    "sellingAndMarketingExpenses": 0,
    "sellingGeneralAndAdministrativeExpenses": 9710000,
    "otherExpenses": 61571000,
    "operatingExpenses": 71281000,
    "costAndExpenses": 159489000,
    "interestIncome": 0,
    "interestExpense": 33626000,
    "depreciationAndAmortization": 61571000,
    "ebitda": 148871000,
    "ebitdaratio": 0.605087956,
    "operatingIncome": 86543000,
    "operatingIncomeRatio": 0.3517550563,
    "totalOtherIncomeExpensesNet": -32869000,
    "incomeBeforeTax": 56688000,
    "incomeBeforeTaxRatio": 0.2304090525,
    "incomeTaxExpense": 33735000,
    "netIncome": 57504000,
    "netIncomeRatio": 0.2337256942,
    "eps": 0.61,
    "epsdiluted": 0.6,
    "weightedAverageShsOut": 95274494,
    "weightedAverageShsOutDil": 95653779,
    "link": "https://www.sec.gov/Archives/edgar/data/915912/000110465912033050/0001104659-12-033050-index.htm",
    "finalLink": "https://www.sec.gov/Archives/edgar/data/915912/000110465912033050/a12-7472_110q.htm"
  },
  {
    "date": "2011-12-31",
    "symbol": "AVB",
    "reportedCurrency": "USD",
    "cik": "0000915912",
    "fillingDate": "2012-02-27",
    "acceptedDate": "2012-02-27 12:18:18",
    "calendarYear": "2011",
    "period": "Q4",
    "revenue": 241091000,
    "costOfRevenue": 87762000,
    "grossProfit": 153329000,
    "grossProfitRatio": 0.6359797753,
    "researchAndDevelopmentExpenses": 0,
    "generalAndAdministrativeExpenses": 0,
    "sellingAndMarketingExpenses": 0,
    "sellingGeneralAndAdministrativeExpenses": 7847000,
    "otherExpenses": 61595000,
    "operatingExpenses": 69442000,
    "costAndExpenses": 157204000,
    "interestIncome": 0,
    "interestExpense": 78053000,
    "depreciationAndAmortization": 63314000,
    "ebitda": 147201000,
    "ebitdaratio": 0.610561987,
    "operatingIncome": 83887000,
    "operatingIncomeRatio": 0.3479474555,
    "totalOtherIncomeExpensesNet": -34416000,
    "incomeBeforeTax": 49471000,
    "incomeBeforeTaxRatio": 0.2051963781,
    "incomeTaxExpense": 0,
    "netIncome": 323085000,
    "netIncomeRatio": 1.3400956485,
    "eps": 3.39,
    "epsdiluted": 3.38,
    "weightedAverageShsOut": 95274494,
    "weightedAverageShsOutDil": 95653779,
    "link": "https://www.sec.gov/Archives/edgar/data/915912/000119312512080629/0001193125-12-080629-index.htm",
    "finalLink": "https://www.sec.gov/Archives/edgar/data/915912/000119312512080629/d235613d10k.htm"
  },
  {
    "date": "2011-09-30",
    "symbol": "AVB",
    "reportedCurrency": "USD",
    "cik": "0000915912",
    "fillingDate": "2011-11-07",
    "acceptedDate": "2011-11-07 13:54:08",
    "calendarYear": "2011",
    "period": "Q3",
    "revenue": 243719000,
    "costOfRevenue": 92009000,
    "grossProfit": 151710000,
    "grossProfitRatio": 0.6224791666,
    "researchAndDevelopmentExpenses": 0,
    "generalAndAdministrativeExpenses": 0,
    "sellingAndMarketingExpenses": 0,
    "sellingGeneralAndAdministrativeExpenses": 6087000,
    "otherExpenses": 60893000,
    "operatingExpenses": 66980000,
    "costAndExpenses": 158989000,
    "interestIncome": 1311000,
    "interestExpense": 43970000,
    "depreciationAndAmortization": 62736000,
    "ebitda": 147466000,
    "ebitdaratio": 0.6050656699,
    "operatingIncome": 84730000,
    "operatingIncomeRatio": 0.3476544709,
    "totalOtherIncomeExpensesNet": -40380000,
    "incomeBeforeTax": 46485000,
    "incomeBeforeTaxRatio": 0.1907319495,
    "incomeTaxExpense": 45967000,
    "netIncome": 44824000,
    "netIncomeRatio": 0.1839167238,
    "eps": 0.49,
    "epsdiluted": 0.49,
    "weightedAverageShsOut": 91388357,
    "weightedAverageShsOutDil": 92340368,
    "link": "https://www.sec.gov/Archives/edgar/data/915912/000119312511299375/0001193125-11-299375-index.htm",
    "finalLink": "https://www.sec.gov/Archives/edgar/data/915912/000119312511299375/d226420d10q.htm"
  },
  {
    "date": "2011-06-30",
    "symbol": "AVB",
    "reportedCurrency": "USD",
    "cik": "0000915912",
    "fillingDate": "2011-08-01",
    "acceptedDate": "2011-08-01 10:09:49",
    "calendarYear": "2011",
    "period": "Q2",
    "revenue": 235581000,
    "costOfRevenue": 87217000,
    "grossProfit": 148364000,
    "grossProfitRatio": 0.6297791418,
    "researchAndDevelopmentExpenses": 0,
    "generalAndAdministrativeExpenses": 0,
    "sellingAndMarketingExpenses": 0,
    "sellingGeneralAndAdministrativeExpenses": 8145000,
    "otherExpenses": 60836000,
    "operatingExpenses": 68981000,
    "costAndExpenses": 156198000,
    "interestIncome": 1311000,
    "interestExpense": 45855000,
    "depreciationAndAmortization": 62920000,
    "ebitda": 142303000,
    "ebitdaratio": 0.6040512605,
    "operatingIncome": 79383000,
    "operatingIncomeRatio": 0.3369669031,
    "totalOtherIncomeExpensesNet": -44149000,
    "incomeBeforeTax": 35608000,
    "incomeBeforeTaxRatio": 0.1511497107,
    "incomeTaxExpense": 39431000,
    "netIncome": 43373000,
    "netIncomeRatio": 0.1841107729,
    "eps": 0.5,
    "epsdiluted": 0.49,
    "weightedAverageShsOut": 86746992,
    "weightedAverageShsOutDil": 87597981,
    "link": "https://www.sec.gov/Archives/edgar/data/915912/000119312511203869/0001193125-11-203869-index.htm",
    "finalLink": "https://www.sec.gov/Archives/edgar/data/915912/000119312511203869/d10q.htm"
  },
  {
    "date": "2011-03-31",
    "symbol": "AVB",
    "reportedCurrency": "USD",
    "cik": "0000915912",
    "fillingDate": "2011-05-06",
    "acceptedDate": "2011-05-06 16:34:12",
    "calendarYear": "2011",
    "period": "Q1",
    "revenue": 228530000,
    "costOfRevenue": 87907000,
    "grossProfit": 140623000,
    "grossProfitRatio": 0.6153371549,
    "researchAndDevelopmentExpenses": 0,
    "generalAndAdministrativeExpenses": 0,
    "sellingAndMarketingExpenses": 0,
    "sellingGeneralAndAdministrativeExpenses": 7292000,
    "otherExpenses": 59650000,
    "operatingExpenses": 66942000,
    "costAndExpenses": 154849000,
    "interestIncome": 0,
    "interestExpense": 44271000,
    "depreciationAndAmortization": 61299000,
    "ebitda": 135483000,
    "ebitdaratio": 0.5928455783,
    "operatingIncome": 73681000,
    "operatingIncomeRatio": 0.3224128123,
    "totalOtherIncomeExpensesNet": -42468000,
    "incomeBeforeTax": 30537000,
    "incomeBeforeTaxRatio": 0.1336235943,
    "incomeTaxExpense": 44970000,
    "netIncome": 30341000,
    "netIncomeRatio": 0.1327659388,
    "eps": 0.35,
    "epsdiluted": 0.35,
    "weightedAverageShsOut": 86168732,
    "weightedAverageShsOutDil": 86997530,
    "link": "https://www.sec.gov/Archives/edgar/data/915912/000119312511130827/0001193125-11-130827-index.htm",
    "finalLink": "https://www.sec.gov/Archives/edgar/data/915912/000119312511130827/d10q.htm"
  },
  {
    "date": "2010-12-31",
    "symbol": "AVB",
    "reportedCurrency": "USD",
    "cik": "0000915912",
    "fillingDate": "2011-02-23",
    "acceptedDate": "2011-02-23 17:09:35",
    "calendarYear": "2010",
    "period": "Q4",
    "revenue": 231892000,
    "costOfRevenue": 93064000,
    "grossProfit": 138828000,
    "grossProfitRatio": 0.5986752454,
    "researchAndDevelopmentExpenses": 0,
    "generalAndAdministrativeExpenses": 0,
    "sellingAndMarketingExpenses": 0,
    "sellingGeneralAndAdministrativeExpenses": 6871000,
    "otherExpenses": 60615000,
    "operatingExpenses": 67486000,
    "costAndExpenses": 160550000,
    "interestIncome": 44261000,
    "interestExpense": 91210000,
    "depreciationAndAmortization": 60615000,
    "ebitda": 131957000,
    "ebitdaratio": 0.5690450727,
    "operatingIncome": 71342000,
    "operatingIncomeRatio": 0.3076518379,
    "totalOtherIncomeExpensesNet": -71342000,
    "incomeBeforeTax": 147867000,
    "incomeBeforeTaxRatio": 0.6376545978,
    "incomeTaxExpense": 122090000,
    "netIncome": 27027000,
    "netIncomeRatio": 0.1165499457,
    "eps": 0.31,
    "epsdiluted": 0.31,
    "weightedAverageShsOut": 86168732,
    "weightedAverageShsOutDil": 86997530,
    "link": "https://www.sec.gov/Archives/edgar/data/915912/000115752311001108/0001157523-11-001108-index.htm",
    "finalLink": "https://www.sec.gov/Archives/edgar/data/915912/000115752311001108/a6613886.htm"
  },
  {
    "date": "2010-09-30",
    "symbol": "AVB",
    "reportedCurrency": "USD",
    "cik": "0000915912",
    "fillingDate": "2010-11-04",
    "acceptedDate": "2010-11-04 16:30:18",
    "calendarYear": "2010",
    "period": "Q3",
    "revenue": 225558000,
    "costOfRevenue": 89794000,
    "grossProfit": 135764000,
    "grossProfitRatio": 0.6019028365,
    "researchAndDevelopmentExpenses": 0,
    "generalAndAdministrativeExpenses": 0,
    "sellingAndMarketingExpenses": 0,
    "sellingGeneralAndAdministrativeExpenses": 7039000,
    "otherExpenses": 57926000,
    "operatingExpenses": 64965000,
    "costAndExpenses": 154759000,
    "interestIncome": 0,
    "interestExpense": 0,
    "depreciationAndAmortization": 58753000,
    "ebitda": 129552000,
    "ebitdaratio": 0.5743622483,
    "operatingIncome": 70799000,
    "operatingIncomeRatio": 0.3138837904,
    "totalOtherIncomeExpensesNet": -44587000,
    "incomeBeforeTax": 26212000,
    "incomeBeforeTaxRatio": 0.116209578,
    "incomeTaxExpense": 0,
    "netIncome": 24654000,
    "netIncomeRatio": 0.1093022637,
    "eps": 0.29,
    "epsdiluted": 0.29,
    "weightedAverageShsOut": 84968804,
    "weightedAverageShsOutDil": 85768696,
    "link": "https://www.sec.gov/Archives/edgar/data/915912/000115752310006616/0001157523-10-006616-index.htm",
    "finalLink": "https://www.sec.gov/Archives/edgar/data/915912/000115752310006616/a6495423.htm"
  },
  {
    "date": "2010-06-30",
    "symbol": "AVB",
    "reportedCurrency": "USD",
    "cik": "0000915912",
    "fillingDate": "2010-08-06",
    "acceptedDate": "2010-08-06 15:39:59",
    "calendarYear": "2010",
    "period": "Q2",
    "revenue": 220342000,
    "costOfRevenue": 88887000,
    "grossProfit": 131455000,
    "grossProfitRatio": 0.5965952928,
    "researchAndDevelopmentExpenses": 0,
    "generalAndAdministrativeExpenses": 0,
    "sellingAndMarketingExpenses": 0,
    "sellingGeneralAndAdministrativeExpenses": 4041000,
    "otherExpenses": 57317000,
    "operatingExpenses": 61358000,
    "costAndExpenses": 150245000,
    "interestIncome": 0,
    "interestExpense": 41458000,
    "depreciationAndAmortization": 57479000,
    "ebitda": 127576000,
    "ebitdaratio": 0.5789908415,
    "operatingIncome": 70097000,
    "operatingIncomeRatio": 0.3181281826,
    "totalOtherIncomeExpensesNet": -40995000,
    "incomeBeforeTax": 51066000,
    "incomeBeforeTaxRatio": 0.2317579036,
    "incomeTaxExpense": 18763000,
    "netIncome": 51125000,
    "netIncomeRatio": 0.2320256692,
    "eps": 0.61,
    "epsdiluted": 0.61,
    "weightedAverageShsOut": 83517908,
    "weightedAverageShsOutDil": 84245105,
    "link": "https://www.sec.gov/Archives/edgar/data/915912/000095012310074264/0000950123-10-074264-index.htm",
    "finalLink": "https://www.sec.gov/Archives/edgar/data/915912/000095012310074264/w79435e10vq.htm"
  },
  {
    "date": "2010-03-31",
    "symbol": "AVB",
    "reportedCurrency": "USD",
    "cik": "0000915912",
    "fillingDate": "2010-05-05",
    "acceptedDate": "2010-05-05 17:25:52",
    "calendarYear": "2010",
    "period": "Q1",
    "revenue": 215449000,
    "costOfRevenue": 88068000,
    "grossProfit": 127381000,
    "grossProfitRatio": 0.5912350487,
    "researchAndDevelopmentExpenses": 0,
    "generalAndAdministrativeExpenses": 0,
    "sellingAndMarketingExpenses": 0,
    "sellingGeneralAndAdministrativeExpenses": 8895000,
    "otherExpenses": 55972000,
    "operatingExpenses": 64867000,
    "costAndExpenses": 152935000,
    "interestIncome": 0,
    "interestExpense": 42541000,
    "depreciationAndAmortization": 56095000,
    "ebitda": 118836000,
    "ebitdaratio": 0.5515736903,
    "operatingIncome": 62514000,
    "operatingIncomeRatio": 0.2901568353,
    "totalOtherIncomeExpensesNet": -42314000,
    "incomeBeforeTax": 72366000,
    "incomeBeforeTaxRatio": 0.3358845945,
    "incomeTaxExpense": -10129000,
    "netIncome": 72523000,
    "netIncomeRatio": 0.3366133052,
    "eps": 0.89,
    "epsdiluted": 0.88,
    "weightedAverageShsOut": 81897566,
    "weightedAverageShsOutDil": 82310670,
    "link": "https://www.sec.gov/Archives/edgar/data/915912/000095012310044669/0000950123-10-044669-index.htm",
    "finalLink": "https://www.sec.gov/Archives/edgar/data/915912/000095012310044669/w78365e10vq.htm"
  },
  {
    "date": "2009-12-31",
    "symbol": "AVB",
    "reportedCurrency": "USD",
    "cik": "0000915912",
    "fillingDate": "2010-03-01",
    "acceptedDate": "2010-03-01 12:03:23",
    "calendarYear": "2009",
    "period": "Q4",
    "revenue": 193741000,
    "costOfRevenue": 81057000,
    "grossProfit": 112684000,
    "grossProfitRatio": 0.581621856,
    "researchAndDevelopmentExpenses": 0,
    "generalAndAdministrativeExpenses": 0,
    "sellingAndMarketingExpenses": 0,
    "sellingGeneralAndAdministrativeExpenses": 10360000,
    "otherExpenses": 75721000,
    "operatingExpenses": 86081000,
    "costAndExpenses": 167138000,
    "interestIncome": 0,
    "interestExpense": 42487000,
    "depreciationAndAmortization": 56593000,
    "ebitda": 83196000,
    "ebitdaratio": 0.4294186569,
    "operatingIncome": 26603000,
    "operatingIncomeRatio": 0.1373121848,
    "totalOtherIncomeExpensesNet": -26603000,
    "incomeBeforeTax": 27644000,
    "incomeBeforeTaxRatio": 0.1426853376,
    "incomeTaxExpense": -8489000,
    "netIncome": 32394000,
    "netIncomeRatio": 0.1672026055,
    "eps": 0.4,
    "epsdiluted": 0.39,
    "weightedAverageShsOut": 81897566,
    "weightedAverageShsOutDil": 82310670,
    "link": "https://www.sec.gov/Archives/edgar/data/915912/000095012310019013/0000950123-10-019013-index.htm",
    "finalLink": "https://www.sec.gov/Archives/edgar/data/915912/000095012310019013/w77522e10vk.htm"
  },
  {
    "date": "2009-09-30",
    "symbol": "AVB",
    "reportedCurrency": "USD",
    "cik": "0000915912",
    "fillingDate": "2009-11-09",
    "acceptedDate": "2009-11-06 18:04:06",
    "calendarYear": "2009",
    "period": "Q3",
    "revenue": 215043000,
    "costOfRevenue": 87786000,
    "grossProfit": 127257000,
    "grossProfitRatio": 0.5917746683,
    "researchAndDevelopmentExpenses": 0,
    "generalAndAdministrativeExpenses": 0,
    "sellingAndMarketingExpenses": 0,
    "sellingGeneralAndAdministrativeExpenses": 5750000,
    "otherExpenses": 52987000,
    "operatingExpenses": 58737000,
    "costAndExpenses": 146523000,
    "interestIncome": 3000,
    "interestExpense": 41208000,
    "depreciationAndAmortization": 55316000,
    "ebitda": 123836000,
    "ebitdaratio": 0.5758662221,
    "operatingIncome": 68520000,
    "operatingIncomeRatio": 0.3186339476,
    "totalOtherIncomeExpensesNet": -68520000,
    "incomeBeforeTax": 58101000,
    "incomeBeforeTaxRatio": 0.2701831727,
    "incomeTaxExpense": 15619000,
    "netIncome": 58154000,
    "netIncomeRatio": 0.270429635,
    "eps": 0.72,
    "epsdiluted": 0.72,
    "weightedAverageShsOut": 80132409,
    "weightedAverageShsOutDil": 80609277,
    "link": "https://www.sec.gov/Archives/edgar/data/915912/000095012309059493/0000950123-09-059493-index.htm",
    "finalLink": "https://www.sec.gov/Archives/edgar/data/915912/000095012309059493/w75885e10vq.htm"
  },
  {
    "date": "2009-06-30",
    "symbol": "AVB",
    "reportedCurrency": "USD",
    "cik": "0000915912",
    "fillingDate": "2009-08-10",
    "acceptedDate": "2009-08-10 13:19:45",
    "calendarYear": "2009",
    "period": "Q2",
    "revenue": 212259000,
    "costOfRevenue": 85946000,
    "grossProfit": 126313000,
    "grossProfitRatio": 0.5950890186,
    "researchAndDevelopmentExpenses": 0,
    "generalAndAdministrativeExpenses": 0,
    "sellingAndMarketingExpenses": 0,
    "sellingGeneralAndAdministrativeExpenses": 5390000,
    "otherExpenses": 51174000,
    "operatingExpenses": 56564000,
    "costAndExpenses": 142510000,
    "interestIncome": 0,
    "interestExpense": 37385000,
    "depreciationAndAmortization": 53737000,
    "ebitda": 123486000,
    "ebitdaratio": 0.5817703843,
    "operatingIncome": 69749000,
    "operatingIncomeRatio": 0.328603263,
    "totalOtherIncomeExpensesNet": -69749000,
    "incomeBeforeTax": 16723000,
    "incomeBeforeTaxRatio": 0.078785823,
    "incomeTaxExpense": 60383000,
    "netIncome": 17674000,
    "netIncomeRatio": 0.0832661984,
    "eps": 0.22,
    "epsdiluted": 0.22,
    "weightedAverageShsOut": 79662223,
    "weightedAverageShsOutDil": 80042294,
    "link": "https://www.sec.gov/Archives/edgar/data/915912/000095012309032702/0000950123-09-032702-index.htm",
    "finalLink": "https://www.sec.gov/Archives/edgar/data/915912/000095012309032702/w74926e10vq.htm"
  },
  {
    "date": "2009-03-31",
    "symbol": "AVB",
    "reportedCurrency": "USD",
    "cik": "0000915912",
    "fillingDate": "2009-05-11",
    "acceptedDate": "2009-05-11 15:21:50",
    "calendarYear": "2009",
    "period": "Q1",
    "revenue": 209733000,
    "costOfRevenue": 83666000,
    "grossProfit": 126067000,
    "grossProfitRatio": 0.6010832821,
    "researchAndDevelopmentExpenses": 0,
    "generalAndAdministrativeExpenses": 0,
    "sellingAndMarketingExpenses": 0,
    "sellingGeneralAndAdministrativeExpenses": 7247000,
    "otherExpenses": 49011000,
    "operatingExpenses": 56258000,
    "costAndExpenses": 139924000,
    "interestIncome": -973000,
    "interestExpense": 29157000,
    "depreciationAndAmortization": 52640000,
    "ebitda": 122449000,
    "ebitdaratio": 0.5838327779,
    "operatingIncome": 69809000,
    "operatingIncomeRatio": 0.3328470007,
    "totalOtherIncomeExpensesNet": -69809000,
    "incomeBeforeTax": 76205000,
    "incomeBeforeTaxRatio": 0.3633429169,
    "incomeTaxExpense": 29104000,
    "netIncome": 47749000,
    "netIncomeRatio": 0.2276656511,
    "eps": 0.6,
    "epsdiluted": 0.59,
    "weightedAverageShsOut": 78752744,
    "weightedAverageShsOutDil": 79792281,
    "link": "https://www.sec.gov/Archives/edgar/data/915912/000095013309001569/0000950133-09-001569-index.htm",
    "finalLink": "https://www.sec.gov/Archives/edgar/data/915912/000095013309001569/w73955e10vq.htm"
  },
  {
    "date": "2008-12-31",
    "symbol": "AVB",
    "reportedCurrency": "USD",
    "cik": "0000915912",
    "fillingDate": "2009-03-02",
    "acceptedDate": "2009-03-02 13:42:05",
    "calendarYear": "2008",
    "period": "Q4",
    "revenue": 220353000,
    "costOfRevenue": 149126000,
    "grossProfit": 71227000,
    "grossProfitRatio": 0.3232404369,
    "researchAndDevelopmentExpenses": 0,
    "generalAndAdministrativeExpenses": 0,
    "sellingAndMarketingExpenses": 0,
    "sellingGeneralAndAdministrativeExpenses": 15960000,
    "otherExpenses": -5872000,
    "operatingExpenses": 10088000,
    "costAndExpenses": 159214000,
    "interestIncome": 0,
    "interestExpense": 29256000,
    "depreciationAndAmortization": 50955000,
    "ebitda": 112303000,
    "ebitdaratio": 0.5096504245,
    "operatingIncome": 61139000,
    "operatingIncomeRatio": 0.2774593493,
    "totalOtherIncomeExpensesNet": -61139000,
    "incomeBeforeTax": 411487000,
    "incomeBeforeTaxRatio": 1.8673991278,
    "incomeTaxExpense": 409365000,
    "netIncome": 2123000,
    "netIncomeRatio": 0.0096345409,
    "eps": 0.027,
    "epsdiluted": 0.0266,
    "weightedAverageShsOut": 78752744,
    "weightedAverageShsOutDil": 79792281,
    "link": "https://www.sec.gov/Archives/edgar/data/915912/000095013309000537/0000950133-09-000537-index.htm",
    "finalLink": "https://www.sec.gov/Archives/edgar/data/915912/000095013309000537/w72738e10vk.htm"
  },
  {
    "date": "2008-09-30",
    "symbol": "AVB",
    "reportedCurrency": "USD",
    "cik": "0000915912",
    "fillingDate": "2008-11-10",
    "acceptedDate": "2008-11-10 16:59:19",
    "calendarYear": "2008",
    "period": "Q3",
    "revenue": 215390000,
    "costOfRevenue": 83507000,
    "grossProfit": 131883000,
    "grossProfitRatio": 0.6122986211,
    "researchAndDevelopmentExpenses": 0,
    "generalAndAdministrativeExpenses": 0,
    "sellingAndMarketingExpenses": 0,
    "sellingGeneralAndAdministrativeExpenses": 9318000,
    "otherExpenses": 48698000,
    "operatingExpenses": 58016000,
    "costAndExpenses": 141523000,
    "interestIncome": 0,
    "interestExpense": 28364000,
    "depreciationAndAmortization": 50355000,
    "ebitda": 124222000,
    "ebitdaratio": 0.5767305817,
    "operatingIncome": 73867000,
    "operatingIncomeRatio": 0.3429453549,
    "totalOtherIncomeExpensesNet": -73867000,
    "incomeBeforeTax": 233581000,
    "incomeBeforeTaxRatio": 1.0844561029,
    "incomeTaxExpense": -128676000,
    "netIncome": 231406000,
    "netIncomeRatio": 1.074358141,
    "eps": 3.01,
    "epsdiluted": 2.98,
    "weightedAverageShsOut": 76879070,
    "weightedAverageShsOutDil": 77653020,
    "link": "https://www.sec.gov/Archives/edgar/data/915912/000095013308003733/0000950133-08-003733-index.htm",
    "finalLink": "https://www.sec.gov/Archives/edgar/data/915912/000095013308003733/w71532e10vq.htm"
  },
  {
    "date": "2008-06-30",
    "symbol": "AVB",
    "reportedCurrency": "USD",
    "cik": "0000915912",
    "fillingDate": "2008-08-11",
    "acceptedDate": "2008-08-11 15:13:14",
    "calendarYear": "2008",
    "period": "Q2",
    "revenue": 211191000,
    "costOfRevenue": 80163000,
    "grossProfit": 44399000,
    "grossProfitRatio": 0.2102314966,
    "researchAndDevelopmentExpenses": 0,
    "generalAndAdministrativeExpenses": 9383000,
    "sellingAndMarketingExpenses": 0,
    "sellingGeneralAndAdministrativeExpenses": 9383000,
    "otherExpenses": 47648000,
    "operatingExpenses": 57031000,
    "costAndExpenses": 137194000,
    "interestIncome": 0,
    "interestExpense": 21913000,
    "depreciationAndAmortization": 49350000,
    "ebitda": 123347000,
    "ebitdaratio": 0.5840542447,
    "operatingIncome": 73997000,
    "operatingIncomeRatio": 0.3503795143,
    "totalOtherIncomeExpensesNet": -73997000,
    "incomeBeforeTax": 51052000,
    "incomeBeforeTaxRatio": 0.241733786,
    "incomeTaxExpense": 3728000,
    "netIncome": 122984000,
    "netIncomeRatio": 0.5823354215,
    "eps": 1.63,
    "epsdiluted": 1.61,
    "weightedAverageShsOut": 76753951,
    "weightedAverageShsOutDil": 77578617,
    "link": "https://www.sec.gov/Archives/edgar/data/915912/000095013308002788/0000950133-08-002788-index.htm",
    "finalLink": "https://www.sec.gov/Archives/edgar/data/915912/000095013308002788/w65140e10vq.htm"
  },
  {
    "date": "2008-03-31",
    "symbol": "AVB",
    "reportedCurrency": "USD",
    "cik": "0000915912",
    "fillingDate": "2008-05-09",
    "acceptedDate": "2008-05-09 16:41:53",
    "calendarYear": "2008",
    "period": "Q1",
    "revenue": 204173000,
    "costOfRevenue": 59753000,
    "grossProfit": 144420000,
    "grossProfitRatio": 0.7073413233,
    "researchAndDevelopmentExpenses": 0,
    "generalAndAdministrativeExpenses": 8119000,
    "sellingAndMarketingExpenses": 0,
    "sellingGeneralAndAdministrativeExpenses": 8119000,
    "otherExpenses": 64938000,
    "operatingExpenses": 73057000,
    "costAndExpenses": 132810000,
    "interestIncome": 0,
    "interestExpense": 27661000,
    "depreciationAndAmortization": 48792000,
    "ebitda": 120155000,
    "ebitdaratio": 0.5884960303,
    "operatingIncome": 71363000,
    "operatingIncomeRatio": 0.3495222189,
    "totalOtherIncomeExpensesNet": -71363000,
    "incomeBeforeTax": 74841000,
    "incomeBeforeTaxRatio": 0.3665567925,
    "incomeTaxExpense": 26357000,
    "netIncome": 46275000,
    "netIncomeRatio": 0.2266460306,
    "eps": 0.6,
    "epsdiluted": 0.6,
    "weightedAverageShsOut": 76600201,
    "weightedAverageShsOutDil": 77440892,
    "link": "https://www.sec.gov/Archives/edgar/data/915912/000095013308001887/0000950133-08-001887-index.htm",
    "finalLink": "https://www.sec.gov/Archives/edgar/data/915912/000095013308001887/w57745e10vq.htm"
  },
  {
    "date": "2007-12-31",
    "symbol": "AVB",
    "reportedCurrency": "USD",
    "cik": "0000915912",
    "fillingDate": "2008-02-29",
    "acceptedDate": "2008-02-29 13:56:27",
    "calendarYear": "2007",
    "period": "Q4",
    "revenue": 212386000,
    "costOfRevenue": 0,
    "grossProfit": 212386000,
    "grossProfitRatio": 1,
    "researchAndDevelopmentExpenses": 0,
    "generalAndAdministrativeExpenses": 0,
    "sellingAndMarketingExpenses": 0,
    "sellingGeneralAndAdministrativeExpenses": 8427000,
    "otherExpenses": 133566000,
    "operatingExpenses": 141993000,
    "costAndExpenses": 141993000,
    "interestIncome": 0,
    "interestExpense": 97545000,
    "depreciationAndAmortization": 36368000,
    "ebitda": 117571000,
    "ebitdaratio": 0.5535722694,
    "operatingIncome": 70393000,
    "operatingIncomeRatio": 0.3314389837,
    "totalOtherIncomeExpensesNet": -70393000,
    "incomeBeforeTax": 358160000,
    "incomeBeforeTaxRatio": 1.686363508,
    "incomeTaxExpense": 226341000,
    "netIncome": 129645000,
    "netIncomeRatio": 0.6104215909,
    "eps": 1.71,
    "epsdiluted": 1.71,
    "weightedAverageShsOut": 77125000,
    "weightedAverageShsOutDil": 77125000,
    "link": "https://www.sec.gov/Archives/edgar/data/915912/000095013308000889/0000950133-08-000889-index.htm",
    "finalLink": "https://www.sec.gov/Archives/edgar/data/915912/000095013308000889/w50312e10vk.htm"
  },
  {
    "date": "2007-09-30",
    "symbol": "AVB",
    "reportedCurrency": "USD",
    "cik": "0000915912",
    "fillingDate": "2007-11-09",
    "acceptedDate": "2007-11-09 06:08:37",
    "calendarYear": "2007",
    "period": "Q3",
    "revenue": 196532000,
    "costOfRevenue": 58635000,
    "grossProfit": 137897000,
    "grossProfitRatio": 0.7016516394,
    "researchAndDevelopmentExpenses": 0,
    "generalAndAdministrativeExpenses": 6645000,
    "sellingAndMarketingExpenses": 0,
    "sellingGeneralAndAdministrativeExpenses": 6645000,
    "otherExpenses": 60849000,
    "operatingExpenses": 67494000,
    "costAndExpenses": 126129000,
    "interestIncome": 0,
    "interestExpense": 26937000,
    "depreciationAndAmortization": 38727000,
    "ebitda": 113295000,
    "ebitdaratio": 0.5764710073,
    "operatingIncome": 70403000,
    "operatingIncomeRatio": 0.3582266501,
    "totalOtherIncomeExpensesNet": -70403000,
    "incomeBeforeTax": 530,
    "incomeBeforeTaxRatio": 0.0000026968,
    "incomeTaxExpense": -95687470,
    "netIncome": 126594000,
    "netIncomeRatio": 0.6441393768,
    "eps": 1.6,
    "epsdiluted": 1.58,
    "weightedAverageShsOut": 78962615,
    "weightedAverageShsOutDil": 80024714,
    "link": "https://www.sec.gov/Archives/edgar/data/915912/000095013307004516/0000950133-07-004516-index.htm",
    "finalLink": "https://www.sec.gov/Archives/edgar/data/915912/000095013307004516/w42229e10vq.htm"
  },
  {
    "date": "2007-06-30",
    "symbol": "AVB",
    "reportedCurrency": "USD",
    "cik": "0000915912",
    "fillingDate": "2007-08-09",
    "acceptedDate": "2007-08-09 13:50:29",
    "calendarYear": "2007",
    "period": "Q2",
    "revenue": 190924000,
    "costOfRevenue": 0,
    "grossProfit": 190924000,
    "grossProfitRatio": 1,
    "researchAndDevelopmentExpenses": 0,
    "generalAndAdministrativeExpenses": 6642000,
    "sellingAndMarketingExpenses": 0,
    "sellingGeneralAndAdministrativeExpenses": 6642000,
    "otherExpenses": 115387000,
    "operatingExpenses": 122029000,
    "costAndExpenses": 122029000,
    "interestIncome": 4682000,
    "interestExpense": 26595000,
    "depreciationAndAmortization": 51726000,
    "ebitda": 120621000,
    "ebitdaratio": 0.6317749471,
    "operatingIncome": 68895000,
    "operatingIncomeRatio": 0.3608503907,
    "totalOtherIncomeExpensesNet": -68895000,
    "incomeBeforeTax": 470,
    "incomeBeforeTaxRatio": 0.0000024617,
    "incomeTaxExpense": -15129530,
    "netIncome": 46702000,
    "netIncomeRatio": 0.2446104209,
    "eps": 0.62,
    "epsdiluted": 0.61,
    "weightedAverageShsOut": 79428056,
    "weightedAverageShsOutDil": 80647514,
    "link": "https://www.sec.gov/Archives/edgar/data/915912/000095013307003340/0000950133-07-003340-index.htm",
    "finalLink": "https://www.sec.gov/Archives/edgar/data/915912/000095013307003340/w38110e10vq.htm"
  },
  {
    "date": "2007-03-31",
    "symbol": "AVB",
    "reportedCurrency": "USD",
    "cik": "0000915912",
    "fillingDate": "2007-05-10",
    "acceptedDate": "2007-05-10 15:20:05",
    "calendarYear": "2007",
    "period": "Q1",
    "revenue": 188615000,
    "costOfRevenue": 0,
    "grossProfit": 188615000,
    "grossProfitRatio": 1,
    "researchAndDevelopmentExpenses": 0,
    "generalAndAdministrativeExpenses": 6780000,
    "sellingAndMarketingExpenses": 0,
    "sellingGeneralAndAdministrativeExpenses": 6780000,
    "otherExpenses": 114454000,
    "operatingExpenses": 121234000,
    "costAndExpenses": 121234000,
    "interestIncome": 0,
    "interestExpense": 28664000,
    "depreciationAndAmortization": 44094000,
    "ebitda": 111475000,
    "ebitdaratio": 0.5910187419,
    "operatingIncome": 67381000,
    "operatingIncomeRatio": 0.3572409405,
    "totalOtherIncomeExpensesNet": -67381000,
    "incomeBeforeTax": 114077000,
    "incomeBeforeTaxRatio": 0.6048140392,
    "incomeTaxExpense": 23868000,
    "netIncome": 44345000,
    "netIncomeRatio": 0.2351085545,
    "eps": 0.57,
    "epsdiluted": 0.56,
    "weightedAverageShsOut": 77798246,
    "weightedAverageShsOutDil": 79187500,
    "link": "https://www.sec.gov/Archives/edgar/data/915912/000095013307002242/0000950133-07-002242-index.htm",
    "finalLink": "https://www.sec.gov/Archives/edgar/data/915912/000095013307002242/w34728e10vq.htm"
  },
  {
    "date": "2006-12-31",
    "symbol": "AVB",
    "reportedCurrency": "USD",
    "cik": "0000915912",
    "fillingDate": "2007-03-01",
    "acceptedDate": "2007-03-01 15:10:08",
    "calendarYear": "2006",
    "period": "Q4",
    "revenue": 193800000,
    "costOfRevenue": 0,
    "grossProfit": 193800000,
    "grossProfitRatio": 1,
    "researchAndDevelopmentExpenses": 0,
    "generalAndAdministrativeExpenses": 6372000,
    "sellingAndMarketingExpenses": 0,
    "sellingGeneralAndAdministrativeExpenses": 6372000,
    "otherExpenses": 115402000,
    "operatingExpenses": 121774000,
    "costAndExpenses": 121774000,
    "interestIncome": 0,
    "interestExpense": 111046000,
    "depreciationAndAmortization": 43265000,
    "ebitda": 115291000,
    "ebitdaratio": 0.5948968008,
    "operatingIncome": 72026000,
    "operatingIncomeRatio": 0.3716511868,
    "totalOtherIncomeExpensesNet": -72026000,
    "incomeBeforeTax": 278399000,
    "incomeBeforeTaxRatio": 1.4365273478,
    "incomeTaxExpense": 229122000,
    "netIncome": 47102000,
    "netIncomeRatio": 0.2430443756,
    "eps": 0.63,
    "epsdiluted": 0.62,
    "weightedAverageShsOut": 77798246,
    "weightedAverageShsOutDil": 79187500,
    "link": "https://www.sec.gov/Archives/edgar/data/915912/000095013307000888/0000950133-07-000888-index.htm",
    "finalLink": "https://www.sec.gov/Archives/edgar/data/915912/000095013307000888/w30545e10vk.htm"
  },
  {
    "date": "2006-09-30",
    "symbol": "AVB",
    "reportedCurrency": "USD",
    "cik": "0000915912",
    "fillingDate": "2006-11-09",
    "acceptedDate": "2006-11-09 16:26:31",
    "calendarYear": "2006",
    "period": "Q3",
    "revenue": 183646000,
    "costOfRevenue": 0,
    "grossProfit": 183646000,
    "grossProfitRatio": 1,
    "researchAndDevelopmentExpenses": 0,
    "generalAndAdministrativeExpenses": 5633000,
    "sellingAndMarketingExpenses": 0,
    "sellingGeneralAndAdministrativeExpenses": 5633000,
    "otherExpenses": 111530000,
    "operatingExpenses": 117163000,
    "costAndExpenses": 117163000,
    "interestIncome": 0,
    "interestExpense": 26937000,
    "depreciationAndAmortization": 42611000,
    "ebitda": 109094000,
    "ebitdaratio": 0.594045065,
    "operatingIncome": 66483000,
    "operatingIncomeRatio": 0.3620171417,
    "totalOtherIncomeExpensesNet": -66483000,
    "incomeBeforeTax": 45076000,
    "incomeBeforeTaxRatio": 0.2454504863,
    "incomeTaxExpense": 25978000,
    "netIncome": 39938000,
    "netIncomeRatio": 0.2174727465,
    "eps": 0.54,
    "epsdiluted": 0.53,
    "weightedAverageShsOut": 73959259,
    "weightedAverageShsOutDil": 75354717,
    "link": "https://www.sec.gov/Archives/edgar/data/915912/000095013306004846/0000950133-06-004846-index.htm",
    "finalLink": "https://www.sec.gov/Archives/edgar/data/915912/000095013306004846/w26859e10vq.htm"
  },
  {
    "date": "2006-06-30",
    "symbol": "AVB",
    "reportedCurrency": "USD",
    "cik": "0000915912",
    "fillingDate": "2006-08-09",
    "acceptedDate": "2006-08-09 13:57:07",
    "calendarYear": "2006",
    "period": "Q2",
    "revenue": 179083000,
    "costOfRevenue": 0,
    "grossProfit": 179083000,
    "grossProfitRatio": 1,
    "researchAndDevelopmentExpenses": 0,
    "generalAndAdministrativeExpenses": 6479000,
    "sellingAndMarketingExpenses": 0,
    "sellingGeneralAndAdministrativeExpenses": 6479000,
    "otherExpenses": 111725000,
    "operatingExpenses": 118204000,
    "costAndExpenses": 118204000,
    "interestIncome": 0,
    "interestExpense": 0,
    "depreciationAndAmortization": 42658000,
    "ebitda": 103537000,
    "ebitdaratio": 0.5781509133,
    "operatingIncome": 60879000,
    "operatingIncomeRatio": 0.3399485155,
    "totalOtherIncomeExpensesNet": -60879000,
    "incomeBeforeTax": 0,
    "incomeBeforeTaxRatio": 0,
    "incomeTaxExpense": 32646000,
    "netIncome": 64831000,
    "netIncomeRatio": 0.3620164951,
    "eps": 0.87,
    "epsdiluted": 0.86,
    "weightedAverageShsOut": 74518391,
    "weightedAverageShsOutDil": 75384884,
    "link": "https://www.sec.gov/Archives/edgar/data/915912/000095013306003662/0000950133-06-003662-index.htm",
    "finalLink": "https://www.sec.gov/Archives/edgar/data/915912/000095013306003662/w23977e10vq.htm"
  },
  {
    "date": "2006-03-31",
    "symbol": "AVB",
    "reportedCurrency": "USD",
    "cik": "0000915912",
    "fillingDate": "2006-05-09",
    "acceptedDate": "2006-05-09 17:24:38",
    "calendarYear": "2006",
    "period": "Q1",
    "revenue": 175159000,
    "costOfRevenue": 0,
    "grossProfit": 175159000,
    "grossProfitRatio": 1,
    "researchAndDevelopmentExpenses": 0,
    "generalAndAdministrativeExpenses": 6283000,
    "sellingAndMarketingExpenses": 0,
    "sellingGeneralAndAdministrativeExpenses": 6283000,
    "otherExpenses": 108853000,
    "operatingExpenses": 115136000,
    "costAndExpenses": 115136000,
    "interestIncome": 0,
    "interestExpense": 28664000,
    "depreciationAndAmortization": 45381000,
    "ebitda": 105404000,
    "ebitdaratio": 0.6017618278,
    "operatingIncome": 60023000,
    "operatingIncomeRatio": 0.3426772247,
    "totalOtherIncomeExpensesNet": -60023000,
    "incomeBeforeTax": 114077000,
    "incomeBeforeTaxRatio": 0.6512768399,
    "incomeTaxExpense": -17323000,
    "netIncome": 108939000,
    "netIncomeRatio": 0.6219434913,
    "eps": 1.48,
    "epsdiluted": 1.45,
    "weightedAverageShsOut": 73607432,
    "weightedAverageShsOutDil": 75130345,
    "link": "https://www.sec.gov/Archives/edgar/data/915912/000095013306002372/0000950133-06-002372-index.htm",
    "finalLink": "https://www.sec.gov/Archives/edgar/data/915912/000095013306002372/w20885e10vq.htm"
  },
  {
    "date": "2005-12-31",
    "symbol": "AVB",
    "reportedCurrency": "USD",
    "cik": "0000915912",
    "fillingDate": "2006-03-14",
    "acceptedDate": "2006-03-14 12:47:51",
    "calendarYear": "2005",
    "period": "Q4",
    "revenue": 174977000,
    "costOfRevenue": 0,
    "grossProfit": 174977000,
    "grossProfitRatio": 1,
    "researchAndDevelopmentExpenses": 0,
    "generalAndAdministrativeExpenses": 6483000,
    "sellingAndMarketingExpenses": 0,
    "sellingGeneralAndAdministrativeExpenses": 6483000,
    "otherExpenses": 107572000,
    "operatingExpenses": 114055000,
    "costAndExpenses": 114055000,
    "interestIncome": 0,
    "interestExpense": 127099000,
    "depreciationAndAmortization": 43585000,
    "ebitda": 104507000,
    "ebitdaratio": 0.5972613543,
    "operatingIncome": 60922000,
    "operatingIncomeRatio": 0.348171474,
    "totalOtherIncomeExpensesNet": -60922000,
    "incomeBeforeTax": 322378000,
    "incomeBeforeTaxRatio": 1.8424021443,
    "incomeTaxExpense": 225649000,
    "netIncome": 94554000,
    "netIncomeRatio": 0.5403795927,
    "eps": 1.31,
    "epsdiluted": 1.29,
    "weightedAverageShsOut": 73619737,
    "weightedAverageShsOutDil": 75102013,
    "link": "https://www.sec.gov/Archives/edgar/data/915912/000095013306001217/0000950133-06-001217-index.htm",
    "finalLink": "https://www.sec.gov/Archives/edgar/data/915912/000095013306001217/w17856e10vk.htm"
  },
  {
    "date": "2005-09-30",
    "symbol": "AVB",
    "reportedCurrency": "USD",
    "cik": "0000915912",
    "fillingDate": "2005-11-09",
    "acceptedDate": "2005-11-09 11:17:22",
    "calendarYear": "2005",
    "period": "Q3",
    "revenue": 170817000,
    "costOfRevenue": 0,
    "grossProfit": 170817000,
    "grossProfitRatio": 1,
    "researchAndDevelopmentExpenses": 0,
    "generalAndAdministrativeExpenses": 5857000,
    "sellingAndMarketingExpenses": 0,
    "sellingGeneralAndAdministrativeExpenses": 5857000,
    "otherExpenses": 106112000,
    "operatingExpenses": 111969000,
    "costAndExpenses": 111969000,
    "interestIncome": 0,
    "interestExpense": 31787000,
    "depreciationAndAmortization": 122313000,
    "ebitda": 181161000,
    "ebitdaratio": 1.0605560337,
    "operatingIncome": 58848000,
    "operatingIncomeRatio": 0.344509036,
    "totalOtherIncomeExpensesNet": -58848000,
    "incomeBeforeTax": 99128000,
    "incomeBeforeTaxRatio": 0.5803169474,
    "incomeTaxExpense": 62531000,
    "netIncome": 96953000,
    "netIncomeRatio": 0.5675840227,
    "eps": 1.32,
    "epsdiluted": 1.3,
    "weightedAverageShsOut": 73449242,
    "weightedAverageShsOutDil": 74579231,
    "link": "https://www.sec.gov/Archives/edgar/data/915912/000095013305005064/0000950133-05-005064-index.htm",
    "finalLink": "https://www.sec.gov/Archives/edgar/data/915912/000095013305005064/w14352e10vq.htm"
  },
  {
    "date": "2005-06-30",
    "symbol": "AVB",
    "reportedCurrency": "USD",
    "cik": "0000915912",
    "fillingDate": "2005-08-08",
    "acceptedDate": "2005-08-08 17:17:13",
    "calendarYear": "2005",
    "period": "Q2",
    "revenue": 165652000,
    "costOfRevenue": 0,
    "grossProfit": 165652000,
    "grossProfitRatio": 1,
    "researchAndDevelopmentExpenses": 0,
    "generalAndAdministrativeExpenses": 6262000,
    "sellingAndMarketingExpenses": 0,
    "sellingGeneralAndAdministrativeExpenses": 6262000,
    "otherExpenses": 101694000,
    "operatingExpenses": 107956000,
    "costAndExpenses": 107956000,
    "interestIncome": 0,
    "interestExpense": 0,
    "depreciationAndAmortization": 1920000,
    "ebitda": 97073000,
    "ebitdaratio": 0.5860056021,
    "operatingIncome": 57696000,
    "operatingIncomeRatio": 0.3482964287,
    "totalOtherIncomeExpensesNet": -57696000,
    "incomeBeforeTax": 70356000,
    "incomeBeforeTaxRatio": 0.4247217057,
    "incomeTaxExpense": 4211000,
    "netIncome": 54736000,
    "netIncomeRatio": 0.3304276435,
    "eps": 0.75,
    "epsdiluted": 0.74,
    "weightedAverageShsOut": 72981333,
    "weightedAverageShsOutDil": 73967568,
    "link": "https://www.sec.gov/Archives/edgar/data/915912/000095013305003572/0000950133-05-003572-index.htm",
    "finalLink": "https://www.sec.gov/Archives/edgar/data/915912/000095013305003572/w11497e10vq.htm"
  },
  {
    "date": "2005-03-31",
    "symbol": "AVB",
    "reportedCurrency": "USD",
    "cik": "0000915912",
    "fillingDate": "2005-05-06",
    "acceptedDate": "2005-05-06 17:18:04",
    "calendarYear": "2005",
    "period": "Q1",
    "revenue": 159979000,
    "costOfRevenue": 0,
    "grossProfit": 159979000,
    "grossProfitRatio": 1,
    "researchAndDevelopmentExpenses": 0,
    "generalAndAdministrativeExpenses": 7159000,
    "sellingAndMarketingExpenses": 0,
    "sellingGeneralAndAdministrativeExpenses": 7159000,
    "otherExpenses": 99380000,
    "operatingExpenses": 106539000,
    "costAndExpenses": 106539000,
    "interestIncome": 0,
    "interestExpense": 0,
    "depreciationAndAmortization": 2583000,
    "ebitda": 92314000,
    "ebitdaratio": 0.5770382363,
    "operatingIncome": 53440000,
    "operatingIncomeRatio": 0.3340438433,
    "totalOtherIncomeExpensesNet": -53440000,
    "incomeBeforeTax": 0,
    "incomeBeforeTaxRatio": 0,
    "incomeTaxExpense": -12447000,
    "netIncome": 67435000,
    "netIncomeRatio": 0.421524075,
    "eps": 0.93,
    "epsdiluted": 0.92,
    "weightedAverageShsOut": 72510753,
    "weightedAverageShsOutDil": 73298913,
    "link": "https://www.sec.gov/Archives/edgar/data/915912/000095013305001991/0000950133-05-001991-index.htm",
    "finalLink": "https://www.sec.gov/Archives/edgar/data/915912/000095013305001991/w08520e10vq.htm"
  },
  {
    "date": "2004-12-31",
    "symbol": "AVB",
    "reportedCurrency": "USD",
    "cik": "0000915912",
    "fillingDate": "2005-03-15",
    "acceptedDate": "2005-03-15 16:01:34",
    "calendarYear": "2004",
    "period": "Q4",
    "revenue": 161413000,
    "costOfRevenue": 0,
    "grossProfit": 161413000,
    "grossProfitRatio": 1,
    "researchAndDevelopmentExpenses": 0,
    "generalAndAdministrativeExpenses": 6303000,
    "sellingAndMarketingExpenses": 0,
    "sellingGeneralAndAdministrativeExpenses": 6303000,
    "otherExpenses": 100432000,
    "operatingExpenses": 106735000,
    "costAndExpenses": 106735000,
    "interestIncome": 0,
    "interestExpense": 131314000,
    "depreciationAndAmortization": 41613000,
    "ebitda": 96291000,
    "ebitdaratio": 0.5965504637,
    "operatingIncome": 54678000,
    "operatingIncomeRatio": 0.3387459498,
    "totalOtherIncomeExpensesNet": -54678000,
    "incomeBeforeTax": 219745000,
    "incomeBeforeTaxRatio": 1.3613835317,
    "incomeTaxExpense": 105677000,
    "netIncome": 111894000,
    "netIncomeRatio": 0.6932155403,
    "eps": 1.57,
    "epsdiluted": 1.56,
    "weightedAverageShsOut": 72510753,
    "weightedAverageShsOutDil": 73298913,
    "link": "https://www.sec.gov/Archives/edgar/data/915912/000095013305001041/0000950133-05-001041-index.htm",
    "finalLink": "https://www.sec.gov/Archives/edgar/data/915912/000095013305001041/w06189e10vk.htm"
  },
  {
    "date": "2004-09-30",
    "symbol": "AVB",
    "reportedCurrency": "USD",
    "cik": "0000915912",
    "fillingDate": "2004-11-04",
    "acceptedDate": "2004-11-04 16:09:18",
    "calendarYear": "2004",
    "period": "Q3",
    "revenue": 155913000,
    "costOfRevenue": 0,
    "grossProfit": 155913000,
    "grossProfitRatio": 1,
    "researchAndDevelopmentExpenses": 0,
    "generalAndAdministrativeExpenses": 3898000,
    "sellingAndMarketingExpenses": 0,
    "sellingGeneralAndAdministrativeExpenses": 3898000,
    "otherExpenses": 101421000,
    "operatingExpenses": 105319000,
    "costAndExpenses": 105319000,
    "interestIncome": 0,
    "interestExpense": 33240000,
    "depreciationAndAmortization": 43792000,
    "ebitda": 94386000,
    "ebitdaratio": 0.6053760751,
    "operatingIncome": 50594000,
    "operatingIncomeRatio": 0.3245014848,
    "totalOtherIncomeExpensesNet": -50594000,
    "incomeBeforeTax": 45366000,
    "incomeBeforeTaxRatio": 0.290969964,
    "incomeTaxExpense": -54256000,
    "netIncome": 43191000,
    "netIncomeRatio": 0.2770198765,
    "eps": 0.6,
    "epsdiluted": 0.6,
    "weightedAverageShsOut": 71985000,
    "weightedAverageShsOutDil": 71985000,
    "link": "https://www.sec.gov/Archives/edgar/data/915912/000095013304004069/0000950133-04-004069-index.htm",
    "finalLink": "https://www.sec.gov/Archives/edgar/data/915912/000095013304004069/w68272e10vq.htm"
  },
  {
    "date": "2004-06-30",
    "symbol": "AVB",
    "reportedCurrency": "USD",
    "cik": "0000915912",
    "fillingDate": "2004-08-06",
    "acceptedDate": "2004-08-06 13:59:41",
    "calendarYear": "2004",
    "period": "Q2",
    "revenue": 157414000,
    "costOfRevenue": 0,
    "grossProfit": 157414000,
    "grossProfitRatio": 1,
    "researchAndDevelopmentExpenses": 0,
    "generalAndAdministrativeExpenses": 4071000,
    "sellingAndMarketingExpenses": 415000,
    "sellingGeneralAndAdministrativeExpenses": 4486000,
    "otherExpenses": 100169000,
    "operatingExpenses": 104655000,
    "costAndExpenses": 104655000,
    "interestIncome": 0,
    "interestExpense": 0,
    "depreciationAndAmortization": 41436000,
    "ebitda": 94195000,
    "ebitdaratio": 0.5983902321,
    "operatingIncome": 52759000,
    "operatingIncomeRatio": 0.3351607862,
    "totalOtherIncomeExpensesNet": -52759000,
    "incomeBeforeTax": 0,
    "incomeBeforeTaxRatio": 0,
    "incomeTaxExpense": 19959000,
    "netIncome": 32859000,
    "netIncomeRatio": 0.2087425515,
    "eps": 0.46,
    "epsdiluted": 0.46,
    "weightedAverageShsOut": 71432609,
    "weightedAverageShsOutDil": 71432609,
    "link": "https://www.sec.gov/Archives/edgar/data/915912/000095013304003068/0000950133-04-003068-index.htm",
    "finalLink": "https://www.sec.gov/Archives/edgar/data/915912/000095013304003068/w99702e10vq.htm"
  },
  {
    "date": "2004-03-31",
    "symbol": "AVB",
    "reportedCurrency": "USD",
    "cik": "0000915912",
    "fillingDate": "2004-05-07",
    "acceptedDate": "2004-05-07 16:04:56",
    "calendarYear": "2004",
    "period": "Q1",
    "revenue": 153428000,
    "costOfRevenue": 0,
    "grossProfit": 153428000,
    "grossProfitRatio": 1,
    "researchAndDevelopmentExpenses": 0,
    "generalAndAdministrativeExpenses": 3971000,
    "sellingAndMarketingExpenses": 742000,
    "sellingGeneralAndAdministrativeExpenses": 4713000,
    "otherExpenses": 98435000,
    "operatingExpenses": 103148000,
    "costAndExpenses": 103148000,
    "interestIncome": 0,
    "interestExpense": 0,
    "depreciationAndAmortization": 40758000,
    "ebitda": 91038000,
    "ebitdaratio": 0.5933597518,
    "operatingIncome": 50280000,
    "operatingIncomeRatio": 0.3277107177,
    "totalOtherIncomeExpensesNet": -50280000,
    "incomeBeforeTax": 0,
    "incomeBeforeTaxRatio": 0,
    "incomeTaxExpense": 26528000,
    "netIncome": 23102000,
    "netIncomeRatio": 0.1505722554,
    "eps": 0.33,
    "epsdiluted": 0.32,
    "weightedAverageShsOut": 70006061,
    "weightedAverageShsOutDil": 72193750,
    "link": "https://www.sec.gov/Archives/edgar/data/915912/000095013304001858/0000950133-04-001858-index.htm",
    "finalLink": "https://www.sec.gov/Archives/edgar/data/915912/000095013304001858/w97032e10vq.htm"
  },
  {
    "date": "2003-12-31",
    "symbol": "AVB",
    "reportedCurrency": "USD",
    "cik": "0000915912",
    "fillingDate": "2004-03-05",
    "acceptedDate": "2004-03-05 14:00:33",
    "calendarYear": "2003",
    "period": "Q4",
    "revenue": 155233000,
    "costOfRevenue": 0,
    "grossProfit": 155233000,
    "grossProfitRatio": 1,
    "researchAndDevelopmentExpenses": 0,
    "generalAndAdministrativeExpenses": 3098000,
    "sellingAndMarketingExpenses": 0,
    "sellingGeneralAndAdministrativeExpenses": 3098000,
    "otherExpenses": 233057000,
    "operatingExpenses": 236155000,
    "costAndExpenses": 236155000,
    "interestIncome": 0,
    "interestExpense": 134911000,
    "depreciationAndAmortization": 40490000,
    "ebitda": -40432000,
    "ebitdaratio": -0.2604600826,
    "operatingIncome": -80922000,
    "operatingIncomeRatio": -0.5212937971,
    "totalOtherIncomeExpensesNet": 80922000,
    "incomeBeforeTax": 271525000,
    "incomeBeforeTaxRatio": 1.7491448339,
    "incomeTaxExpense": 171243000,
    "netIncome": 98108000,
    "netIncomeRatio": 0.6320047928,
    "eps": 1.43,
    "epsdiluted": 1.39,
    "weightedAverageShsOut": 70006061,
    "weightedAverageShsOutDil": 72193750,
    "link": "https://www.sec.gov/Archives/edgar/data/915912/000095013304000742/0000950133-04-000742-index.htm",
    "finalLink": "https://www.sec.gov/Archives/edgar/data/915912/000095013304000742/w94643e10vk.htm"
  },
  {
    "date": "2003-09-30",
    "symbol": "AVB",
    "reportedCurrency": "USD",
    "cik": "0000915912",
    "fillingDate": "2003-11-07",
    "acceptedDate": "2003-11-07 17:13:55",
    "calendarYear": "2003",
    "period": "Q3",
    "revenue": 151182000,
    "costOfRevenue": 0,
    "grossProfit": 151182000,
    "grossProfitRatio": 1,
    "researchAndDevelopmentExpenses": 0,
    "generalAndAdministrativeExpenses": 3382000,
    "sellingAndMarketingExpenses": 0,
    "sellingGeneralAndAdministrativeExpenses": 3382000,
    "otherExpenses": 97590000,
    "operatingExpenses": 100972000,
    "costAndExpenses": 100972000,
    "interestIncome": 0,
    "interestExpense": 0,
    "depreciationAndAmortization": 39245000,
    "ebitda": 89455000,
    "ebitdaratio": 0.5917040388,
    "operatingIncome": 50210000,
    "operatingIncomeRatio": 0.3321162572,
    "totalOtherIncomeExpensesNet": -50210000,
    "incomeBeforeTax": 0,
    "incomeBeforeTaxRatio": 0,
    "incomeTaxExpense": -6539000,
    "netIncome": 55212000,
    "netIncomeRatio": 0.3652022066,
    "eps": 0.8,
    "epsdiluted": 0.79,
    "weightedAverageShsOut": 69015000,
    "weightedAverageShsOutDil": 69888608,
    "link": "https://www.sec.gov/Archives/edgar/data/915912/000095013303003760/0000950133-03-003760-index.htm",
    "finalLink": "https://www.sec.gov/Archives/edgar/data/915912/000095013303003760/w91401e10vq.htm"
  },
  {
    "date": "2003-06-30",
    "symbol": "AVB",
    "reportedCurrency": "USD",
    "cik": "0000915912",
    "fillingDate": "2003-08-08",
    "acceptedDate": "2003-08-08 11:31:22",
    "calendarYear": "2003",
    "period": "Q2",
    "revenue": 149348000,
    "costOfRevenue": 0,
    "grossProfit": 149348000,
    "grossProfitRatio": 1,
    "researchAndDevelopmentExpenses": 0,
    "generalAndAdministrativeExpenses": 3623000,
    "sellingAndMarketingExpenses": 0,
    "sellingGeneralAndAdministrativeExpenses": 3623000,
    "otherExpenses": 93565000,
    "operatingExpenses": 97188000,
    "costAndExpenses": 97188000,
    "interestIncome": 0,
    "interestExpense": 0,
    "depreciationAndAmortization": 39112000,
    "ebitda": 91272000,
    "ebitdaratio": 0.6111364062,
    "operatingIncome": 52160000,
    "operatingIncomeRatio": 0.3492514128,
    "totalOtherIncomeExpensesNet": -52160000,
    "incomeBeforeTax": 0,
    "incomeBeforeTaxRatio": 0,
    "incomeTaxExpense": -22251000,
    "netIncome": 73762000,
    "netIncomeRatio": 0.4938934569,
    "eps": 1.1,
    "epsdiluted": 1.08,
    "weightedAverageShsOut": 67056364,
    "weightedAverageShsOutDil": 68298148,
    "link": "https://www.sec.gov/Archives/edgar/data/915912/000095013303002748/0000950133-03-002748-index.htm",
    "finalLink": "https://www.sec.gov/Archives/edgar/data/915912/000095013303002748/w89041e10vq.htm"
  },
  {
    "date": "2003-03-31",
    "symbol": "AVB",
    "reportedCurrency": "USD",
    "cik": "0000915912",
    "fillingDate": "2003-05-14",
    "acceptedDate": "2003-05-14 17:11:31",
    "calendarYear": "2003",
    "period": "Q1",
    "revenue": 148002000,
    "costOfRevenue": 0,
    "grossProfit": 148002000,
    "grossProfitRatio": 1,
    "researchAndDevelopmentExpenses": 0,
    "generalAndAdministrativeExpenses": 3631000,
    "sellingAndMarketingExpenses": 0,
    "sellingGeneralAndAdministrativeExpenses": 3631000,
    "otherExpenses": 92904000,
    "operatingExpenses": 96535000,
    "costAndExpenses": 96535000,
    "interestIncome": 0,
    "interestExpense": 0,
    "depreciationAndAmortization": 39133000,
    "ebitda": 90600000,
    "ebitdaratio": 0.6121538898,
    "operatingIncome": 51467000,
    "operatingIncomeRatio": 0.3477453007,
    "totalOtherIncomeExpensesNet": -51467000,
    "incomeBeforeTax": 0,
    "incomeBeforeTaxRatio": 0,
    "incomeTaxExpense": 16517000,
    "netIncome": 33700000,
    "netIncomeRatio": 0.2276996257,
    "eps": 0.5,
    "epsdiluted": 0.49,
    "weightedAverageShsOut": 67400000,
    "weightedAverageShsOutDil": 68775510,
    "link": "https://www.sec.gov/Archives/edgar/data/915912/000095013303001851/0000950133-03-001851-index.htm",
    "finalLink": "https://www.sec.gov/Archives/edgar/data/915912/000095013303001851/w86470e10vq.htm"
  },
  {
    "date": "2002-12-31",
    "symbol": "AVB",
    "reportedCurrency": "USD",
    "cik": "0000915912",
    "fillingDate": "2003-03-11",
    "acceptedDate": "2003-03-11 17:12:25",
    "calendarYear": "2002",
    "period": "Q4",
    "revenue": 161347000,
    "costOfRevenue": 0,
    "grossProfit": 161347000,
    "grossProfitRatio": 1,
    "researchAndDevelopmentExpenses": 0,
    "generalAndAdministrativeExpenses": 0,
    "sellingAndMarketingExpenses": 0,
    "sellingGeneralAndAdministrativeExpenses": 4112000,
    "otherExpenses": 220635000,
    "operatingExpenses": 224747000,
    "costAndExpenses": 224747000,
    "interestIncome": 0,
    "interestExpense": 121380000,
    "depreciationAndAmortization": 39519000,
    "ebitda": -23881000,
    "ebitdaratio": -0.1480101892,
    "operatingIncome": -63400000,
    "operatingIncomeRatio": -0.3929419202,
    "totalOtherIncomeExpensesNet": 63400000,
    "incomeBeforeTax": 173618000,
    "incomeBeforeTaxRatio": 1.0760534748,
    "incomeTaxExpense": 106778000,
    "netIncome": 63033000,
    "netIncomeRatio": 0.3906673195,
    "eps": 0.99,
    "epsdiluted": 0.97,
    "weightedAverageShsOut": 67400000,
    "weightedAverageShsOutDil": 68775510,
    "link": "https://www.sec.gov/Archives/edgar/data/915912/000095013303000741/0000950133-03-000741-index.htm",
    "finalLink": "https://www.sec.gov/Archives/edgar/data/915912/000095013303000741/w83864e10vk.htm"
  },
  {
    "date": "2002-09-30",
    "symbol": "AVB",
    "reportedCurrency": "USD",
    "cik": "0000915912",
    "fillingDate": "2002-11-14",
    "acceptedDate": "2002-11-14 17:53:03",
    "calendarYear": "2002",
    "period": "Q3",
    "revenue": 148722000,
    "costOfRevenue": 0,
    "grossProfit": 148722000,
    "grossProfitRatio": 1,
    "researchAndDevelopmentExpenses": 0,
    "generalAndAdministrativeExpenses": 2966000,
    "sellingAndMarketingExpenses": 0,
    "sellingGeneralAndAdministrativeExpenses": 2966000,
    "otherExpenses": -93413000,
    "operatingExpenses": -90447000,
    "costAndExpenses": -90447000,
    "interestIncome": 0,
    "interestExpense": 31817000,
    "depreciationAndAmortization": 40687000,
    "ebitda": 279856000,
    "ebitdaratio": 1.8817390837,
    "operatingIncome": 239169000,
    "operatingIncomeRatio": 1.6081615363,
    "totalOtherIncomeExpensesNet": -239169000,
    "incomeBeforeTax": 28711000,
    "incomeBeforeTaxRatio": 0.1930514651,
    "incomeTaxExpense": 31680000,
    "netIncome": 28711000,
    "netIncomeRatio": 0.1930514651,
    "eps": 0.42,
    "epsdiluted": 0.4,
    "weightedAverageShsOut": 69154045,
    "weightedAverageShsOutDil": 71049699,
    "link": "https://www.sec.gov/Archives/edgar/data/915912/000095013302003818/0000950133-02-003818-index.htm",
    "finalLink": "https://www.sec.gov/Archives/edgar/data/915912/000095013302003818/w65686e10vq.htm"
  },
  {
    "date": "2002-06-30",
    "symbol": "AVB",
    "reportedCurrency": "USD",
    "cik": "0000915912",
    "fillingDate": "2002-08-14",
    "acceptedDate": "2002-08-14 18:06:11",
    "calendarYear": "2002",
    "period": "Q2",
    "revenue": 160785000,
    "costOfRevenue": 0,
    "grossProfit": 160785000,
    "grossProfitRatio": 1,
    "researchAndDevelopmentExpenses": 0,
    "generalAndAdministrativeExpenses": 3483000,
    "sellingAndMarketingExpenses": 0,
    "sellingGeneralAndAdministrativeExpenses": 3483000,
    "otherExpenses": 91994000,
    "operatingExpenses": 95477000,
    "costAndExpenses": 95477000,
    "interestIncome": 0,
    "interestExpense": 28550000,
    "depreciationAndAmortization": 36376000,
    "ebitda": 101684000,
    "ebitdaratio": 0.6324221787,
    "operatingIncome": 65308000,
    "operatingIncomeRatio": 0.4061821687,
    "totalOtherIncomeExpensesNet": -65308000,
    "incomeBeforeTax": 37346000,
    "incomeBeforeTaxRatio": 0.232272911,
    "incomeTaxExpense": 0,
    "netIncome": 32315000,
    "netIncomeRatio": 0.2009826787,
    "eps": 0.47,
    "epsdiluted": 0.46,
    "weightedAverageShsOut": 68755319,
    "weightedAverageShsOutDil": 70250000,
    "link": "https://www.sec.gov/Archives/edgar/data/915912/000095013302002994/0000950133-02-002994-index.htm",
    "finalLink": "https://www.sec.gov/Archives/edgar/data/915912/000095013302002994/w63046e10vq.htm"
  },
  {
    "date": "2002-03-31",
    "symbol": "AVB",
    "reportedCurrency": "USD",
    "cik": "0000915912",
    "fillingDate": "2002-05-15",
    "acceptedDate": "2002-05-15 16:16:19",
    "calendarYear": "2002",
    "period": "Q1",
    "revenue": 160104000,
    "costOfRevenue": 0,
    "grossProfit": 160104000,
    "grossProfitRatio": 1,
    "researchAndDevelopmentExpenses": 0,
    "generalAndAdministrativeExpenses": 3694000,
    "sellingAndMarketingExpenses": 0,
    "sellingGeneralAndAdministrativeExpenses": 3694000,
    "otherExpenses": 89393000,
    "operatingExpenses": 93087000,
    "costAndExpenses": 93087000,
    "interestIncome": 0,
    "interestExpense": 0,
    "depreciationAndAmortization": 34923000,
    "ebitda": 101940000,
    "ebitdaratio": 0.6367111378,
    "operatingIncome": 67017000,
    "operatingIncomeRatio": 0.4185841703,
    "totalOtherIncomeExpensesNet": -67017000,
    "incomeBeforeTax": 0,
    "incomeBeforeTaxRatio": 0,
    "incomeTaxExpense": 26296000,
    "netIncome": 35690000,
    "netIncomeRatio": 0.2229176036,
    "eps": 0.52,
    "epsdiluted": 0.51,
    "weightedAverageShsOut": 68634615,
    "weightedAverageShsOutDil": 69980392,
    "link": "https://www.sec.gov/Archives/edgar/data/915912/000095013302002015/0000950133-02-002015-index.htm",
    "finalLink": "https://www.sec.gov/Archives/edgar/data/915912/000095013302002015/w60632e10-q.htm"
  },
  {
    "date": "2001-12-31",
    "symbol": "AVB",
    "reportedCurrency": "USD",
    "cik": "0000915912",
    "fillingDate": "2002-03-26",
    "acceptedDate": "2002-03-26 00:00:00",
    "calendarYear": "2001",
    "period": "Q4",
    "revenue": 160272000,
    "costOfRevenue": 0,
    "grossProfit": 160272000,
    "grossProfitRatio": 1,
    "researchAndDevelopmentExpenses": 0,
    "generalAndAdministrativeExpenses": 0,
    "sellingAndMarketingExpenses": 0,
    "sellingGeneralAndAdministrativeExpenses": 4255000,
    "otherExpenses": 86794000,
    "operatingExpenses": 91049000,
    "costAndExpenses": 91049000,
    "interestIncome": 0,
    "interestExpense": 0,
    "depreciationAndAmortization": 36125000,
    "ebitda": 105348000,
    "ebitdaratio": 0.6573075771,
    "operatingIncome": 69223000,
    "operatingIncomeRatio": 0.4319095038,
    "totalOtherIncomeExpensesNet": -69223000,
    "incomeBeforeTax": 0,
    "incomeBeforeTaxRatio": 0,
    "incomeTaxExpense": 7011000,
    "netIncome": 56486000,
    "netIncomeRatio": 0.3524383548,
    "eps": 0.91,
    "epsdiluted": 0.89,
    "weightedAverageShsOut": 68634615,
    "weightedAverageShsOutDil": 69980392,
    "link": "https://www.sec.gov/Archives/edgar/data/915912/000095013302001204/0000950133-02-001204-index.htm",
    "finalLink": "https://www.sec.gov/Archives/edgar/data/915912/000095013302001204/w57832e10-k.txt"
  },
  {
    "date": "2001-09-30",
    "symbol": "AVB",
    "reportedCurrency": "USD",
    "cik": "0000915912",
    "fillingDate": "2001-11-14",
    "acceptedDate": "2001-11-14 00:00:00",
    "calendarYear": "2001",
    "period": "Q3",
    "revenue": 202515000,
    "costOfRevenue": 0,
    "grossProfit": 202515000,
    "grossProfitRatio": 1,
    "researchAndDevelopmentExpenses": 0,
    "generalAndAdministrativeExpenses": 3421000,
    "sellingAndMarketingExpenses": 0,
    "sellingGeneralAndAdministrativeExpenses": 3421000,
    "otherExpenses": -89992000,
    "operatingExpenses": -86571000,
    "costAndExpenses": -86571000,
    "interestIncome": 0,
    "interestExpense": 26701000,
    "depreciationAndAmortization": 35737000,
    "ebitda": 324823000,
    "ebitdaratio": 1.6039453868,
    "operatingIncome": 289086000,
    "operatingIncomeRatio": 1.427479446,
    "totalOtherIncomeExpensesNet": -289086000,
    "incomeBeforeTax": 86668000,
    "incomeBeforeTaxRatio": 0.4279584228,
    "incomeTaxExpense": 0,
    "netIncome": 79229000,
    "netIncomeRatio": 0.3912253413,
    "eps": 1.16,
    "epsdiluted": 1.14,
    "weightedAverageShsOut": 68100249,
    "weightedAverageShsOutDil": 70115873,
    "link": "https://www.sec.gov/Archives/edgar/data/915912/000110465901503410/0001104659-01-503410-index.htm",
    "finalLink": "https://www.sec.gov/Archives/edgar/data/915912/000110465901503410/j2052_10q.htm"
  },
  {
    "date": "2001-06-30",
    "symbol": "AVB",
    "reportedCurrency": "USD",
    "cik": "0000915912",
    "fillingDate": "2001-08-14",
    "acceptedDate": "2001-08-14 00:00:00",
    "calendarYear": "2001",
    "period": "Q2",
    "revenue": 162359000,
    "costOfRevenue": 0,
    "grossProfit": 162359000,
    "grossProfitRatio": 1,
    "researchAndDevelopmentExpenses": 0,
    "generalAndAdministrativeExpenses": 3743000,
    "sellingAndMarketingExpenses": 0,
    "sellingGeneralAndAdministrativeExpenses": 3743000,
    "otherExpenses": 85904000,
    "operatingExpenses": 89647000,
    "costAndExpenses": 89647000,
    "interestIncome": 0,
    "interestExpense": 25313000,
    "depreciationAndAmortization": 32989000,
    "ebitda": 105701000,
    "ebitdaratio": 0.6510325883,
    "operatingIncome": 72712000,
    "operatingIncomeRatio": 0.447847055,
    "totalOtherIncomeExpensesNet": -72712000,
    "incomeBeforeTax": 48518000,
    "incomeBeforeTaxRatio": 0.2988316016,
    "incomeTaxExpense": -35904000,
    "netIncome": 39131000,
    "netIncomeRatio": 0.241015281,
    "eps": 0.58,
    "epsdiluted": 0.57,
    "weightedAverageShsOut": 67467241,
    "weightedAverageShsOutDil": 68650877,
    "link": "https://www.sec.gov/Archives/edgar/data/915912/000110465901501957/0001104659-01-501957-index.htm",
    "finalLink": "https://www.sec.gov/Archives/edgar/data/915912/000110465901501957/j1234_10q.htm"
  },
  {
    "date": "2001-03-31",
    "symbol": "AVB",
    "reportedCurrency": "USD",
    "cik": "0000915912",
    "fillingDate": "2001-05-15",
    "acceptedDate": "2001-05-15 00:00:00",
    "calendarYear": "2001",
    "period": "Q1",
    "revenue": 155757000,
    "costOfRevenue": 0,
    "grossProfit": 155757000,
    "grossProfitRatio": 1,
    "researchAndDevelopmentExpenses": 0,
    "generalAndAdministrativeExpenses": 3805000,
    "sellingAndMarketingExpenses": 0,
    "sellingGeneralAndAdministrativeExpenses": 3805000,
    "otherExpenses": 83727000,
    "operatingExpenses": 87532000,
    "costAndExpenses": 87532000,
    "interestIncome": 0,
    "interestExpense": 23124000,
    "depreciationAndAmortization": 31563000,
    "ebitda": 99788000,
    "ebitdaratio": 0.640664625,
    "operatingIncome": 68225000,
    "operatingIncomeRatio": 0.4380220472,
    "totalOtherIncomeExpensesNet": -68225000,
    "incomeBeforeTax": 51599000,
    "incomeBeforeTaxRatio": 0.331278851,
    "incomeTaxExpense": 16626000,
    "netIncome": 41654000,
    "netIncomeRatio": 0.2674293932,
    "eps": 0.62,
    "epsdiluted": 0.61,
    "weightedAverageShsOut": 67183871,
    "weightedAverageShsOutDil": 68285246,
    "link": "https://www.sec.gov/Archives/edgar/data/915912/000110465901500839/0001104659-01-500839-index.htm",
    "finalLink": "https://www.sec.gov/Archives/edgar/data/915912/000110465901500839/j0631_10q.htm"
  },
  {
    "date": "2000-12-31",
    "symbol": "AVB",
    "reportedCurrency": "USD",
    "cik": "0000915912",
    "fillingDate": "2001-03-29",
    "acceptedDate": "2001-03-29 00:00:00",
    "calendarYear": "2000",
    "period": "Q4",
    "revenue": 151998000,
    "costOfRevenue": 0,
    "grossProfit": 151998000,
    "grossProfitRatio": 1,
    "researchAndDevelopmentExpenses": 0,
    "generalAndAdministrativeExpenses": 0,
    "sellingAndMarketingExpenses": 0,
    "sellingGeneralAndAdministrativeExpenses": 3422000,
    "otherExpenses": 81428000,
    "operatingExpenses": 84850000,
    "costAndExpenses": 84850000,
    "interestIncome": 0,
    "interestExpense": 0,
    "depreciationAndAmortization": 32406000,
    "ebitda": 99554000,
    "ebitdaratio": 0.6549691443,
    "operatingIncome": 67148000,
    "operatingIncomeRatio": 0.4417689706,
    "totalOtherIncomeExpensesNet": -67148000,
    "incomeBeforeTax": 0,
    "incomeBeforeTaxRatio": 0,
    "incomeTaxExpense": 12867000,
    "netIncome": 44336000,
    "netIncomeRatio": 0.2916880485,
    "eps": 0.81,
    "epsdiluted": 0.79,
    "weightedAverageShsOut": 67183871,
    "weightedAverageShsOutDil": 68285246,
    "link": "https://www.sec.gov/Archives/edgar/data/915912/000091205701008663/0000912057-01-008663-index.htm",
    "finalLink": "https://www.sec.gov/Archives/edgar/data/915912/000091205701008663/a2042133z10-k405.txt"
  },
  {
    "date": "2000-09-30",
    "symbol": "AVB",
    "reportedCurrency": "USD",
    "cik": "0000915912",
    "fillingDate": "2000-11-14",
    "acceptedDate": "2000-11-14 00:00:00",
    "calendarYear": "2000",
    "period": "Q3",
    "revenue": 162870000,
    "costOfRevenue": 0,
    "grossProfit": 162870000,
    "grossProfitRatio": 1,
    "researchAndDevelopmentExpenses": 0,
    "generalAndAdministrativeExpenses": 3359000,
    "sellingAndMarketingExpenses": 0,
    "sellingGeneralAndAdministrativeExpenses": 3359000,
    "otherExpenses": -82506000,
    "operatingExpenses": -79147000,
    "costAndExpenses": -79147000,
    "interestIncome": 0,
    "interestExpense": 0,
    "depreciationAndAmortization": 31894000,
    "ebitda": 273911000,
    "ebitdaratio": 1.6817768773,
    "operatingIncome": 242017000,
    "operatingIncomeRatio": 1.4859519862,
    "totalOtherIncomeExpensesNet": -242017000,
    "incomeBeforeTax": 78366000,
    "incomeBeforeTaxRatio": 0.4811567508,
    "incomeTaxExpense": 5351000,
    "netIncome": 48550000,
    "netIncomeRatio": 0.2980905016,
    "eps": 0.73,
    "epsdiluted": 0.71,
    "weightedAverageShsOut": 66490846,
    "weightedAverageShsOutDil": 68615664,
    "link": "https://www.sec.gov/Archives/edgar/data/915912/000095013300004531/0000950133-00-004531-index.htm",
    "finalLink": "https://www.sec.gov/Archives/edgar/data/915912/000095013300004531/w42219e10-q.txt"
  },
  {
    "date": "2000-06-30",
    "symbol": "AVB",
    "reportedCurrency": "USD",
    "cik": "0000915912",
    "fillingDate": "2000-08-14",
    "acceptedDate": "2000-08-14 00:00:00",
    "calendarYear": "2000",
    "period": "Q2",
    "revenue": 152450000,
    "costOfRevenue": 0,
    "grossProfit": 152450000,
    "grossProfitRatio": 1,
    "researchAndDevelopmentExpenses": 0,
    "generalAndAdministrativeExpenses": 3285000,
    "sellingAndMarketingExpenses": 0,
    "sellingGeneralAndAdministrativeExpenses": 3285000,
    "otherExpenses": -80955000,
    "operatingExpenses": -77670000,
    "costAndExpenses": -77670000,
    "interestIncome": 0,
    "interestExpense": 0,
    "depreciationAndAmortization": 33228000,
    "ebitda": 263348000,
    "ebitdaratio": 1.7274385044,
    "operatingIncome": 230120000,
    "operatingIncomeRatio": 1.5094785175,
    "totalOtherIncomeExpensesNet": -230120000,
    "incomeBeforeTax": 69845000,
    "incomeBeforeTaxRatio": 0.4581502132,
    "incomeTaxExpense": 8346000,
    "netIncome": 40712000,
    "netIncomeRatio": 0.2670514923,
    "eps": 0.62,
    "epsdiluted": 0.61,
    "weightedAverageShsOut": 66098506,
    "weightedAverageShsOutDil": 67893518,
    "link": "https://www.sec.gov/Archives/edgar/data/915912/000095013300003421/0000950133-00-003421-index.htm",
    "finalLink": "https://www.sec.gov/Archives/edgar/data/915912/000095013300003421/e10-q.txt"
  },
  {
    "date": "2000-03-31",
    "symbol": "AVB",
    "reportedCurrency": "USD",
    "cik": "0000915912",
    "fillingDate": "2000-05-15",
    "acceptedDate": "2000-05-15 00:00:00",
    "calendarYear": "2000",
    "period": "Q1",
    "revenue": 135088000,
    "costOfRevenue": 0,
    "grossProfit": 135088000,
    "grossProfitRatio": 1,
    "researchAndDevelopmentExpenses": 0,
    "generalAndAdministrativeExpenses": 2947000,
    "sellingAndMarketingExpenses": 0,
    "sellingGeneralAndAdministrativeExpenses": 2947000,
    "otherExpenses": 73987000,
    "operatingExpenses": 76934000,
    "costAndExpenses": 76934000,
    "interestIncome": 0,
    "interestExpense": 0,
    "depreciationAndAmortization": 30667000,
    "ebitda": 88821000,
    "ebitdaratio": 0.6575047377,
    "operatingIncome": 58154000,
    "operatingIncomeRatio": 0.4304897548,
    "totalOtherIncomeExpensesNet": -58154000,
    "incomeBeforeTax": 0,
    "incomeBeforeTaxRatio": 0,
    "incomeTaxExpense": 10982000,
    "netIncome": 37227000,
    "netIncomeRatio": 0.2755759209,
    "eps": 0.56,
    "epsdiluted": 0.55,
    "weightedAverageShsOut": 66476786,
    "weightedAverageShsOutDil": 67685455,
    "link": "https://www.sec.gov/Archives/edgar/data/915912/000095013300002085/0000950133-00-002085-index.html",
    "finalLink": "https://www.sec.gov/Archives/edgar/data/915912/000095013300002085/"
  },
  {
    "date": "1999-12-31",
    "symbol": "AVB",
    "reportedCurrency": "USD",
    "cik": "0000915912",
    "fillingDate": "2000-03-10",
    "acceptedDate": "2000-03-10 00:00:00",
    "calendarYear": "1999",
    "period": "Q4",
    "revenue": 112044000,
    "costOfRevenue": 0,
    "grossProfit": 112044000,
    "grossProfitRatio": 1,
    "researchAndDevelopmentExpenses": 0,
    "generalAndAdministrativeExpenses": 0,
    "sellingAndMarketingExpenses": 0,
    "sellingGeneralAndAdministrativeExpenses": 2402000,
    "otherExpenses": 525214000,
    "operatingExpenses": 527616000,
    "costAndExpenses": 527616000,
    "interestIncome": 0,
    "interestExpense": 0,
    "depreciationAndAmortization": 29823000,
    "ebitda": -385749000,
    "ebitdaratio": -3.4428349577,
    "operatingIncome": -415572000,
    "operatingIncomeRatio": -3.7090071758,
    "totalOtherIncomeExpensesNet": 415572000,
    "incomeBeforeTax": 0,
    "incomeBeforeTaxRatio": 0,
    "incomeTaxExpense": -489848000,
    "netIncome": 64297000,
    "netIncomeRatio": 0.5738549141,
    "eps": 1.12,
    "epsdiluted": 1.1,
    "weightedAverageShsOut": 66476786,
    "weightedAverageShsOutDil": 67685455,
    "link": "https://www.sec.gov/Archives/edgar/data/915912/000095013300000877/0000950133-00-000877-index.html",
    "finalLink": "https://www.sec.gov/Archives/edgar/data/915912/000095013300000877/"
  },
  {
    "date": "1999-09-30",
    "symbol": "AVB",
    "reportedCurrency": "USD",
    "cik": "0000915912",
    "fillingDate": "1999-11-12",
    "acceptedDate": "1999-11-12 00:00:00",
    "calendarYear": "1999",
    "period": "Q3",
    "revenue": 140900000,
    "costOfRevenue": 0,
    "grossProfit": 140900000,
    "grossProfitRatio": 1,
    "researchAndDevelopmentExpenses": 0,
    "generalAndAdministrativeExpenses": 2300000,
    "sellingAndMarketingExpenses": 0,
    "sellingGeneralAndAdministrativeExpenses": 2300000,
    "otherExpenses": -76600000,
    "operatingExpenses": -74300000,
    "costAndExpenses": -74300000,
    "interestIncome": 0,
    "interestExpense": 0,
    "depreciationAndAmortization": 29300000,
    "ebitda": 244500000,
    "ebitdaratio": 1.7352732434,
    "operatingIncome": 215200000,
    "operatingIncomeRatio": 1.5273243435,
    "totalOtherIncomeExpensesNet": -215200000,
    "incomeBeforeTax": 222100000,
    "incomeBeforeTaxRatio": 1.5762952449,
    "incomeTaxExpense": 171100000,
    "netIncome": 34200000,
    "netIncomeRatio": 0.2427253371,
    "eps": 0.52,
    "epsdiluted": 0.52,
    "weightedAverageShsOut": 65769231,
    "weightedAverageShsOutDil": 65769231,
    "link": "https://www.sec.gov/Archives/edgar/data/915912/000095013399003534/0000950133-99-003534-index.html",
    "finalLink": "https://www.sec.gov/Archives/edgar/data/915912/000095013399003534/"
  },
  {
    "date": "1999-06-30",
    "symbol": "AVB",
    "reportedCurrency": "USD",
    "cik": "0000915912",
    "fillingDate": "1999-08-16",
    "acceptedDate": "1999-08-16 00:00:00",
    "calendarYear": "1999",
    "period": "Q2",
    "revenue": 154300000,
    "costOfRevenue": 0,
    "grossProfit": 154300000,
    "grossProfitRatio": 1,
    "researchAndDevelopmentExpenses": 0,
    "generalAndAdministrativeExpenses": 2400000,
    "sellingAndMarketingExpenses": 0,
    "sellingGeneralAndAdministrativeExpenses": 2400000,
    "otherExpenses": -72000000,
    "operatingExpenses": -69600000,
    "costAndExpenses": -69600000,
    "interestIncome": 0,
    "interestExpense": 0,
    "depreciationAndAmortization": 26900000,
    "ebitda": 250800000,
    "ebitdaratio": 1.6254050551,
    "operatingIncome": 223900000,
    "operatingIncomeRatio": 1.4510693454,
    "totalOtherIncomeExpensesNet": -223900000,
    "incomeBeforeTax": 195500000,
    "incomeBeforeTaxRatio": 1.2670123137,
    "incomeTaxExpense": 161200000,
    "netIncome": 34200000,
    "netIncomeRatio": 0.2216461439,
    "eps": 0.53,
    "epsdiluted": 0.52,
    "weightedAverageShsOut": 64478959,
    "weightedAverageShsOutDil": 65868570,
    "link": "https://www.sec.gov/Archives/edgar/data/915912/000095013399002832/0000950133-99-002832-index.html",
    "finalLink": "https://www.sec.gov/Archives/edgar/data/915912/000095013399002832/"
  },
  {
    "date": "1999-03-31",
    "symbol": "AVB",
    "reportedCurrency": "USD",
    "cik": "0000915912",
    "fillingDate": "1999-05-14",
    "acceptedDate": "1999-05-14 00:00:00",
    "calendarYear": "1999",
    "period": "Q1",
    "revenue": 121300000,
    "costOfRevenue": 0,
    "grossProfit": 121300000,
    "grossProfitRatio": 1,
    "researchAndDevelopmentExpenses": 0,
    "generalAndAdministrativeExpenses": 2400000,
    "sellingAndMarketingExpenses": 0,
    "sellingGeneralAndAdministrativeExpenses": 2400000,
    "otherExpenses": -73000000,
    "operatingExpenses": -70600000,
    "costAndExpenses": -70600000,
    "interestIncome": 0,
    "interestExpense": 0,
    "depreciationAndAmortization": 27700000,
    "ebitda": 219600000,
    "ebitdaratio": 1.8103874691,
    "operatingIncome": 191900000,
    "operatingIncomeRatio": 1.5820280297,
    "totalOtherIncomeExpensesNet": -191900000,
    "incomeBeforeTax": 185200000,
    "incomeBeforeTaxRatio": 1.526793075,
    "incomeTaxExpense": 176800000,
    "netIncome": 19800000,
    "netIncomeRatio": 0.163231657,
    "eps": 0.31,
    "epsdiluted": 0.31,
    "weightedAverageShsOut": 64108000,
    "weightedAverageShsOutDil": 64108000,
    "link": "https://www.sec.gov/Archives/edgar/data/915912/000095013399001832/0000950133-99-001832-index.html",
    "finalLink": "https://www.sec.gov/Archives/edgar/data/915912/"
  },
  {
    "date": "1998-12-31",
    "symbol": "AVB",
    "reportedCurrency": "USD",
    "cik": "0000915912",
    "fillingDate": "1999-03-31",
    "acceptedDate": "1999-03-31 00:00:00",
    "calendarYear": "1998",
    "period": "Q4",
    "revenue": 116084000,
    "costOfRevenue": 0,
    "grossProfit": 116084000,
    "grossProfitRatio": 1,
    "researchAndDevelopmentExpenses": 0,
    "generalAndAdministrativeExpenses": 2174000,
    "sellingAndMarketingExpenses": 0,
    "sellingGeneralAndAdministrativeExpenses": 2174000,
    "otherExpenses": 341717000,
    "operatingExpenses": 343891000,
    "costAndExpenses": 343891000,
    "interestIncome": 0,
    "interestExpense": 0,
    "depreciationAndAmortization": 31524000,
    "ebitda": -196283000,
    "ebitdaratio": -1.6908704042,
    "operatingIncome": -227807000,
    "operatingIncomeRatio": -1.9624323766,
    "totalOtherIncomeExpensesNet": 227807000,
    "incomeBeforeTax": 0,
    "incomeBeforeTaxRatio": 0,
    "incomeTaxExpense": -259541000,
    "netIncome": 31734000,
    "netIncomeRatio": 0.2733710072,
    "eps": 0.5,
    "epsdiluted": 0.48,
    "weightedAverageShsOut": 63844000,
    "weightedAverageShsOutDil": 66000000,
    "link": "https://www.sec.gov/Archives/edgar/data/915912/000095013399001129/0000950133-99-001129-index.html",
    "finalLink": "https://www.sec.gov/Archives/edgar/data/915912/"
  },
  {
    "date": "1998-09-30",
    "symbol": "AVB",
    "reportedCurrency": "USD",
    "cik": "0000915912",
    "fillingDate": "1998-11-16",
    "acceptedDate": "1998-11-16 00:00:00",
    "calendarYear": "1998",
    "period": "Q3",
    "revenue": 119900000,
    "costOfRevenue": 0,
    "grossProfit": 119900000,
    "grossProfitRatio": 1,
    "researchAndDevelopmentExpenses": 0,
    "generalAndAdministrativeExpenses": 2600000,
    "sellingAndMarketingExpenses": 0,
    "sellingGeneralAndAdministrativeExpenses": 2600000,
    "otherExpenses": -69600000,
    "operatingExpenses": -67000000,
    "costAndExpenses": -67000000,
    "interestIncome": 0,
    "interestExpense": 0,
    "depreciationAndAmortization": 24200000,
    "ebitda": 211100000,
    "ebitdaratio": 1.7606338616,
    "operatingIncome": 186900000,
    "operatingIncomeRatio": 1.5587989992,
    "totalOtherIncomeExpensesNet": -186900000,
    "incomeBeforeTax": 0,
    "incomeBeforeTaxRatio": 0,
    "incomeTaxExpense": 155400000,
    "netIncome": 23700000,
    "netIncomeRatio": 0.1976647206,
    "eps": 0.37,
    "epsdiluted": 0.37,
    "weightedAverageShsOut": 64054054,
    "weightedAverageShsOutDil": 64054054,
    "link": "https://www.sec.gov/Archives/edgar/data/915912/000095013598005962/0000950135-98-005962-index.html",
    "finalLink": "https://www.sec.gov/Archives/edgar/data/915912/"
  },
  {
    "date": "1998-06-30",
    "symbol": "AVB",
    "reportedCurrency": "USD",
    "cik": "0000915912",
    "fillingDate": "1998-08-14",
    "acceptedDate": "1998-08-14 00:00:00",
    "calendarYear": "1998",
    "period": "Q2",
    "revenue": 70800000,
    "costOfRevenue": 0,
    "grossProfit": 70800000,
    "grossProfitRatio": 1,
    "researchAndDevelopmentExpenses": 0,
    "generalAndAdministrativeExpenses": 1800000,
    "sellingAndMarketingExpenses": 0,
    "sellingGeneralAndAdministrativeExpenses": 1800000,
    "otherExpenses": -41100000,
    "operatingExpenses": -39300000,
    "costAndExpenses": -39300000,
    "interestIncome": 0,
    "interestExpense": 0,
    "depreciationAndAmortization": 14600000,
    "ebitda": 124700000,
    "ebitdaratio": 1.761299435,
    "operatingIncome": 110100000,
    "operatingIncomeRatio": 1.5550847458,
    "totalOtherIncomeExpensesNet": -110100000,
    "incomeBeforeTax": 0,
    "incomeBeforeTaxRatio": 0,
    "incomeTaxExpense": 92500000,
    "netIncome": 13700000,
    "netIncomeRatio": 0.1935028249,
    "eps": 0.35,
    "epsdiluted": 0.34,
    "weightedAverageShsOut": 26470588,
    "weightedAverageShsOutDil": 26470588,
    "link": "https://www.sec.gov/Archives/edgar/data/915912/000095013398003107/0000950133-98-003107-index.html",
    "finalLink": "https://www.sec.gov/Archives/edgar/data/915912/"
  },
  {
    "date": "1998-03-31",
    "symbol": "AVB",
    "reportedCurrency": "USD",
    "cik": "0000915912",
    "fillingDate": "1998-05-15",
    "acceptedDate": "1998-05-15 00:00:00",
    "calendarYear": "1998",
    "period": "Q1",
    "revenue": 45400000,
    "costOfRevenue": 0,
    "grossProfit": 45400000,
    "grossProfitRatio": 1,
    "researchAndDevelopmentExpenses": 0,
    "generalAndAdministrativeExpenses": 1200000,
    "sellingAndMarketingExpenses": 0,
    "sellingGeneralAndAdministrativeExpenses": 1200000,
    "otherExpenses": -26000000,
    "operatingExpenses": -24800000,
    "costAndExpenses": -24800000,
    "interestIncome": 0,
    "interestExpense": 0,
    "depreciationAndAmortization": 9900000,
    "ebitda": 80100000,
    "ebitdaratio": 1.7643171806,
    "operatingIncome": 70200000,
    "operatingIncomeRatio": 1.5462555066,
    "totalOtherIncomeExpensesNet": -70200000,
    "incomeBeforeTax": 0,
    "incomeBeforeTaxRatio": 0,
    "incomeTaxExpense": 56400000,
    "netIncome": 13000000,
    "netIncomeRatio": 0.2863436123,
    "eps": 0.49,
    "epsdiluted": 0.49,
    "weightedAverageShsOut": 26470588,
    "weightedAverageShsOutDil": 26470588,
    "link": "https://www.sec.gov/Archives/edgar/data/915912/000089161898002443/0000891618-98-002443-index.html",
    "finalLink": "https://www.sec.gov/Archives/edgar/data/915912/"
  },
  {
    "date": "1997-12-31",
    "symbol": "AVB",
    "reportedCurrency": "USD",
    "cik": "0000915912",
    "fillingDate": "1998-03-31",
    "acceptedDate": "1998-03-31 00:00:00",
    "calendarYear": "1997",
    "period": "Q4",
    "revenue": 37234000,
    "costOfRevenue": 0,
    "grossProfit": 37234000,
    "grossProfitRatio": 1,
    "researchAndDevelopmentExpenses": 0,
    "generalAndAdministrativeExpenses": 1708000,
    "sellingAndMarketingExpenses": 0,
    "sellingGeneralAndAdministrativeExpenses": 1708000,
    "otherExpenses": 131515000,
    "operatingExpenses": 133223000,
    "costAndExpenses": 133223000,
    "interestIncome": 0,
    "interestExpense": 0,
    "depreciationAndAmortization": 7909000,
    "ebitda": -88080000,
    "ebitdaratio": -2.3655798464,
    "operatingIncome": -95989000,
    "operatingIncomeRatio": -2.577993232,
    "totalOtherIncomeExpensesNet": 95989000,
    "incomeBeforeTax": 0,
    "incomeBeforeTaxRatio": 0,
    "incomeTaxExpense": -108030000,
    "netIncome": 9361000,
    "netIncomeRatio": 0.2514100016,
    "eps": 0.45,
    "epsdiluted": 0.45,
    "weightedAverageShsOut": 26078000,
    "weightedAverageShsOutDil": 26470588,
    "link": "https://www.sec.gov/Archives/edgar/data/915912/000089161898001425/0000891618-98-001425-index.html",
    "finalLink": "https://www.sec.gov/Archives/edgar/data/915912/"
  },
  {
    "date": "1997-09-30",
    "symbol": "AVB",
    "reportedCurrency": "USD",
    "cik": "0000915912",
    "fillingDate": "1997-11-13",
    "acceptedDate": "1997-11-13 00:00:00",
    "calendarYear": "1997",
    "period": "Q3",
    "revenue": 32700000,
    "costOfRevenue": 0,
    "grossProfit": 32700000,
    "grossProfitRatio": 1,
    "researchAndDevelopmentExpenses": 0,
    "generalAndAdministrativeExpenses": 1700000,
    "sellingAndMarketingExpenses": 0,
    "sellingGeneralAndAdministrativeExpenses": 1700000,
    "otherExpenses": -18800000,
    "operatingExpenses": -17100000,
    "costAndExpenses": -17100000,
    "interestIncome": 0,
    "interestExpense": 0,
    "depreciationAndAmortization": 7000000,
    "ebitda": 56800000,
    "ebitdaratio": 1.7370030581,
    "operatingIncome": 49800000,
    "operatingIncomeRatio": 1.5229357798,
    "totalOtherIncomeExpensesNet": -49800000,
    "incomeBeforeTax": 0,
    "incomeBeforeTaxRatio": 0,
    "incomeTaxExpense": 39200000,
    "netIncome": 8200000,
    "netIncomeRatio": 0.250764526,
    "eps": 0.36,
    "epsdiluted": 0.36,
    "weightedAverageShsOut": 22777778,
    "weightedAverageShsOutDil": 22777778,
    "link": "https://www.sec.gov/Archives/edgar/data/915912/000089161897004583/0000891618-97-004583-index.html",
    "finalLink": "https://www.sec.gov/Archives/edgar/data/915912/"
  },
  {
    "date": "1997-06-30",
    "symbol": "AVB",
    "reportedCurrency": "USD",
    "cik": "0000915912",
    "fillingDate": "1997-08-14",
    "acceptedDate": "1997-08-14 00:00:00",
    "calendarYear": "1997",
    "period": "Q2",
    "revenue": 29800000,
    "costOfRevenue": 0,
    "grossProfit": 29800000,
    "grossProfitRatio": 1,
    "researchAndDevelopmentExpenses": 0,
    "generalAndAdministrativeExpenses": 1500000,
    "sellingAndMarketingExpenses": 0,
    "sellingGeneralAndAdministrativeExpenses": 1500000,
    "otherExpenses": -17400000,
    "operatingExpenses": -15900000,
    "costAndExpenses": -15900000,
    "interestIncome": 0,
    "interestExpense": 0,
    "depreciationAndAmortization": 6400000,
    "ebitda": 52100000,
    "ebitdaratio": 1.7483221477,
    "operatingIncome": 45700000,
    "operatingIncomeRatio": 1.533557047,
    "totalOtherIncomeExpensesNet": -45700000,
    "incomeBeforeTax": 0,
    "incomeBeforeTaxRatio": 0,
    "incomeTaxExpense": 37200000,
    "netIncome": 7200000,
    "netIncomeRatio": 0.2416107383,
    "eps": 0.33,
    "epsdiluted": 0.33,
    "weightedAverageShsOut": 21818182,
    "weightedAverageShsOutDil": 21818182,
    "link": "https://www.sec.gov/Archives/edgar/data/915912/000089161897003435/0000891618-97-003435-index.html",
    "finalLink": "https://www.sec.gov/Archives/edgar/data/915912/"
  },
  {
    "date": "1997-03-31",
    "symbol": "AVB",
    "reportedCurrency": "USD",
    "cik": "0000915912",
    "fillingDate": "1997-05-15",
    "acceptedDate": "1997-05-15 00:00:00",
    "calendarYear": "1997",
    "period": "Q1",
    "revenue": 26300000,
    "costOfRevenue": 0,
    "grossProfit": 26300000,
    "grossProfitRatio": 1,
    "researchAndDevelopmentExpenses": 0,
    "generalAndAdministrativeExpenses": 1400000,
    "sellingAndMarketingExpenses": 0,
    "sellingGeneralAndAdministrativeExpenses": 1400000,
    "otherExpenses": -15000000,
    "operatingExpenses": -13600000,
    "costAndExpenses": -13600000,
    "interestIncome": 0,
    "interestExpense": 0,
    "depreciationAndAmortization": 5700000,
    "ebitda": 45600000,
    "ebitdaratio": 1.7338403042,
    "operatingIncome": 39900000,
    "operatingIncomeRatio": 1.5171102662,
    "totalOtherIncomeExpensesNet": -39900000,
    "incomeBeforeTax": 0,
    "incomeBeforeTaxRatio": 0,
    "incomeTaxExpense": 32100000,
    "netIncome": 6700000,
    "netIncomeRatio": 0.2547528517,
    "eps": 0.33,
    "epsdiluted": 0.33,
    "weightedAverageShsOut": 20303030,
    "weightedAverageShsOutDil": 20303030,
    "link": "https://www.sec.gov/Archives/edgar/data/915912/000089161897002329/0000891618-97-002329-index.html",
    "finalLink": "https://www.sec.gov/Archives/edgar/data/915912/"
  },
  {
    "date": "1996-12-31",
    "symbol": "AVB",
    "reportedCurrency": "USD",
    "cik": "0000915912",
    "fillingDate": "1997-03-28",
    "acceptedDate": "1997-03-28 00:00:00",
    "calendarYear": "1996",
    "period": "Q4",
    "revenue": 24693000,
    "costOfRevenue": 0,
    "grossProfit": 24693000,
    "grossProfitRatio": 1,
    "researchAndDevelopmentExpenses": 0,
    "generalAndAdministrativeExpenses": 1195000,
    "sellingAndMarketingExpenses": 0,
    "sellingGeneralAndAdministrativeExpenses": 1195000,
    "otherExpenses": 91942000,
    "operatingExpenses": 93137000,
    "costAndExpenses": 93137000,
    "interestIncome": 0,
    "interestExpense": 0,
    "depreciationAndAmortization": 5389000,
    "ebitda": -63055000,
    "ebitdaratio": -2.5535576884,
    "operatingIncome": -68444000,
    "operatingIncomeRatio": -2.7717976755,
    "totalOtherIncomeExpensesNet": 68444000,
    "incomeBeforeTax": 0,
    "incomeBeforeTaxRatio": 0,
    "incomeTaxExpense": -75470000,
    "netIncome": 7026000,
    "netIncomeRatio": 0.2845340785,
    "eps": 0.35,
    "epsdiluted": 0.35,
    "weightedAverageShsOut": 20303030,
    "weightedAverageShsOutDil": 20303030,
    "link": "https://www.sec.gov/Archives/edgar/data/915912/000089161897001442/0000891618-97-001442-index.html",
    "finalLink": "https://www.sec.gov/Archives/edgar/data/915912/"
  },
  {
    "date": "1996-10-31",
    "symbol": "AVB",
    "reportedCurrency": "USD",
    "cik": "0000915912",
    "fillingDate": "1996-11-14",
    "acceptedDate": "1996-11-14 00:00:00",
    "calendarYear": "1996",
    "period": "Q3",
    "revenue": 23100000,
    "costOfRevenue": 0,
    "grossProfit": 23100000,
    "grossProfitRatio": 1,
    "researchAndDevelopmentExpenses": 0,
    "generalAndAdministrativeExpenses": 1000000,
    "sellingAndMarketingExpenses": 0,
    "sellingGeneralAndAdministrativeExpenses": 1000000,
    "otherExpenses": -13400000,
    "operatingExpenses": -12400000,
    "costAndExpenses": -12400000,
    "interestIncome": 0,
    "interestExpense": 0,
    "depreciationAndAmortization": 5100000,
    "ebitda": 40600000,
    "ebitdaratio": 1.7575757576,
    "operatingIncome": 35500000,
    "operatingIncomeRatio": 1.5367965368,
    "totalOtherIncomeExpensesNet": -35500000,
    "incomeBeforeTax": 0,
    "incomeBeforeTaxRatio": 0,
    "incomeTaxExpense": 29700000,
    "netIncome": 5800000,
    "netIncomeRatio": 0.2510822511,
    "eps": 0.31,
    "epsdiluted": 0.31,
    "weightedAverageShsOut": 18709677,
    "weightedAverageShsOutDil": 18709677,
    "link": "https://www.sec.gov/Archives/edgar/data/915912/000095014996001899/0000950149-96-001899-index.html",
    "finalLink": "https://www.sec.gov/Archives/edgar/data/915912/"
  },
  {
    "date": "1996-06-30",
    "symbol": "AVB",
    "reportedCurrency": "USD",
    "cik": "0000915912",
    "fillingDate": "1996-08-13",
    "acceptedDate": "1996-08-13 00:00:00",
    "calendarYear": "1996",
    "period": "Q2",
    "revenue": 18400000,
    "costOfRevenue": 0,
    "grossProfit": 18400000,
    "grossProfitRatio": 1,
    "researchAndDevelopmentExpenses": 0,
    "generalAndAdministrativeExpenses": 900000,
    "sellingAndMarketingExpenses": 0,
    "sellingGeneralAndAdministrativeExpenses": 900000,
    "otherExpenses": -10700000,
    "operatingExpenses": -9800000,
    "costAndExpenses": -9800000,
    "interestIncome": 0,
    "interestExpense": 0,
    "depreciationAndAmortization": 4200000,
    "ebitda": 32400000,
    "ebitdaratio": 1.7608695652,
    "operatingIncome": 28200000,
    "operatingIncomeRatio": 1.5326086957,
    "totalOtherIncomeExpensesNet": -28200000,
    "incomeBeforeTax": 0,
    "incomeBeforeTaxRatio": 0,
    "incomeTaxExpense": 24600000,
    "netIncome": 3600000,
    "netIncomeRatio": 0.1956521739,
    "eps": 0.28,
    "epsdiluted": 0.28,
    "weightedAverageShsOut": 12857143,
    "weightedAverageShsOutDil": 12857143,
    "link": "https://www.sec.gov/Archives/edgar/data/915912/000095014996001258/0000950149-96-001258-index.html",
    "finalLink": "https://www.sec.gov/Archives/edgar/data/915912/"
  },
  {
    "date": "1996-03-31",
    "symbol": "AVB",
    "reportedCurrency": "USD",
    "cik": "0000915912",
    "fillingDate": "1996-03-31",
    "acceptedDate": "1996-03-30 19:00:00",
    "calendarYear": "1996",
    "period": "Q1",
    "revenue": 16500000,
    "costOfRevenue": 0,
    "grossProfit": 16500000,
    "grossProfitRatio": 1,
    "researchAndDevelopmentExpenses": 0,
    "generalAndAdministrativeExpenses": 900000,
    "sellingAndMarketingExpenses": 0,
    "sellingGeneralAndAdministrativeExpenses": 900000,
    "otherExpenses": -9800000,
    "operatingExpenses": -8900000,
    "costAndExpenses": -8900000,
    "interestIncome": 0,
    "interestExpense": 0,
    "depreciationAndAmortization": 4000000,
    "ebitda": 29400000,
    "ebitdaratio": 1.7818181818,
    "operatingIncome": 25400000,
    "operatingIncomeRatio": 1.5393939394,
    "totalOtherIncomeExpensesNet": -25400000,
    "incomeBeforeTax": 0,
    "incomeBeforeTaxRatio": 0,
    "incomeTaxExpense": 22200000,
    "netIncome": 3200000,
    "netIncomeRatio": 0.1939393939,
    "eps": 0.19,
    "epsdiluted": 0.19,
    "weightedAverageShsOut": 11558000,
    "weightedAverageShsOutDil": 11558000,
    "link": "",
    "finalLink": ""
  },
  {
    "date": "1995-12-31",
    "symbol": "AVB",
    "reportedCurrency": "USD",
    "cik": "0000915912",
    "fillingDate": "1995-12-31",
    "acceptedDate": "1995-12-30 19:00:00",
    "calendarYear": "1995",
    "period": "Q4",
    "revenue": 15200000,
    "costOfRevenue": 0,
    "grossProfit": 15200000,
    "grossProfitRatio": 1,
    "researchAndDevelopmentExpenses": 0,
    "generalAndAdministrativeExpenses": 700000,
    "sellingAndMarketingExpenses": 0,
    "sellingGeneralAndAdministrativeExpenses": 700000,
    "otherExpenses": -9200000,
    "operatingExpenses": -8500000,
    "costAndExpenses": -8500000,
    "interestIncome": 0,
    "interestExpense": 0,
    "depreciationAndAmortization": 3800000,
    "ebitda": 27500000,
    "ebitdaratio": 1.8092105263,
    "operatingIncome": 23700000,
    "operatingIncomeRatio": 1.5592105263,
    "totalOtherIncomeExpensesNet": -23700000,
    "incomeBeforeTax": 0,
    "incomeBeforeTaxRatio": 0,
    "incomeTaxExpense": 20600000,
    "netIncome": 3100000,
    "netIncomeRatio": 0.2039473684,
    "eps": 0.27,
    "epsdiluted": 0.27,
    "weightedAverageShsOut": 11558000,
    "weightedAverageShsOutDil": 11558000,
    "link": "",
    "finalLink": ""
  },
  {
    "date": "1995-09-30",
    "symbol": "AVB",
    "reportedCurrency": "USD",
    "cik": "0000915912",
    "fillingDate": "1995-09-30",
    "acceptedDate": "1995-09-29 20:00:00",
    "calendarYear": "1995",
    "period": "Q3",
    "revenue": 13600000,
    "costOfRevenue": 0,
    "grossProfit": 13600000,
    "grossProfitRatio": 1,
    "researchAndDevelopmentExpenses": 0,
    "generalAndAdministrativeExpenses": 700000,
    "sellingAndMarketingExpenses": 0,
    "sellingGeneralAndAdministrativeExpenses": 700000,
    "otherExpenses": -8500000,
    "operatingExpenses": -7800000,
    "costAndExpenses": -7800000,
    "interestIncome": 0,
    "interestExpense": 0,
    "depreciationAndAmortization": 3300000,
    "ebitda": 24700000,
    "ebitdaratio": 1.8161764706,
    "operatingIncome": 21400000,
    "operatingIncomeRatio": 1.5735294118,
    "totalOtherIncomeExpensesNet": -21400000,
    "incomeBeforeTax": 0,
    "incomeBeforeTaxRatio": 0,
    "incomeTaxExpense": 19300000,
    "netIncome": 2100000,
    "netIncomeRatio": 0.1544117647,
    "eps": 0.18,
    "epsdiluted": 0.18,
    "weightedAverageShsOut": 11666667,
    "weightedAverageShsOutDil": 11666667,
    "link": "",
    "finalLink": ""
  }
]