[
  {
    "date": "2024-12-31",
    "symbol": "AVB",
    "reportedCurrency": "USD",
    "cik": "0000915912",
    "fillingDate": "2025-02-27",
    "acceptedDate": "2025-02-27 15:35:29",
    "calendarYear": "2024",
    "period": "FY",
    "revenue": 2913757000,
    "costOfRevenue": 1073457000,
    "grossProfit": 1840300000,
    "grossProfitRatio": 0.6315900743,
    "researchAndDevelopmentExpenses": 0,
    "generalAndAdministrativeExpenses": 77697000,
    "sellingAndMarketingExpenses": 0,
    "sellingGeneralAndAdministrativeExpenses": 77697000,
    "otherExpenses": 846853000,
    "operatingExpenses": 924550000,
    "costAndExpenses": 1998007000,
    "interestIncome": 0,
    "interestExpense": 226589000,
    "depreciationAndAmortization": 846853000,
    "ebitda": 2156062000,
    "ebitdaratio": 0.7399594407,
    "operatingIncome": 915750000,
    "operatingIncomeRatio": 0.3142849592,
    "totalOtherIncomeExpensesNet": 166870000,
    "incomeBeforeTax": 1082620000,
    "incomeBeforeTaxRatio": 0.3715546629,
    "incomeTaxExpense": 445000,
    "netIncome": 1081994000,
    "netIncomeRatio": 0.37133982,
    "eps": 7.61,
    "epsdiluted": 7.6,
    "weightedAverageShsOut": 142001000,
    "weightedAverageShsOutDil": 142459000,
    "link": "https://www.sec.gov/Archives/edgar/data/915912/000091591225000005/0000915912-25-000005-index.htm",
    "finalLink": "https://www.sec.gov/Archives/edgar/data/915912/000091591225000005/avb-20241231.htm"
  },
  {
    "date": "2023-12-31",
    "symbol": "AVB",
    "reportedCurrency": "USD",
    "cik": "0000915912",
    "fillingDate": "2024-02-23",
    "acceptedDate": "2024-02-23 13:36:28",
    "calendarYear": "2023",
    "period": "FY",
    "revenue": 2767909000,
    "costOfRevenue": 988132000,
    "grossProfit": 1779777000,
    "grossProfitRatio": 0.6430041595,
    "researchAndDevelopmentExpenses": 0,
    "generalAndAdministrativeExpenses": 76534000,
    "sellingAndMarketingExpenses": 0,
    "sellingGeneralAndAdministrativeExpenses": 76534000,
    "otherExpenses": 816965000,
    "operatingExpenses": 893499000,
    "costAndExpenses": 1881631000,
    "interestIncome": 0,
    "interestExpense": 205992000,
    "depreciationAndAmortization": 816965000,
    "ebitda": 1961548000,
    "ebitdaratio": 0.7086750323,
    "operatingIncome": 886278000,
    "operatingIncomeRatio": 0.3201976655,
    "totalOtherIncomeExpensesNet": 52313000,
    "incomeBeforeTax": 938591000,
    "incomeBeforeTaxRatio": 0.339097492,
    "incomeTaxExpense": 10153000,
    "netIncome": 928825000,
    "netIncomeRatio": 0.3355691968,
    "eps": 6.57,
    "epsdiluted": 6.56,
    "weightedAverageShsOut": 141307186,
    "weightedAverageShsOutDil": 141643788,
    "link": "https://www.sec.gov/Archives/edgar/data/915912/000091591224000004/0000915912-24-000004-index.htm",
    "finalLink": "https://www.sec.gov/Archives/edgar/data/915912/000091591224000004/avb-20231231.htm"
  },
  {
    "date": "2022-12-31",
    "symbol": "AVB",
    "reportedCurrency": "USD",
    "cik": "0000915912",
    "fillingDate": "2023-02-24",
    "acceptedDate": "2023-02-24 13:29:05",
    "calendarYear": "2022",
    "period": "FY",
    "revenue": 2593446000,
    "costOfRevenue": 919114000,
    "grossProfit": 1674332000,
    "grossProfitRatio": 0.6456012579,
    "researchAndDevelopmentExpenses": 16565000,
    "generalAndAdministrativeExpenses": 74064000,
    "sellingAndMarketingExpenses": 0,
    "sellingGeneralAndAdministrativeExpenses": 74064000,
    "otherExpenses": 798413000,
    "operatingExpenses": 889042000,
    "costAndExpenses": 1808156000,
    "interestIncome": 0,
    "interestExpense": 230074000,
    "depreciationAndAmortization": 814978000,
    "ebitda": 2196136000,
    "ebitdaratio": 0.8468022855,
    "operatingIncome": 785290000,
    "operatingIncomeRatio": 0.302797899,
    "totalOtherIncomeExpensesNet": 365794000,
    "incomeBeforeTax": 1151084000,
    "incomeBeforeTaxRatio": 0.4438434423,
    "incomeTaxExpense": 14646000,
    "netIncome": 1136775000,
    "netIncomeRatio": 0.4383260727,
    "eps": 8.13,
    "epsdiluted": 8.11,
    "weightedAverageShsOut": 139634294,
    "weightedAverageShsOutDil": 139975087,
    "link": "https://www.sec.gov/Archives/edgar/data/915912/000091591223000004/0000915912-23-000004-index.htm",
    "finalLink": "https://www.sec.gov/Archives/edgar/data/915912/000091591223000004/avb-20221231.htm"
  },
  {
    "date": "2021-12-31",
    "symbol": "AVB",
    "reportedCurrency": "USD",
    "cik": "0000915912",
    "fillingDate": "2022-02-25",
    "acceptedDate": "2022-02-25 16:59:50",
    "calendarYear": "2021",
    "period": "FY",
    "revenue": 2294850000,
    "costOfRevenue": 853942000,
    "grossProfit": 1440908000,
    "grossProfitRatio": 0.6278876615,
    "researchAndDevelopmentExpenses": 3231000,
    "generalAndAdministrativeExpenses": 69611000,
    "sellingAndMarketingExpenses": 0,
    "sellingGeneralAndAdministrativeExpenses": 69611000,
    "otherExpenses": 755365000,
    "operatingExpenses": 828207000,
    "costAndExpenses": 1682149000,
    "interestIncome": 0,
    "interestExpense": 220415000,
    "depreciationAndAmortization": 758596000,
    "ebitda": 1989100000,
    "ebitdaratio": 0.8667668911,
    "operatingIncome": 612701000,
    "operatingIncomeRatio": 0.2669895636,
    "totalOtherIncomeExpensesNet": 397388000,
    "incomeBeforeTax": 1010089000,
    "incomeBeforeTaxRatio": 0.4401546942,
    "incomeTaxExpense": 5733000,
    "netIncome": 1004299000,
    "netIncomeRatio": 0.4376316535,
    "eps": 7.19,
    "epsdiluted": 7.17,
    "weightedAverageShsOut": 139389433,
    "weightedAverageShsOutDil": 139717399,
    "link": "https://www.sec.gov/Archives/edgar/data/915912/000091591222000005/0000915912-22-000005-index.htm",
    "finalLink": "https://www.sec.gov/Archives/edgar/data/915912/000091591222000005/avb-20211231.htm"
  },
  {
    "date": "2020-12-31",
    "symbol": "AVB",
    "reportedCurrency": "USD",
    "cik": "0000915912",
    "fillingDate": "2021-02-25",
    "acceptedDate": "2021-02-25 15:22:12",
    "calendarYear": "2020",
    "period": "FY",
    "revenue": 2301261000,
    "costOfRevenue": 823102000,
    "grossProfit": 1478159000,
    "grossProfitRatio": 0.6423256641,
    "researchAndDevelopmentExpenses": 12399000,
    "generalAndAdministrativeExpenses": 60343000,
    "sellingAndMarketingExpenses": 0,
    "sellingGeneralAndAdministrativeExpenses": 60343000,
    "otherExpenses": 694932000,
    "operatingExpenses": 767674000,
    "costAndExpenses": 1590776000,
    "interestIncome": 0,
    "interestExpense": 214151000,
    "depreciationAndAmortization": 707331000,
    "ebitda": 1745941000,
    "ebitdaratio": 0.7586888232,
    "operatingIncome": 710485000,
    "operatingIncomeRatio": 0.3087372532,
    "totalOtherIncomeExpensesNet": 113974000,
    "incomeBeforeTax": 824459000,
    "incomeBeforeTaxRatio": 0.3582640126,
    "incomeTaxExpense": -3247000,
    "netIncome": 827630000,
    "netIncomeRatio": 0.3596419528,
    "eps": 5.89,
    "epsdiluted": 5.88,
    "weightedAverageShsOut": 140094722,
    "weightedAverageShsOutDil": 140435195,
    "link": "https://www.sec.gov/Archives/edgar/data/915912/000091591221000004/0000915912-21-000004-index.htm",
    "finalLink": "https://www.sec.gov/Archives/edgar/data/915912/000091591221000004/avb-20201231.htm"
  },
  {
    "date": "2019-12-31",
    "symbol": "AVB",
    "reportedCurrency": "USD",
    "cik": "0000915912",
    "fillingDate": "2020-02-21",
    "acceptedDate": "2020-02-21 15:41:19",
    "calendarYear": "2019",
    "period": "FY",
    "revenue": 2324626000,
    "costOfRevenue": 768106000,
    "grossProfit": 1556520000,
    "grossProfitRatio": 0.6695786763,
    "researchAndDevelopmentExpenses": 0,
    "generalAndAdministrativeExpenses": 58042000,
    "sellingAndMarketingExpenses": 3812000,
    "sellingGeneralAndAdministrativeExpenses": 58042000,
    "otherExpenses": 661578000,
    "operatingExpenses": 719620000,
    "costAndExpenses": 1487726000,
    "interestIncome": 0,
    "interestExpense": 203585000,
    "depreciationAndAmortization": 661578000,
    "ebitda": 1664269000,
    "ebitdaratio": 0.7159297883,
    "operatingIncome": 836900000,
    "operatingIncomeRatio": 0.3600149013,
    "totalOtherIncomeExpensesNet": -37794000,
    "incomeBeforeTax": 799106000,
    "incomeBeforeTaxRatio": 0.3437568022,
    "incomeTaxExpense": 13003000,
    "netIncome": 785974000,
    "netIncomeRatio": 0.3381077214,
    "eps": 5.64,
    "epsdiluted": 5.63,
    "weightedAverageShsOut": 139420111,
    "weightedAverageShsOutDil": 139571550,
    "link": "https://www.sec.gov/Archives/edgar/data/915912/000091591220000004/0000915912-20-000004-index.htm",
    "finalLink": "https://www.sec.gov/Archives/edgar/data/915912/000091591220000004/a201910-k.htm"
  },
  {
    "date": "2018-12-31",
    "symbol": "AVB",
    "reportedCurrency": "USD",
    "cik": "0000915912",
    "fillingDate": "2019-03-15",
    "acceptedDate": "2019-03-15 14:28:10",
    "calendarYear": "2018",
    "period": "FY",
    "revenue": 2284535000,
    "costOfRevenue": 766556000,
    "grossProfit": 1517979000,
    "grossProfitRatio": 0.6644586316,
    "researchAndDevelopmentExpenses": 0,
    "generalAndAdministrativeExpenses": 60369000,
    "sellingAndMarketingExpenses": 1044000,
    "sellingGeneralAndAdministrativeExpenses": 60369000,
    "otherExpenses": 631196000,
    "operatingExpenses": 691565000,
    "costAndExpenses": 1458121000,
    "interestIncome": 0,
    "interestExpense": 220974000,
    "depreciationAndAmortization": 631196000,
    "ebitda": 1826185000,
    "ebitdaratio": 0.7993683616,
    "operatingIncome": 826414000,
    "operatingIncomeRatio": 0.3617427617,
    "totalOtherIncomeExpensesNet": 147601000,
    "incomeBeforeTax": 974175000,
    "incomeBeforeTaxRatio": 0.4264215694,
    "incomeTaxExpense": -160000,
    "netIncome": 974525000,
    "netIncomeRatio": 0.4265747734,
    "eps": 7.05,
    "epsdiluted": 7.05,
    "weightedAverageShsOut": 138247513,
    "weightedAverageShsOutDil": 138289241,
    "link": "https://www.sec.gov/Archives/edgar/data/915912/000091591219000006/0000915912-19-000006-index.htm",
    "finalLink": "https://www.sec.gov/Archives/edgar/data/915912/000091591219000006/a10-ka.htm"
  },
  {
    "date": "2017-12-31",
    "symbol": "AVB",
    "reportedCurrency": "USD",
    "cik": "0000915912",
    "fillingDate": "2018-02-23",
    "acceptedDate": "2018-02-23 13:55:16",
    "calendarYear": "2017",
    "period": "FY",
    "revenue": 2158628000,
    "costOfRevenue": 722299000,
    "grossProfit": 1436329000,
    "grossProfitRatio": 0.6653897754,
    "researchAndDevelopmentExpenses": 0,
    "generalAndAdministrativeExpenses": 53695000,
    "sellingAndMarketingExpenses": 0,
    "sellingGeneralAndAdministrativeExpenses": 53695000,
    "otherExpenses": 584150000,
    "operatingExpenses": 637845000,
    "costAndExpenses": 1360144000,
    "interestIncome": 0,
    "interestExpense": 199661000,
    "depreciationAndAmortization": 584150000,
    "ebitda": 1660612000,
    "ebitdaratio": 0.7692904938,
    "operatingIncome": 798484000,
    "operatingIncomeRatio": 0.3699034757,
    "totalOtherIncomeExpensesNet": 78317000,
    "incomeBeforeTax": 876660000,
    "incomeBeforeTaxRatio": 0.4061190719,
    "incomeTaxExpense": 141000,
    "netIncome": 876921000,
    "netIncomeRatio": 0.4062399821,
    "eps": 6.36,
    "epsdiluted": 6.35,
    "weightedAverageShsOut": 137911138,
    "weightedAverageShsOutDil": 138066686,
    "link": "https://www.sec.gov/Archives/edgar/data/915912/000091591218000004/0000915912-18-000004-index.htm",
    "finalLink": "https://www.sec.gov/Archives/edgar/data/915912/000091591218000004/a201710-k.htm"
  },
  {
    "date": "2016-12-31",
    "symbol": "AVB",
    "reportedCurrency": "USD",
    "cik": "0000915912",
    "fillingDate": "2017-02-24",
    "acceptedDate": "2017-02-24 13:54:58",
    "calendarYear": "2016",
    "period": "FY",
    "revenue": 2045255000,
    "costOfRevenue": 683274000,
    "grossProfit": 1361981000,
    "grossProfitRatio": 0.6659223422,
    "researchAndDevelopmentExpenses": 0,
    "generalAndAdministrativeExpenses": 45771000,
    "sellingAndMarketingExpenses": 0,
    "sellingGeneralAndAdministrativeExpenses": 45771000,
    "otherExpenses": 531434000,
    "operatingExpenses": 577205000,
    "costAndExpenses": 1260479000,
    "interestIncome": 0,
    "interestExpense": 187510000,
    "depreciationAndAmortization": 531434000,
    "ebitda": 1752957000,
    "ebitdaratio": 0.8570848134,
    "operatingIncome": 784776000,
    "operatingIncomeRatio": 0.3837056993,
    "totalOtherIncomeExpensesNet": 249237000,
    "incomeBeforeTax": 1034013000,
    "incomeBeforeTaxRatio": 0.5055667875,
    "incomeTaxExpense": 305000,
    "netIncome": 1034002000,
    "netIncomeRatio": 0.5055614092,
    "eps": 7.53,
    "epsdiluted": 7.52,
    "weightedAverageShsOut": 137274820,
    "weightedAverageShsOutDil": 137461637,
    "link": "https://www.sec.gov/Archives/edgar/data/915912/000091591217000004/0000915912-17-000004-index.htm",
    "finalLink": "https://www.sec.gov/Archives/edgar/data/915912/000091591217000004/a201610-k.htm"
  },
  {
    "date": "2015-12-31",
    "symbol": "AVB",
    "reportedCurrency": "USD",
    "cik": "0000915912",
    "fillingDate": "2016-02-26",
    "acceptedDate": "2016-02-25 17:48:46",
    "calendarYear": "2015",
    "period": "FY",
    "revenue": 1856028000,
    "costOfRevenue": 642246000,
    "grossProfit": 1213782000,
    "grossProfitRatio": 0.6539675048,
    "researchAndDevelopmentExpenses": 0,
    "generalAndAdministrativeExpenses": 42774000,
    "sellingAndMarketingExpenses": 0,
    "sellingGeneralAndAdministrativeExpenses": 42774000,
    "otherExpenses": 477923000,
    "operatingExpenses": 520697000,
    "costAndExpenses": 1162943000,
    "interestIncome": 0,
    "interestExpense": 175615000,
    "depreciationAndAmortization": 477923000,
    "ebitda": 1396754000,
    "ebitdaratio": 0.7525500693,
    "operatingIncome": 693085000,
    "operatingIncomeRatio": 0.3734237846,
    "totalOtherIncomeExpensesNet": 50131000,
    "incomeBeforeTax": 743594000,
    "incomeBeforeTaxRatio": 0.4006372749,
    "incomeTaxExpense": 1861000,
    "netIncome": 742038000,
    "netIncomeRatio": 0.3997989254,
    "eps": 5.54,
    "epsdiluted": 5.51,
    "weightedAverageShsOut": 133885758,
    "weightedAverageShsOutDil": 134593177,
    "link": "https://www.sec.gov/Archives/edgar/data/915912/000091591216000024/0000915912-16-000024-index.htm",
    "finalLink": "https://www.sec.gov/Archives/edgar/data/915912/000091591216000024/a201510-k.htm"
  },
  {
    "date": "2014-12-31",
    "symbol": "AVB",
    "reportedCurrency": "USD",
    "cik": "0000915912",
    "fillingDate": "2015-02-19",
    "acceptedDate": "2015-02-19 16:40:02",
    "calendarYear": "2014",
    "period": "FY",
    "revenue": 1685061000,
    "costOfRevenue": 589306000,
    "grossProfit": 1095755000,
    "grossProfitRatio": 0.6502761621,
    "researchAndDevelopmentExpenses": 0,
    "generalAndAdministrativeExpenses": 41425000,
    "sellingAndMarketingExpenses": 0,
    "sellingGeneralAndAdministrativeExpenses": 41425000,
    "otherExpenses": 442682000,
    "operatingExpenses": 484107000,
    "costAndExpenses": 1073413000,
    "interestIncome": 0,
    "interestExpense": 180618000,
    "depreciationAndAmortization": 442682000,
    "ebitda": 1291816000,
    "ebitdaratio": 0.7666286265,
    "operatingIncome": 611648000,
    "operatingIncomeRatio": 0.3629827051,
    "totalOtherIncomeExpensesNet": 56868000,
    "incomeBeforeTax": 668516000,
    "incomeBeforeTaxRatio": 0.3967310382,
    "incomeTaxExpense": 9368000,
    "netIncome": 683567000,
    "netIncomeRatio": 0.4056630591,
    "eps": 5.22,
    "epsdiluted": 5.21,
    "weightedAverageShsOut": 130878250,
    "weightedAverageShsOutDil": 131237502,
    "link": "https://www.sec.gov/Archives/edgar/data/915912/000091591215000004/0000915912-15-000004-index.htm",
    "finalLink": "https://www.sec.gov/Archives/edgar/data/915912/000091591215000004/a201410-k.htm"
  },
  {
    "date": "2013-12-31",
    "symbol": "AVB",
    "reportedCurrency": "USD",
    "cik": "0000915912",
    "fillingDate": "2014-03-03",
    "acceptedDate": "2014-02-28 21:00:58",
    "calendarYear": "2013",
    "period": "FY",
    "revenue": 1462921000,
    "costOfRevenue": 511019000,
    "grossProfit": 951902000,
    "grossProfitRatio": 0.6506858538,
    "researchAndDevelopmentExpenses": 0,
    "generalAndAdministrativeExpenses": 39573000,
    "sellingAndMarketingExpenses": 0,
    "sellingGeneralAndAdministrativeExpenses": 39573000,
    "otherExpenses": 560215000,
    "operatingExpenses": 599788000,
    "costAndExpenses": 1110807000,
    "interestIncome": 0,
    "interestExpense": 172402000,
    "depreciationAndAmortization": 560215000,
    "ebitda": 790444000,
    "ebitdaratio": 0.5403189919,
    "operatingIncome": 352114000,
    "operatingIncomeRatio": 0.2406924229,
    "totalOtherIncomeExpensesNet": -294287000,
    "incomeBeforeTax": 57827000,
    "incomeBeforeTaxRatio": 0.0395284503,
    "incomeTaxExpense": -138056000,
    "netIncome": 353141000,
    "netIncomeRatio": 0.241394443,
    "eps": 2.78,
    "epsdiluted": 2.78,
    "weightedAverageShsOut": 126855754,
    "weightedAverageShsOutDil": 127265903,
    "link": "https://www.sec.gov/Archives/edgar/data/915912/000104746914001617/0001047469-14-001617-index.htm",
    "finalLink": "https://www.sec.gov/Archives/edgar/data/915912/000104746914001617/a2218560z10-k.htm"
  },
  {
    "date": "2012-12-31",
    "symbol": "AVB",
    "reportedCurrency": "USD",
    "cik": "0000915912",
    "fillingDate": "2013-02-22",
    "acceptedDate": "2013-02-22 17:26:26",
    "calendarYear": "2012",
    "period": "FY",
    "revenue": 1000627000,
    "costOfRevenue": 356905000,
    "grossProfit": 643722000,
    "grossProfitRatio": 0.6433186392,
    "researchAndDevelopmentExpenses": 0,
    "generalAndAdministrativeExpenses": 34101000,
    "sellingAndMarketingExpenses": 0,
    "sellingGeneralAndAdministrativeExpenses": 34101000,
    "otherExpenses": 243680000,
    "operatingExpenses": 277781000,
    "costAndExpenses": 634686000,
    "interestIncome": 0,
    "interestExpense": 136920000,
    "depreciationAndAmortization": 243680000,
    "ebitda": 631031000,
    "ebitdaratio": 0.6306355915,
    "operatingIncome": 365941000,
    "operatingIncomeRatio": 0.3657116988,
    "totalOtherIncomeExpensesNet": -115510000,
    "incomeBeforeTax": 264756000,
    "incomeBeforeTaxRatio": 0.264590102,
    "incomeTaxExpense": -7350000,
    "netIncome": 423869000,
    "netIncomeRatio": 0.4236034007,
    "eps": 4.34,
    "epsdiluted": 4.32,
    "weightedAverageShsOut": 97416401,
    "weightedAverageShsOutDil": 98025152,
    "link": "https://www.sec.gov/Archives/edgar/data/915912/000104746913001516/0001047469-13-001516-index.htm",
    "finalLink": "https://www.sec.gov/Archives/edgar/data/915912/000104746913001516/a2213127z10-k.htm"
  },
  {
    "date": "2011-12-31",
    "symbol": "AVB",
    "reportedCurrency": "USD",
    "cik": "0000915912",
    "fillingDate": "2012-02-27",
    "acceptedDate": "2012-02-27 12:18:18",
    "calendarYear": "2011",
    "period": "FY",
    "revenue": 900087000,
    "costOfRevenue": 335836000,
    "grossProfit": 564251000,
    "grossProfitRatio": 0.6268849567,
    "researchAndDevelopmentExpenses": 0,
    "generalAndAdministrativeExpenses": 29371000,
    "sellingAndMarketingExpenses": 0,
    "sellingGeneralAndAdministrativeExpenses": 29371000,
    "otherExpenses": 226728000,
    "operatingExpenses": 256099000,
    "costAndExpenses": 591935000,
    "interestIncome": 0,
    "interestExpense": 168179000,
    "depreciationAndAmortization": 226728000,
    "ebitda": 534757000,
    "ebitdaratio": 0.5941170131,
    "operatingIncome": 308152000,
    "operatingIncomeRatio": 0.3423580165,
    "totalOtherIncomeExpensesNet": -167937000,
    "incomeBeforeTax": 165938000,
    "incomeBeforeTaxRatio": 0.1843577343,
    "incomeTaxExpense": -105229000,
    "netIncome": 441622000,
    "netIncomeRatio": 0.4906436822,
    "eps": 4.89,
    "epsdiluted": 4.87,
    "weightedAverageShsOut": 89922465,
    "weightedAverageShsOutDil": 90777462,
    "link": "https://www.sec.gov/Archives/edgar/data/915912/000119312512080629/0001193125-12-080629-index.htm",
    "finalLink": "https://www.sec.gov/Archives/edgar/data/915912/000119312512080629/d235613d10k.htm"
  },
  {
    "date": "2010-12-31",
    "symbol": "AVB",
    "reportedCurrency": "USD",
    "cik": "0000915912",
    "fillingDate": "2011-02-23",
    "acceptedDate": "2011-02-23 17:09:35",
    "calendarYear": "2010",
    "period": "FY",
    "revenue": 842820000,
    "costOfRevenue": 334121000,
    "grossProfit": 508699000,
    "grossProfitRatio": 0.6035677843,
    "researchAndDevelopmentExpenses": 0,
    "generalAndAdministrativeExpenses": 26846000,
    "sellingAndMarketingExpenses": 0,
    "sellingGeneralAndAdministrativeExpenses": 26846000,
    "otherExpenses": 220563000,
    "operatingExpenses": 247409000,
    "costAndExpenses": 581530000,
    "interestIncome": 0,
    "interestExpense": 175209000,
    "depreciationAndAmortization": 220563000,
    "ebitda": 482615000,
    "ebitdaratio": 0.5726193019,
    "operatingIncome": 261290000,
    "operatingIncomeRatio": 0.3100187466,
    "totalOtherIncomeExpensesNet": -169235000,
    "incomeBeforeTax": 98068000,
    "incomeBeforeTaxRatio": 0.116356992,
    "incomeTaxExpense": 97946000,
    "netIncome": 175331000,
    "netIncomeRatio": 0.2080289979,
    "eps": 2.08,
    "epsdiluted": 2.07,
    "weightedAverageShsOut": 83859936,
    "weightedAverageShsOutDil": 84632869,
    "link": "https://www.sec.gov/Archives/edgar/data/915912/000115752311001108/0001157523-11-001108-index.htm",
    "finalLink": "https://www.sec.gov/Archives/edgar/data/915912/000115752311001108/a6613886.htm"
  },
  {
    "date": "2009-12-31",
    "symbol": "AVB",
    "reportedCurrency": "USD",
    "cik": "0000915912",
    "fillingDate": "2010-03-01",
    "acceptedDate": "2010-03-01 12:03:23",
    "calendarYear": "2009",
    "period": "FY",
    "revenue": 829924000,
    "costOfRevenue": 327744000,
    "grossProfit": 502180000,
    "grossProfitRatio": 0.6050915506,
    "researchAndDevelopmentExpenses": 0,
    "generalAndAdministrativeExpenses": 0,
    "sellingAndMarketingExpenses": 0,
    "sellingGeneralAndAdministrativeExpenses": 28748000,
    "otherExpenses": 204481000,
    "operatingExpenses": 233229000,
    "costAndExpenses": 560973000,
    "interestIncome": 4861000,
    "interestExpense": 150323000,
    "depreciationAndAmortization": 218286000,
    "ebitda": 487237000,
    "ebitdaratio": 0.5870862874,
    "operatingIncome": 268951000,
    "operatingIncomeRatio": 0.324067023,
    "totalOtherIncomeExpensesNet": -186253000,
    "incomeBeforeTax": 200826000,
    "incomeBeforeTaxRatio": 0.2419811935,
    "incomeTaxExpense": 113321000,
    "netIncome": 155647000,
    "netIncomeRatio": 0.1875436787,
    "eps": 1.94,
    "epsdiluted": 1.93,
    "weightedAverageShsOut": 79951348,
    "weightedAverageShsOutDil": 80599657,
    "link": "https://www.sec.gov/Archives/edgar/data/915912/000095012310019013/0000950123-10-019013-index.htm",
    "finalLink": "https://www.sec.gov/Archives/edgar/data/915912/000095012310019013/w77522e10vk.htm"
  },
  {
    "date": "2008-12-31",
    "symbol": "AVB",
    "reportedCurrency": "USD",
    "cik": "0000915912",
    "fillingDate": "2009-03-02",
    "acceptedDate": "2009-03-02 13:42:05",
    "calendarYear": "2008",
    "period": "FY",
    "revenue": 814224000,
    "costOfRevenue": 322799000,
    "grossProfit": 491425000,
    "grossProfitRatio": 0.6035501287,
    "researchAndDevelopmentExpenses": 0,
    "generalAndAdministrativeExpenses": 0,
    "sellingAndMarketingExpenses": 0,
    "sellingGeneralAndAdministrativeExpenses": 42781000,
    "otherExpenses": 181909000,
    "operatingExpenses": 224690000,
    "costAndExpenses": 547489000,
    "interestIncome": 0,
    "interestExpense": 114878000,
    "depreciationAndAmortization": 199452000,
    "ebitda": 466187000,
    "ebitdaratio": 0.5725537444,
    "operatingIncome": 266735000,
    "operatingIncomeRatio": 0.3275941264,
    "totalOtherIncomeExpensesNet": -266735000,
    "incomeBeforeTax": 411487000,
    "incomeBeforeTaxRatio": 0.5053732143,
    "incomeTaxExpense": 227477000,
    "netIncome": 411487000,
    "netIncomeRatio": 0.5053732143,
    "eps": 5.22,
    "epsdiluted": 5.17,
    "weightedAverageShsOut": 76783515,
    "weightedAverageShsOutDil": 77578852,
    "link": "https://www.sec.gov/Archives/edgar/data/915912/000095013309000537/0000950133-09-000537-index.htm",
    "finalLink": "https://www.sec.gov/Archives/edgar/data/915912/000095013309000537/w72738e10vk.htm"
  },
  {
    "date": "2007-12-31",
    "symbol": "AVB",
    "reportedCurrency": "USD",
    "cik": "0000915912",
    "fillingDate": "2008-02-29",
    "acceptedDate": "2008-02-29 13:56:27",
    "calendarYear": "2007",
    "period": "FY",
    "revenue": 766663000,
    "costOfRevenue": 302250000,
    "grossProfit": 464413000,
    "grossProfitRatio": 0.6057589841,
    "researchAndDevelopmentExpenses": 0,
    "generalAndAdministrativeExpenses": 0,
    "sellingAndMarketingExpenses": 0,
    "sellingGeneralAndAdministrativeExpenses": 28494000,
    "otherExpenses": 168324000,
    "operatingExpenses": 196818000,
    "costAndExpenses": 499068000,
    "interestIncome": 0,
    "interestExpense": 97545000,
    "depreciationAndAmortization": 181725000,
    "ebitda": 449320000,
    "ebitdaratio": 0.5860723682,
    "operatingIncome": 267595000,
    "operatingIncomeRatio": 0.3490386258,
    "totalOtherIncomeExpensesNet": -19927000,
    "incomeBeforeTax": 247668000,
    "incomeBeforeTaxRatio": 0.3230467624,
    "incomeTaxExpense": -13492000,
    "netIncome": 358160000,
    "netIncomeRatio": 0.4671674517,
    "eps": 4.44,
    "epsdiluted": 4.38,
    "weightedAverageShsOut": 78680043,
    "weightedAverageShsOutDil": 79856927,
    "link": "https://www.sec.gov/Archives/edgar/data/915912/000095013308000889/0000950133-08-000889-index.htm",
    "finalLink": "https://www.sec.gov/Archives/edgar/data/915912/000095013308000889/w50312e10vk.htm"
  },
  {
    "date": "2006-12-31",
    "symbol": "AVB",
    "reportedCurrency": "USD",
    "cik": "0000915912",
    "fillingDate": "2007-03-01",
    "acceptedDate": "2007-03-01 15:10:08",
    "calendarYear": "2006",
    "period": "FY",
    "revenue": 721429000,
    "costOfRevenue": 217134000,
    "grossProfit": 504295000,
    "grossProfitRatio": 0.699022357,
    "researchAndDevelopmentExpenses": 0,
    "generalAndAdministrativeExpenses": 24767000,
    "sellingAndMarketingExpenses": 0,
    "sellingGeneralAndAdministrativeExpenses": 24767000,
    "otherExpenses": 227228000,
    "operatingExpenses": 251995000,
    "costAndExpenses": 469129000,
    "interestIncome": 1862000,
    "interestExpense": 111046000,
    "depreciationAndAmortization": 164129000,
    "ebitda": 416429000,
    "ebitdaratio": 0.5772279739,
    "operatingIncome": 252300000,
    "operatingIncomeRatio": 0.3497225645,
    "totalOtherIncomeExpensesNet": -88783000,
    "incomeBeforeTax": 278399000,
    "incomeBeforeTaxRatio": 0.3858993747,
    "incomeTaxExpense": -7914000,
    "netIncome": 278399000,
    "netIncomeRatio": 0.3858993747,
    "eps": 3.48,
    "epsdiluted": 3.42,
    "weightedAverageShsOut": 74125795,
    "weightedAverageShsOutDil": 75586898,
    "link": "https://www.sec.gov/Archives/edgar/data/915912/000095013307000888/0000950133-07-000888-index.htm",
    "finalLink": "https://www.sec.gov/Archives/edgar/data/915912/000095013307000888/w30545e10vk.htm"
  },
  {
    "date": "2005-12-31",
    "symbol": "AVB",
    "reportedCurrency": "USD",
    "cik": "0000915912",
    "fillingDate": "2006-03-14",
    "acceptedDate": "2006-03-14 12:47:51",
    "calendarYear": "2005",
    "period": "FY",
    "revenue": 655211000,
    "costOfRevenue": 197990000,
    "grossProfit": 457221000,
    "grossProfitRatio": 0.6978225335,
    "researchAndDevelopmentExpenses": 0,
    "generalAndAdministrativeExpenses": 25761000,
    "sellingAndMarketingExpenses": 0,
    "sellingGeneralAndAdministrativeExpenses": 25761000,
    "otherExpenses": 220430000,
    "operatingExpenses": 246191000,
    "costAndExpenses": 444181000,
    "interestIncome": 1928000,
    "interestExpense": 127099000,
    "depreciationAndAmortization": 163296000,
    "ebitda": 374326000,
    "ebitdaratio": 0.5713060373,
    "operatingIncome": 211030000,
    "operatingIncomeRatio": 0.3220794523,
    "totalOtherIncomeExpensesNet": -114975000,
    "incomeBeforeTax": 322378000,
    "incomeBeforeTaxRatio": 0.4920216541,
    "incomeTaxExpense": 243994000,
    "netIncome": 322378000,
    "netIncomeRatio": 0.4920216541,
    "eps": 4.14,
    "epsdiluted": 4.05,
    "weightedAverageShsOut": 72952492,
    "weightedAverageShsOutDil": 74759318,
    "link": "https://www.sec.gov/Archives/edgar/data/915912/000095013306001217/0000950133-06-001217-index.htm",
    "finalLink": "https://www.sec.gov/Archives/edgar/data/915912/000095013306001217/w17856e10vk.htm"
  },
  {
    "date": "2004-12-31",
    "symbol": "AVB",
    "reportedCurrency": "USD",
    "cik": "0000915912",
    "fillingDate": "2005-03-15",
    "acceptedDate": "2005-03-15 16:01:34",
    "calendarYear": "2004",
    "period": "FY",
    "revenue": 648454000,
    "costOfRevenue": 0,
    "grossProfit": 648454000,
    "grossProfitRatio": 1,
    "researchAndDevelopmentExpenses": 0,
    "generalAndAdministrativeExpenses": 18074000,
    "sellingAndMarketingExpenses": 0,
    "sellingGeneralAndAdministrativeExpenses": 18074000,
    "otherExpenses": 412703000,
    "operatingExpenses": 430777000,
    "costAndExpenses": 430777000,
    "interestIncome": 0,
    "interestExpense": 131314000,
    "depreciationAndAmortization": 167599000,
    "ebitda": 385276000,
    "ebitdaratio": 0.5941454598,
    "operatingIncome": 217677000,
    "operatingIncomeRatio": 0.3356861088,
    "totalOtherIncomeExpensesNet": -217677000,
    "incomeBeforeTax": 219745000,
    "incomeBeforeTaxRatio": 0.3388752325,
    "incomeTaxExpense": 224121000,
    "netIncome": 219745000,
    "netIncomeRatio": 0.3388752325,
    "eps": 2.95,
    "epsdiluted": 2.92,
    "weightedAverageShsOut": 71540678,
    "weightedAverageShsOutDil": 72275685,
    "link": "https://www.sec.gov/Archives/edgar/data/915912/000095013305001041/0000950133-05-001041-index.htm",
    "finalLink": "https://www.sec.gov/Archives/edgar/data/915912/000095013305001041/w06189e10vk.htm"
  },
  {
    "date": "2003-12-31",
    "symbol": "AVB",
    "reportedCurrency": "USD",
    "cik": "0000915912",
    "fillingDate": "2004-03-05",
    "acceptedDate": "2004-03-05 14:00:33",
    "calendarYear": "2003",
    "period": "FY",
    "revenue": 609651000,
    "costOfRevenue": 0,
    "grossProfit": 609651000,
    "grossProfitRatio": 1,
    "researchAndDevelopmentExpenses": 0,
    "generalAndAdministrativeExpenses": 13734000,
    "sellingAndMarketingExpenses": 0,
    "sellingGeneralAndAdministrativeExpenses": 13734000,
    "otherExpenses": 521734000,
    "operatingExpenses": 535468000,
    "costAndExpenses": 535468000,
    "interestIncome": 0,
    "interestExpense": 134911000,
    "depreciationAndAmortization": 157980000,
    "ebitda": 232163000,
    "ebitdaratio": 0.3808129569,
    "operatingIncome": 74183000,
    "operatingIncomeRatio": 0.121681093,
    "totalOtherIncomeExpensesNet": -74183000,
    "incomeBeforeTax": 271525000,
    "incomeBeforeTaxRatio": 0.4453777653,
    "incomeTaxExpense": -26288000,
    "netIncome": 271525000,
    "netIncomeRatio": 0.4453777653,
    "eps": 3.8,
    "epsdiluted": 3.73,
    "weightedAverageShsOut": 68626579,
    "weightedAverageShsOutDil": 69914477,
    "link": "https://www.sec.gov/Archives/edgar/data/915912/000095013304000742/0000950133-04-000742-index.htm",
    "finalLink": "https://www.sec.gov/Archives/edgar/data/915912/000095013304000742/w94643e10vk.htm"
  },
  {
    "date": "2002-12-31",
    "symbol": "AVB",
    "reportedCurrency": "USD",
    "cik": "0000915912",
    "fillingDate": "2003-07-23",
    "acceptedDate": "2003-07-23 14:04:22",
    "calendarYear": "2002",
    "period": "FY",
    "revenue": 533740000,
    "costOfRevenue": 0,
    "grossProfit": 533740000,
    "grossProfitRatio": 1,
    "researchAndDevelopmentExpenses": 0,
    "generalAndAdministrativeExpenses": 13449000,
    "sellingAndMarketingExpenses": 0,
    "sellingGeneralAndAdministrativeExpenses": 13449000,
    "otherExpenses": -361501000,
    "operatingExpenses": -348052000,
    "costAndExpenses": -348052000,
    "interestIncome": 0,
    "interestExpense": 121380000,
    "depreciationAndAmortization": 152487000,
    "ebitda": 1034279000,
    "ebitdaratio": 1.9377955559,
    "operatingIncome": 881792000,
    "operatingIncomeRatio": 1.6521002735,
    "totalOtherIncomeExpensesNet": -881792000,
    "incomeBeforeTax": 173618000,
    "incomeBeforeTaxRatio": 0.3252857196,
    "incomeTaxExpense": -47085000,
    "netIncome": 173618000,
    "netIncomeRatio": 0.3252857196,
    "eps": 2.26,
    "epsdiluted": 2.23,
    "weightedAverageShsOut": 68903540,
    "weightedAverageShsOutDil": 69830493,
    "link": "https://www.sec.gov/Archives/edgar/data/915912/000095013303002467/0000950133-03-002467-index.htm",
    "finalLink": "https://www.sec.gov/Archives/edgar/data/915912/000095013303002467/w87988e10vkza.htm"
  },
  {
    "date": "2001-12-31",
    "symbol": "AVB",
    "reportedCurrency": "USD",
    "cik": "0000915912",
    "fillingDate": "2002-03-26",
    "acceptedDate": "2002-03-26 00:00:00",
    "calendarYear": "2001",
    "period": "FY",
    "revenue": 523191000,
    "costOfRevenue": 0,
    "grossProfit": 523191000,
    "grossProfitRatio": 1,
    "researchAndDevelopmentExpenses": 0,
    "generalAndAdministrativeExpenses": 14705000,
    "sellingAndMarketingExpenses": 0,
    "sellingGeneralAndAdministrativeExpenses": 14705000,
    "otherExpenses": 283200000,
    "operatingExpenses": 297905000,
    "costAndExpenses": 297905000,
    "interestIncome": 0,
    "interestExpense": 0,
    "depreciationAndAmortization": 137401000,
    "ebitda": 362687000,
    "ebitdaratio": 0.6932210225,
    "operatingIncome": 225286000,
    "operatingIncomeRatio": 0.4305999148,
    "totalOtherIncomeExpensesNet": -225286000,
    "incomeBeforeTax": 0,
    "incomeBeforeTaxRatio": 0,
    "incomeTaxExpense": 33269000,
    "netIncome": 248997000,
    "netIncomeRatio": 0.4759198839,
    "eps": 3.08,
    "epsdiluted": 3.02,
    "weightedAverageShsOut": 67844805,
    "weightedAverageShsOutDil": 69192715,
    "link": "https://www.sec.gov/Archives/edgar/data/915912/000095013302001204/0000950133-02-001204-index.htm",
    "finalLink": "https://www.sec.gov/Archives/edgar/data/915912/000095013302001204/w57832e10-k.txt"
  },
  {
    "date": "2000-12-31",
    "symbol": "AVB",
    "reportedCurrency": "USD",
    "cik": "0000915912",
    "fillingDate": "2001-03-29",
    "acceptedDate": "2001-03-29 00:00:00",
    "calendarYear": "2000",
    "period": "FY",
    "revenue": 573395000,
    "costOfRevenue": 0,
    "grossProfit": 573395000,
    "grossProfitRatio": 1,
    "researchAndDevelopmentExpenses": 0,
    "generalAndAdministrativeExpenses": 0,
    "sellingAndMarketingExpenses": 0,
    "sellingGeneralAndAdministrativeExpenses": 13013000,
    "otherExpenses": 312232000,
    "operatingExpenses": 325245000,
    "costAndExpenses": 325245000,
    "interestIncome": 0,
    "interestExpense": 0,
    "depreciationAndAmortization": 126027000,
    "ebitda": 374177000,
    "ebitdaratio": 0.6525641137,
    "operatingIncome": 248150000,
    "operatingIncomeRatio": 0.4327732192,
    "totalOtherIncomeExpensesNet": -248150000,
    "incomeBeforeTax": 0,
    "incomeBeforeTaxRatio": 0,
    "incomeTaxExpense": 37546000,
    "netIncome": 210604000,
    "netIncomeRatio": 0.3672930528,
    "eps": 2.58,
    "epsdiluted": 2.53,
    "weightedAverageShsOut": 66211240,
    "weightedAverageShsOutDil": 67519763,
    "link": "https://www.sec.gov/Archives/edgar/data/915912/000091205701008663/0000912057-01-008663-index.htm",
    "finalLink": "https://www.sec.gov/Archives/edgar/data/915912/000091205701008663/a2042133z10-k405.txt"
  },
  {
    "date": "1999-12-31",
    "symbol": "AVB",
    "reportedCurrency": "USD",
    "cik": "0000915912",
    "fillingDate": "2000-03-10",
    "acceptedDate": "2000-03-10 00:00:00",
    "calendarYear": "1999",
    "period": "FY",
    "revenue": 505979000,
    "costOfRevenue": 0,
    "grossProfit": 505979000,
    "grossProfitRatio": 1,
    "researchAndDevelopmentExpenses": 0,
    "generalAndAdministrativeExpenses": 0,
    "sellingAndMarketingExpenses": 0,
    "sellingGeneralAndAdministrativeExpenses": 9592000,
    "otherExpenses": 287977000,
    "operatingExpenses": 297569000,
    "costAndExpenses": 297569000,
    "interestIncome": 0,
    "interestExpense": 0,
    "depreciationAndAmortization": 113723000,
    "ebitda": 322133000,
    "ebitdaratio": 0.6366529046,
    "operatingIncome": 208410000,
    "operatingIncomeRatio": 0.4118945648,
    "totalOtherIncomeExpensesNet": -208410000,
    "incomeBeforeTax": 0,
    "incomeBeforeTaxRatio": 0,
    "incomeTaxExpense": 19352000,
    "netIncome": 172276000,
    "netIncomeRatio": 0.3404805338,
    "eps": 2.05,
    "epsdiluted": 2.03,
    "weightedAverageShsOut": 64632683,
    "weightedAverageShsOutDil": 65269458,
    "link": "https://www.sec.gov/Archives/edgar/data/915912/000095013300000877/0000950133-00-000877-index.html",
    "finalLink": "https://www.sec.gov/Archives/edgar/data/915912/000095013300000877/"
  },
  {
    "date": "1998-12-31",
    "symbol": "AVB",
    "reportedCurrency": "USD",
    "cik": "0000915912",
    "fillingDate": "1999-03-31",
    "acceptedDate": "1999-03-31 00:00:00",
    "calendarYear": "1998",
    "period": "FY",
    "revenue": 371403000,
    "costOfRevenue": 0,
    "grossProfit": 371403000,
    "grossProfitRatio": 1,
    "researchAndDevelopmentExpenses": 0,
    "generalAndAdministrativeExpenses": 7674000,
    "sellingAndMarketingExpenses": 1450000,
    "sellingGeneralAndAdministrativeExpenses": 9124000,
    "otherExpenses": 213495000,
    "operatingExpenses": 222619000,
    "costAndExpenses": 222619000,
    "interestIncome": 0,
    "interestExpense": 0,
    "depreciationAndAmortization": 80629000,
    "ebitda": 229413000,
    "ebitdaratio": 0.6176929104,
    "operatingIncome": 148784000,
    "operatingIncomeRatio": 0.4005998875,
    "totalOtherIncomeExpensesNet": -148784000,
    "incomeBeforeTax": 145093000,
    "incomeBeforeTaxRatio": 0.3906618956,
    "incomeTaxExpense": 46659000,
    "netIncome": 94434000,
    "netIncomeRatio": 0.2542628896,
    "eps": 1.87,
    "epsdiluted": 1.84,
    "weightedAverageShsOut": 51017647,
    "weightedAverageShsOutDil": 51849457,
    "link": "https://www.sec.gov/Archives/edgar/data/915912/000095013399001129/0000950133-99-001129-index.html",
    "finalLink": "https://www.sec.gov/Archives/edgar/data/915912/"
  },
  {
    "date": "1997-12-31",
    "symbol": "AVB",
    "reportedCurrency": "USD",
    "cik": "0000915912",
    "fillingDate": "1998-04-16",
    "acceptedDate": "1998-04-16 00:00:00",
    "calendarYear": "1997",
    "period": "FY",
    "revenue": 178800000,
    "costOfRevenue": 0,
    "grossProfit": 178800000,
    "grossProfitRatio": 1,
    "researchAndDevelopmentExpenses": 0,
    "generalAndAdministrativeExpenses": 6308000,
    "sellingAndMarketingExpenses": 0,
    "sellingGeneralAndAdministrativeExpenses": 6308000,
    "otherExpenses": -102308000,
    "operatingExpenses": -96000000,
    "costAndExpenses": -96000000,
    "interestIncome": 0,
    "interestExpense": 0,
    "depreciationAndAmortization": 31100000,
    "ebitda": 305900000,
    "ebitdaratio": 1.7108501119,
    "operatingIncome": 274800000,
    "operatingIncomeRatio": 1.5369127517,
    "totalOtherIncomeExpensesNet": -274800000,
    "incomeBeforeTax": 0,
    "incomeBeforeTaxRatio": 0,
    "incomeTaxExpense": 470000,
    "netIncome": 38941000,
    "netIncomeRatio": 0.2177908277,
    "eps": 1.6,
    "epsdiluted": 1.59,
    "weightedAverageShsOut": 28250000,
    "weightedAverageShsOutDil": 28427673,
    "link": "https://www.sec.gov/Archives/edgar/data/915912/000089161898001746/0000891618-98-001746-index.html",
    "finalLink": "https://www.sec.gov/Archives/edgar/data/915912/"
  },
  {
    "date": "1996-12-31",
    "symbol": "AVB",
    "reportedCurrency": "USD",
    "cik": "0000915912",
    "fillingDate": "1997-03-28",
    "acceptedDate": "1997-03-28 00:00:00",
    "calendarYear": "1996",
    "period": "FY",
    "revenue": 82593000,
    "costOfRevenue": 0,
    "grossProfit": 82593000,
    "grossProfitRatio": 1,
    "researchAndDevelopmentExpenses": 0,
    "generalAndAdministrativeExpenses": 3895000,
    "sellingAndMarketingExpenses": 0,
    "sellingGeneralAndAdministrativeExpenses": 3895000,
    "otherExpenses": 58242000,
    "operatingExpenses": 62137000,
    "costAndExpenses": 62137000,
    "interestIncome": 0,
    "interestExpense": 0,
    "depreciationAndAmortization": 18689000,
    "ebitda": 39145000,
    "ebitdaratio": 0.4739505769,
    "operatingIncome": 20456000,
    "operatingIncomeRatio": 0.2476723209,
    "totalOtherIncomeExpensesNet": -20456000,
    "incomeBeforeTax": 0,
    "incomeBeforeTaxRatio": 0,
    "incomeTaxExpense": 830000,
    "netIncome": 19626000,
    "netIncomeRatio": 0.2376230431,
    "eps": 1.02,
    "epsdiluted": 1.02,
    "weightedAverageShsOut": 15060784,
    "weightedAverageShsOutDil": 18000000,
    "link": "https://www.sec.gov/Archives/edgar/data/915912/000089161897001442/0000891618-97-001442-index.html",
    "finalLink": "https://www.sec.gov/Archives/edgar/data/915912/"
  },
  {
    "date": "1995-12-31",
    "symbol": "AVB",
    "reportedCurrency": "USD",
    "cik": "0000915912",
    "fillingDate": "1995-12-31",
    "acceptedDate": "1995-12-30 19:00:00",
    "calendarYear": "1995",
    "period": "FY",
    "revenue": 55900000,
    "costOfRevenue": 0,
    "grossProfit": 55900000,
    "grossProfitRatio": 1,
    "researchAndDevelopmentExpenses": 0,
    "generalAndAdministrativeExpenses": 2500000,
    "sellingAndMarketingExpenses": 0,
    "sellingGeneralAndAdministrativeExpenses": 2500000,
    "otherExpenses": -33000000,
    "operatingExpenses": -30500000,
    "costAndExpenses": -30500000,
    "interestIncome": 0,
    "interestExpense": 0,
    "depreciationAndAmortization": 13700000,
    "ebitda": 100100000,
    "ebitdaratio": 1.7906976744,
    "operatingIncome": 86400000,
    "operatingIncomeRatio": 1.5456171735,
    "totalOtherIncomeExpensesNet": -86400000,
    "incomeBeforeTax": 0,
    "incomeBeforeTaxRatio": 0,
    "incomeTaxExpense": 74900000,
    "netIncome": 11500000,
    "netIncomeRatio": 0.2057245081,
    "eps": 0.91,
    "epsdiluted": 0.91,
    "weightedAverageShsOut": 12637363,
    "weightedAverageShsOutDil": 12637363,
    "link": "",
    "finalLink": ""
  },
  {
    "date": "1994-12-31",
    "symbol": "AVB",
    "reportedCurrency": "USD",
    "cik": "0000915912",
    "fillingDate": "1994-12-31",
    "acceptedDate": "1994-12-30 19:00:00",
    "calendarYear": "1994",
    "period": "FY",
    "revenue": 32000000,
    "costOfRevenue": 0,
    "grossProfit": 32000000,
    "grossProfitRatio": 1,
    "researchAndDevelopmentExpenses": 0,
    "generalAndAdministrativeExpenses": 1600000,
    "sellingAndMarketingExpenses": 0,
    "sellingGeneralAndAdministrativeExpenses": 1600000,
    "otherExpenses": -19800000,
    "operatingExpenses": -18200000,
    "costAndExpenses": -18200000,
    "interestIncome": 0,
    "interestExpense": 0,
    "depreciationAndAmortization": 8400000,
    "ebitda": 58600000,
    "ebitdaratio": 1.83125,
    "operatingIncome": 50200000,
    "operatingIncomeRatio": 1.56875,
    "totalOtherIncomeExpensesNet": -50200000,
    "incomeBeforeTax": 0,
    "incomeBeforeTaxRatio": 0,
    "incomeTaxExpense": 42700000,
    "netIncome": 7500000,
    "netIncomeRatio": 0.234375,
    "eps": 0.65,
    "epsdiluted": 0.65,
    "weightedAverageShsOut": 11538462,
    "weightedAverageShsOutDil": 11538462,
    "link": "",
    "finalLink": ""
  }
]