[
  {
    "date": "2024-11-03",
    "symbol": "AVGO",
    "reportedCurrency": "USD",
    "cik": "0001730168",
    "fillingDate": "2024-12-20",
    "acceptedDate": "2024-12-20 17:26:46",
    "calendarYear": "2024",
    "period": "FY",
    "revenue": 51574000000,
    "costOfRevenue": 19065000000,
    "grossProfit": 32509000000,
    "grossProfitRatio": 0.6303369915,
    "researchAndDevelopmentExpenses": 9310000000,
    "generalAndAdministrativeExpenses": 4959000000,
    "sellingAndMarketingExpenses": 0,
    "sellingGeneralAndAdministrativeExpenses": 4959000000,
    "otherExpenses": 4777000000,
    "operatingExpenses": 19046000000,
    "costAndExpenses": 38111000000,
    "interestIncome": 461000000,
    "interestExpense": 3953000000,
    "depreciationAndAmortization": 10010000000,
    "ebitda": 23879000000,
    "ebitdaratio": 0.4630046147,
    "operatingIncome": 13463000000,
    "operatingIncomeRatio": 0.2610423857,
    "totalOtherIncomeExpensesNet": -3547000000,
    "incomeBeforeTax": 9916000000,
    "incomeBeforeTaxRatio": 0.1922674216,
    "incomeTaxExpense": 3748000000,
    "netIncome": 5895000000,
    "netIncomeRatio": 0.11430178,
    "eps": 1.27,
    "epsdiluted": 1.23,
    "weightedAverageShsOut": 4624000000,
    "weightedAverageShsOutDil": 4778000000,
    "link": "https://www.sec.gov/Archives/edgar/data/1730168/000173016824000139/0001730168-24-000139-index.htm",
    "finalLink": "https://www.sec.gov/Archives/edgar/data/1730168/000173016824000139/avgo-20241103.htm"
  },
  {
    "date": "2023-10-29",
    "symbol": "AVGO",
    "reportedCurrency": "USD",
    "cik": "0001730168",
    "fillingDate": "2023-12-14",
    "acceptedDate": "2023-12-14 16:54:05",
    "calendarYear": "2023",
    "period": "FY",
    "revenue": 35819000000,
    "costOfRevenue": 11129000000,
    "grossProfit": 24690000000,
    "grossProfitRatio": 0.6892989754,
    "researchAndDevelopmentExpenses": 5253000000,
    "generalAndAdministrativeExpenses": 1592000000,
    "sellingAndMarketingExpenses": 0,
    "sellingGeneralAndAdministrativeExpenses": 1592000000,
    "otherExpenses": 1638000000,
    "operatingExpenses": 8483000000,
    "costAndExpenses": 19635000000,
    "interestIncome": 535000000,
    "interestExpense": 1622000000,
    "depreciationAndAmortization": 3835000000,
    "ebitda": 20554000000,
    "ebitdaratio": 0.5738295318,
    "operatingIncome": 16207000000,
    "operatingIncomeRatio": 0.4524693598,
    "totalOtherIncomeExpensesNet": -1110000000,
    "incomeBeforeTax": 15097000000,
    "incomeBeforeTaxRatio": 0.42148022,
    "incomeTaxExpense": 1015000000,
    "netIncome": 14082000000,
    "netIncomeRatio": 0.3931433038,
    "eps": 3.39,
    "epsdiluted": 3.3,
    "weightedAverageShsOut": 4150000000,
    "weightedAverageShsOutDil": 4270000000,
    "link": "https://www.sec.gov/Archives/edgar/data/1730168/000173016823000096/0001730168-23-000096-index.htm",
    "finalLink": "https://www.sec.gov/Archives/edgar/data/1730168/000173016823000096/avgo-20231029.htm"
  },
  {
    "date": "2022-10-30",
    "symbol": "AVGO",
    "reportedCurrency": "USD",
    "cik": "0001730168",
    "fillingDate": "2022-12-16",
    "acceptedDate": "2022-12-16 16:21:52",
    "calendarYear": "2022",
    "period": "FY",
    "revenue": 33203000000,
    "costOfRevenue": 11108000000,
    "grossProfit": 22095000000,
    "grossProfitRatio": 0.665451917,
    "researchAndDevelopmentExpenses": 4919000000,
    "generalAndAdministrativeExpenses": 1382000000,
    "sellingAndMarketingExpenses": 0,
    "sellingGeneralAndAdministrativeExpenses": 1382000000,
    "otherExpenses": 1512000000,
    "operatingExpenses": 7813000000,
    "costAndExpenses": 18921000000,
    "interestIncome": 100000000,
    "interestExpense": 1737000000,
    "depreciationAndAmortization": 4984000000,
    "ebitda": 19155000000,
    "ebitdaratio": 0.5769057013,
    "operatingIncome": 14225000000,
    "operatingIncomeRatio": 0.4284251423,
    "totalOtherIncomeExpensesNet": -1791000000,
    "incomeBeforeTax": 12434000000,
    "incomeBeforeTaxRatio": 0.3744842334,
    "incomeTaxExpense": 939000000,
    "netIncome": 11495000000,
    "netIncomeRatio": 0.3462036563,
    "eps": 2.74,
    "epsdiluted": 2.65,
    "weightedAverageShsOut": 4090000000,
    "weightedAverageShsOutDil": 4230000000,
    "link": "https://www.sec.gov/Archives/edgar/data/1730168/000173016822000118/0001730168-22-000118-index.htm",
    "finalLink": "https://www.sec.gov/Archives/edgar/data/1730168/000173016822000118/avgo-20221030.htm"
  },
  {
    "date": "2021-10-31",
    "symbol": "AVGO",
    "reportedCurrency": "USD",
    "cik": "0001730168",
    "fillingDate": "2021-12-17",
    "acceptedDate": "2021-12-17 16:42:51",
    "calendarYear": "2021",
    "period": "FY",
    "revenue": 27450000000,
    "costOfRevenue": 10606000000,
    "grossProfit": 16844000000,
    "grossProfitRatio": 0.6136247723,
    "researchAndDevelopmentExpenses": 4854000000,
    "generalAndAdministrativeExpenses": 1347000000,
    "sellingAndMarketingExpenses": 0,
    "sellingGeneralAndAdministrativeExpenses": 1347000000,
    "otherExpenses": 2124000000,
    "operatingExpenses": 8325000000,
    "costAndExpenses": 18931000000,
    "interestIncome": 16000000,
    "interestExpense": 1885000000,
    "depreciationAndAmortization": 6041000000,
    "ebitda": 14691000000,
    "ebitdaratio": 0.5351912568,
    "operatingIncome": 8519000000,
    "operatingIncomeRatio": 0.3103460838,
    "totalOtherIncomeExpensesNet": -1754000000,
    "incomeBeforeTax": 6765000000,
    "incomeBeforeTaxRatio": 0.2464480874,
    "incomeTaxExpense": 29000000,
    "netIncome": 6736000000,
    "netIncomeRatio": 0.2453916211,
    "eps": 1.57,
    "epsdiluted": 1.5,
    "weightedAverageShsOut": 4100000000,
    "weightedAverageShsOutDil": 4290000000,
    "link": "https://www.sec.gov/Archives/edgar/data/1730168/000173016821000153/0001730168-21-000153-index.htm",
    "finalLink": "https://www.sec.gov/Archives/edgar/data/1730168/000173016821000153/avgo-20211031.htm"
  },
  {
    "date": "2020-11-01",
    "symbol": "AVGO",
    "reportedCurrency": "USD",
    "cik": "0001730168",
    "fillingDate": "2020-12-18",
    "acceptedDate": "2020-12-18 17:07:10",
    "calendarYear": "2020",
    "period": "FY",
    "revenue": 23888000000,
    "costOfRevenue": 10372000000,
    "grossProfit": 13516000000,
    "grossProfitRatio": 0.5658070998,
    "researchAndDevelopmentExpenses": 4968000000,
    "generalAndAdministrativeExpenses": 1935000000,
    "sellingAndMarketingExpenses": 0,
    "sellingGeneralAndAdministrativeExpenses": 1935000000,
    "otherExpenses": 2599000000,
    "operatingExpenses": 9502000000,
    "costAndExpenses": 19874000000,
    "interestIncome": 53000000,
    "interestExpense": 1777000000,
    "depreciationAndAmortization": 6905000000,
    "ebitda": 11125000000,
    "ebitdaratio": 0.4657150033,
    "operatingIncome": 4014000000,
    "operatingIncomeRatio": 0.1680341594,
    "totalOtherIncomeExpensesNet": -1571000000,
    "incomeBeforeTax": 2443000000,
    "incomeBeforeTaxRatio": 0.1022689216,
    "incomeTaxExpense": -518000000,
    "netIncome": 2960000000,
    "netIncomeRatio": 0.1239115874,
    "eps": 0.66,
    "epsdiluted": 0.63,
    "weightedAverageShsOut": 4020000000,
    "weightedAverageShsOutDil": 4210000000,
    "link": "https://www.sec.gov/Archives/edgar/data/1730168/000173016820000226/0001730168-20-000226-index.htm",
    "finalLink": "https://www.sec.gov/Archives/edgar/data/1730168/000173016820000226/avgo-20201101.htm"
  },
  {
    "date": "2019-11-03",
    "symbol": "AVGO",
    "reportedCurrency": "USD",
    "cik": "0001730168",
    "fillingDate": "2019-12-20",
    "acceptedDate": "2019-12-20 16:10:06",
    "calendarYear": "2019",
    "period": "FY",
    "revenue": 22597000000,
    "costOfRevenue": 10114000000,
    "grossProfit": 12483000000,
    "grossProfitRatio": 0.5524184626,
    "researchAndDevelopmentExpenses": 4696000000,
    "generalAndAdministrativeExpenses": 1709000000,
    "sellingAndMarketingExpenses": 0,
    "sellingGeneralAndAdministrativeExpenses": 1709000000,
    "otherExpenses": 2634000000,
    "operatingExpenses": 9039000000,
    "costAndExpenses": 19153000000,
    "interestIncome": 98000000,
    "interestExpense": 1444000000,
    "depreciationAndAmortization": 5781000000,
    "ebitda": 9451000000,
    "ebitdaratio": 0.4182413595,
    "operatingIncome": 3444000000,
    "operatingIncomeRatio": 0.1524096119,
    "totalOtherIncomeExpensesNet": -1218000000,
    "incomeBeforeTax": 2226000000,
    "incomeBeforeTaxRatio": 0.0985086516,
    "incomeTaxExpense": -510000000,
    "netIncome": 2724000000,
    "netIncomeRatio": 0.1205469753,
    "eps": 0.68,
    "epsdiluted": 0.64,
    "weightedAverageShsOut": 3980000000,
    "weightedAverageShsOutDil": 4190000000,
    "link": "https://www.sec.gov/Archives/edgar/data/1730168/000173016819000144/0001730168-19-000144-index.htm",
    "finalLink": "https://www.sec.gov/Archives/edgar/data/1730168/000173016819000144/avgo-11032019x10k.htm"
  },
  {
    "date": "2018-11-04",
    "symbol": "AVGO",
    "reportedCurrency": "USD",
    "cik": "0001730168",
    "fillingDate": "2018-12-21",
    "acceptedDate": "2018-12-21 17:17:50",
    "calendarYear": "2018",
    "period": "FY",
    "revenue": 20848000000,
    "costOfRevenue": 10115000000,
    "grossProfit": 10733000000,
    "grossProfitRatio": 0.5148215656,
    "researchAndDevelopmentExpenses": 3768000000,
    "generalAndAdministrativeExpenses": 1056000000,
    "sellingAndMarketingExpenses": 0,
    "sellingGeneralAndAdministrativeExpenses": 1056000000,
    "otherExpenses": 774000000,
    "operatingExpenses": 5598000000,
    "costAndExpenses": 15713000000,
    "interestIncome": 114000000,
    "interestExpense": 628000000,
    "depreciationAndAmortization": 4060000000,
    "ebitda": 9233000000,
    "ebitdaratio": 0.442872218,
    "operatingIncome": 5135000000,
    "operatingIncomeRatio": 0.2463066002,
    "totalOtherIncomeExpensesNet": -590000000,
    "incomeBeforeTax": 4545000000,
    "incomeBeforeTaxRatio": 0.2180065234,
    "incomeTaxExpense": -8084000000,
    "netIncome": 12259000000,
    "netIncomeRatio": 0.5880180353,
    "eps": 2.93,
    "epsdiluted": 2.84,
    "weightedAverageShsOut": 4180000000,
    "weightedAverageShsOutDil": 4310000000,
    "link": "https://www.sec.gov/Archives/edgar/data/1730168/000173016818000084/0001730168-18-000084-index.htm",
    "finalLink": "https://www.sec.gov/Archives/edgar/data/1730168/000173016818000084/avgo-11042018x10k.htm"
  },
  {
    "date": "2017-10-31",
    "symbol": "AVGO",
    "reportedCurrency": "USD",
    "cik": "0001730168",
    "fillingDate": "2017-10-31",
    "acceptedDate": "2017-10-31 00:00:00",
    "calendarYear": "2017",
    "period": "FY",
    "revenue": 17636000000,
    "costOfRevenue": 9127000000,
    "grossProfit": 8509000000,
    "grossProfitRatio": 0.4824790202,
    "researchAndDevelopmentExpenses": 3292000000,
    "generalAndAdministrativeExpenses": 787000000,
    "sellingAndMarketingExpenses": 2000000,
    "sellingGeneralAndAdministrativeExpenses": 789000000,
    "otherExpenses": 2057000000,
    "operatingExpenses": 6138000000,
    "costAndExpenses": 15265000000,
    "interestIncome": 44000000,
    "interestExpense": 454000000,
    "depreciationAndAmortization": 4726000000,
    "ebitda": 7005000000,
    "ebitdaratio": 0.3971989113,
    "operatingIncome": 2371000000,
    "operatingIncomeRatio": 0.1344409163,
    "totalOtherIncomeExpensesNet": -546000000,
    "incomeBeforeTax": 1825000000,
    "incomeBeforeTaxRatio": 0.1034815151,
    "incomeTaxExpense": 35000000,
    "netIncome": 1692000000,
    "netIncomeRatio": 0.0959401225,
    "eps": 0.42,
    "epsdiluted": 0.42,
    "weightedAverageShsOut": 4050000000,
    "weightedAverageShsOutDil": 4090000000,
    "link": null,
    "finalLink": null
  },
  {
    "date": "2016-10-31",
    "symbol": "AVGO",
    "reportedCurrency": "USD",
    "cik": "0001730168",
    "fillingDate": "2016-10-31",
    "acceptedDate": "2016-10-31 00:00:00",
    "calendarYear": "2016",
    "period": "FY",
    "revenue": 13240000000,
    "costOfRevenue": 7300000000,
    "grossProfit": 5940000000,
    "grossProfitRatio": 0.4486404834,
    "researchAndDevelopmentExpenses": 2674000000,
    "generalAndAdministrativeExpenses": 806000000,
    "sellingAndMarketingExpenses": 0,
    "sellingGeneralAndAdministrativeExpenses": 806000000,
    "otherExpenses": 2869000000,
    "operatingExpenses": 6349000000,
    "costAndExpenses": 13649000000,
    "interestIncome": 10000000,
    "interestExpense": 585000000,
    "depreciationAndAmortization": 3038000000,
    "ebitda": 2516000000,
    "ebitdaratio": 0.1900302115,
    "operatingIncome": -409000000,
    "operatingIncomeRatio": -0.0308912387,
    "totalOtherIncomeExpensesNet": -698000000,
    "incomeBeforeTax": -1107000000,
    "incomeBeforeTaxRatio": -0.0836102719,
    "incomeTaxExpense": 642000000,
    "netIncome": -1739000000,
    "netIncomeRatio": -0.1313444109,
    "eps": -0.48,
    "epsdiluted": -0.44,
    "weightedAverageShsOut": 3660000000,
    "weightedAverageShsOutDil": 3830000000,
    "link": null,
    "finalLink": null
  },
  {
    "date": "2015-10-31",
    "symbol": "AVGO",
    "reportedCurrency": "USD",
    "cik": "0001730168",
    "fillingDate": "2015-10-31",
    "acceptedDate": "2015-10-31 00:00:00",
    "calendarYear": "2015",
    "period": "FY",
    "revenue": 6824000000,
    "costOfRevenue": 3271000000,
    "grossProfit": 3553000000,
    "grossProfitRatio": 0.5206623681,
    "researchAndDevelopmentExpenses": 1049000000,
    "generalAndAdministrativeExpenses": 486000000,
    "sellingAndMarketingExpenses": 0,
    "sellingGeneralAndAdministrativeExpenses": 486000000,
    "otherExpenses": 386000000,
    "operatingExpenses": 1921000000,
    "costAndExpenses": 5192000000,
    "interestIncome": 8000000,
    "interestExpense": 191000000,
    "depreciationAndAmortization": 962000000,
    "ebitda": 2620000000,
    "ebitdaratio": 0.3839390387,
    "operatingIncome": 1632000000,
    "operatingIncomeRatio": 0.2391559203,
    "totalOtherIncomeExpensesNet": -165000000,
    "incomeBeforeTax": 1467000000,
    "incomeBeforeTaxRatio": 0.2149765533,
    "incomeTaxExpense": 76000000,
    "netIncome": 1364000000,
    "netIncomeRatio": 0.1998827667,
    "eps": 0.52,
    "epsdiluted": 0.49,
    "weightedAverageShsOut": 2640000000,
    "weightedAverageShsOutDil": 2810000000,
    "link": null,
    "finalLink": null
  },
  {
    "date": "2014-10-31",
    "symbol": "AVGO",
    "reportedCurrency": "USD",
    "cik": "0001730168",
    "fillingDate": "2014-10-31",
    "acceptedDate": "2014-10-31 00:00:00",
    "calendarYear": "2014",
    "period": "FY",
    "revenue": 4269000000,
    "costOfRevenue": 2392000000,
    "grossProfit": 1877000000,
    "grossProfitRatio": 0.4396814242,
    "researchAndDevelopmentExpenses": 695000000,
    "generalAndAdministrativeExpenses": 407000000,
    "sellingAndMarketingExpenses": 0,
    "sellingGeneralAndAdministrativeExpenses": 407000000,
    "otherExpenses": 337000000,
    "operatingExpenses": 1439000000,
    "costAndExpenses": 3831000000,
    "interestIncome": 6000000,
    "interestExpense": 110000000,
    "depreciationAndAmortization": 625000000,
    "ebitda": 1077000000,
    "ebitdaratio": 0.2522839072,
    "operatingIncome": 438000000,
    "operatingIncomeRatio": 0.1026001405,
    "totalOtherIncomeExpensesNet": -96000000,
    "incomeBeforeTax": 342000000,
    "incomeBeforeTaxRatio": 0.0801124385,
    "incomeTaxExpense": 33000000,
    "netIncome": 263000000,
    "netIncomeRatio": 0.0616069337,
    "eps": 0.11,
    "epsdiluted": 0.099,
    "weightedAverageShsOut": 2510000000,
    "weightedAverageShsOutDil": 2670000000,
    "link": null,
    "finalLink": null
  },
  {
    "date": "2013-10-31",
    "symbol": "AVGO",
    "reportedCurrency": "USD",
    "cik": "0001730168",
    "fillingDate": "2013-10-31",
    "acceptedDate": "2013-10-31 00:00:00",
    "calendarYear": "2013",
    "period": "FY",
    "revenue": 2520000000,
    "costOfRevenue": 1322000000,
    "grossProfit": 1198000000,
    "grossProfitRatio": 0.4753968254,
    "researchAndDevelopmentExpenses": 398000000,
    "generalAndAdministrativeExpenses": 222000000,
    "sellingAndMarketingExpenses": 0,
    "sellingGeneralAndAdministrativeExpenses": 222000000,
    "otherExpenses": 26000000,
    "operatingExpenses": 646000000,
    "costAndExpenses": 1954000000,
    "interestIncome": 4000000,
    "interestExpense": 2000000,
    "depreciationAndAmortization": 187000000,
    "ebitda": 757000000,
    "ebitdaratio": 0.3003968254,
    "operatingIncome": 552000000,
    "operatingIncomeRatio": 0.219047619,
    "totalOtherIncomeExpensesNet": 16000000,
    "incomeBeforeTax": 568000000,
    "incomeBeforeTaxRatio": 0.2253968254,
    "incomeTaxExpense": 16000000,
    "netIncome": 552000000,
    "netIncomeRatio": 0.219047619,
    "eps": 0.22,
    "epsdiluted": 0.22,
    "weightedAverageShsOut": 2520000000,
    "weightedAverageShsOutDil": 2520000000,
    "link": null,
    "finalLink": null
  },
  {
    "date": "2012-10-31",
    "symbol": "AVGO",
    "reportedCurrency": "USD",
    "cik": "0001730168",
    "fillingDate": "2012-10-31",
    "acceptedDate": "2012-10-31 00:00:00",
    "calendarYear": "2012",
    "period": "FY",
    "revenue": 2364000000,
    "costOfRevenue": 1222000000,
    "grossProfit": 1142000000,
    "grossProfitRatio": 0.4830795262,
    "researchAndDevelopmentExpenses": 335000000,
    "generalAndAdministrativeExpenses": 199000000,
    "sellingAndMarketingExpenses": 0,
    "sellingGeneralAndAdministrativeExpenses": 199000000,
    "otherExpenses": 21000000,
    "operatingExpenses": 555000000,
    "costAndExpenses": 1777000000,
    "interestIncome": 4000000,
    "interestExpense": 1000000,
    "depreciationAndAmortization": 155000000,
    "ebitda": 742000000,
    "ebitdaratio": 0.3138747885,
    "operatingIncome": 582000000,
    "operatingIncomeRatio": 0.2461928934,
    "totalOtherIncomeExpensesNet": 3000000,
    "incomeBeforeTax": 585000000,
    "incomeBeforeTaxRatio": 0.2474619289,
    "incomeTaxExpense": 22000000,
    "netIncome": 563000000,
    "netIncomeRatio": 0.2381556684,
    "eps": 0.23,
    "epsdiluted": 0.23,
    "weightedAverageShsOut": 2450000000,
    "weightedAverageShsOutDil": 2500000000,
    "link": null,
    "finalLink": null
  },
  {
    "date": "2011-10-31",
    "symbol": "AVGO",
    "reportedCurrency": "USD",
    "cik": "0001730168",
    "fillingDate": "2011-10-31",
    "acceptedDate": "2011-10-31 00:00:00",
    "calendarYear": "2011",
    "period": "FY",
    "revenue": 2336000000,
    "costOfRevenue": 1189000000,
    "grossProfit": 1147000000,
    "grossProfitRatio": 0.491010274,
    "researchAndDevelopmentExpenses": 317000000,
    "generalAndAdministrativeExpenses": 220000000,
    "sellingAndMarketingExpenses": 0,
    "sellingGeneralAndAdministrativeExpenses": 220000000,
    "otherExpenses": 22000000,
    "operatingExpenses": 559000000,
    "costAndExpenses": 1748000000,
    "interestIncome": 1000000,
    "interestExpense": 4000000,
    "depreciationAndAmortization": 157000000,
    "ebitda": 722000000,
    "ebitdaratio": 0.3090753425,
    "operatingIncome": 584000000,
    "operatingIncomeRatio": 0.25,
    "totalOtherIncomeExpensesNet": -23000000,
    "incomeBeforeTax": 561000000,
    "incomeBeforeTaxRatio": 0.2401541096,
    "incomeTaxExpense": 9000000,
    "netIncome": 552000000,
    "netIncomeRatio": 0.2363013699,
    "eps": 0.23,
    "epsdiluted": 0.22,
    "weightedAverageShsOut": 2450000000,
    "weightedAverageShsOutDil": 2520000000,
    "link": null,
    "finalLink": null
  },
  {
    "date": "2010-10-31",
    "symbol": "AVGO",
    "reportedCurrency": "USD",
    "cik": "0001730168",
    "fillingDate": "2010-10-31",
    "acceptedDate": "2010-10-31 00:00:00",
    "calendarYear": "2010",
    "period": "FY",
    "revenue": 2093000000,
    "costOfRevenue": 1127000000,
    "grossProfit": 966000000,
    "grossProfitRatio": 0.4615384615,
    "researchAndDevelopmentExpenses": 280000000,
    "generalAndAdministrativeExpenses": 196000000,
    "sellingAndMarketingExpenses": 0,
    "sellingGeneralAndAdministrativeExpenses": 196000000,
    "otherExpenses": 21000000,
    "operatingExpenses": 497000000,
    "costAndExpenses": 1624000000,
    "interestIncome": 0,
    "interestExpense": 34000000,
    "depreciationAndAmortization": 159000000,
    "ebitda": 599000000,
    "ebitdaratio": 0.2861920688,
    "operatingIncome": 470000000,
    "operatingIncomeRatio": 0.2245580506,
    "totalOtherIncomeExpensesNet": -64000000,
    "incomeBeforeTax": 406000000,
    "incomeBeforeTaxRatio": 0.1939799331,
    "incomeTaxExpense": -9000000,
    "netIncome": 415000000,
    "netIncomeRatio": 0.1982799809,
    "eps": 0.17,
    "epsdiluted": 0.17,
    "weightedAverageShsOut": 2380000000,
    "weightedAverageShsOutDil": 2460000000,
    "link": null,
    "finalLink": null
  },
  {
    "date": "2009-10-31",
    "symbol": "AVGO",
    "reportedCurrency": "USD",
    "cik": "0001730168",
    "fillingDate": "2009-10-31",
    "acceptedDate": "2009-10-31 00:00:00",
    "calendarYear": "2009",
    "period": "FY",
    "revenue": 1484000000,
    "costOfRevenue": 924000000,
    "grossProfit": 560000000,
    "grossProfitRatio": 0.3773584906,
    "researchAndDevelopmentExpenses": 245000000,
    "generalAndAdministrativeExpenses": 169000000,
    "sellingAndMarketingExpenses": 0,
    "sellingGeneralAndAdministrativeExpenses": 169000000,
    "otherExpenses": 98000000,
    "operatingExpenses": 512000000,
    "costAndExpenses": 1402000000,
    "interestIncome": 0,
    "interestExpense": 77000000,
    "depreciationAndAmortization": 160000000,
    "ebitda": 201000000,
    "ebitdaratio": 0.1354447439,
    "operatingIncome": 48000000,
    "operatingIncomeRatio": 0.0323450135,
    "totalOtherIncomeExpensesNet": -84000000,
    "incomeBeforeTax": -36000000,
    "incomeBeforeTaxRatio": -0.0242587601,
    "incomeTaxExpense": 8000000,
    "netIncome": -44000000,
    "netIncomeRatio": -0.0296495957,
    "eps": -0.0201,
    "epsdiluted": -0.0201,
    "weightedAverageShsOut": 2190000000,
    "weightedAverageShsOutDil": 2190000000,
    "link": null,
    "finalLink": null
  },
  {
    "date": "2008-10-31",
    "symbol": "AVGO",
    "reportedCurrency": "USD",
    "cik": "0001730168",
    "fillingDate": "2008-10-31",
    "acceptedDate": "2008-10-31 00:00:00",
    "calendarYear": "2008",
    "period": "FY",
    "revenue": 1699000000,
    "costOfRevenue": 1044000000,
    "grossProfit": 655000000,
    "grossProfitRatio": 0.3855208946,
    "researchAndDevelopmentExpenses": 265000000,
    "generalAndAdministrativeExpenses": 196000000,
    "sellingAndMarketingExpenses": 0,
    "sellingGeneralAndAdministrativeExpenses": 196000000,
    "otherExpenses": 34000000,
    "operatingExpenses": 495000000,
    "costAndExpenses": 1533000000,
    "interestIncome": 0,
    "interestExpense": 86000000,
    "depreciationAndAmortization": 159000000,
    "ebitda": 305000000,
    "ebitdaratio": 0.1795173632,
    "operatingIncome": 160000000,
    "operatingIncomeRatio": 0.094173043,
    "totalOtherIncomeExpensesNet": -100000000,
    "incomeBeforeTax": 60000000,
    "incomeBeforeTaxRatio": 0.0353148911,
    "incomeTaxExpense": 3000000,
    "netIncome": 83000000,
    "netIncomeRatio": 0.048852266,
    "eps": 0.039,
    "epsdiluted": 0.038,
    "weightedAverageShsOut": 2140000000,
    "weightedAverageShsOutDil": 2190000000,
    "link": null,
    "finalLink": null
  },
  {
    "date": "2007-10-31",
    "symbol": "AVGO",
    "reportedCurrency": "USD",
    "cik": "0001730168",
    "fillingDate": "2007-10-31",
    "acceptedDate": "2007-10-31 00:00:00",
    "calendarYear": "2007",
    "period": "FY",
    "revenue": 1527000000,
    "costOfRevenue": 1165000000,
    "grossProfit": 362000000,
    "grossProfitRatio": 0.2370661428,
    "researchAndDevelopmentExpenses": 205000000,
    "generalAndAdministrativeExpenses": 193000000,
    "sellingAndMarketingExpenses": 0,
    "sellingGeneralAndAdministrativeExpenses": 193000000,
    "otherExpenses": 69000000,
    "operatingExpenses": 467000000,
    "costAndExpenses": 1632000000,
    "interestIncome": 0,
    "interestExpense": 109000000,
    "depreciationAndAmortization": 176000000,
    "ebitda": 73000000,
    "ebitdaratio": 0.0478061559,
    "operatingIncome": -105000000,
    "operatingIncomeRatio": -0.068762279,
    "totalOtherIncomeExpensesNet": -107000000,
    "incomeBeforeTax": -212000000,
    "incomeBeforeTaxRatio": -0.1388343157,
    "incomeTaxExpense": 8000000,
    "netIncome": -159000000,
    "netIncomeRatio": -0.1041257367,
    "eps": -0.074,
    "epsdiluted": -0.074,
    "weightedAverageShsOut": 2140000000,
    "weightedAverageShsOutDil": 2140000000,
    "link": null,
    "finalLink": null
  },
  {
    "date": "2006-10-31",
    "symbol": "AVGO",
    "reportedCurrency": "USD",
    "cik": "0001730168",
    "fillingDate": "2006-10-31",
    "acceptedDate": "2006-10-30 19:00:00",
    "calendarYear": "2006",
    "period": "FY",
    "revenue": 1513000000,
    "costOfRevenue": 1124000000,
    "grossProfit": 389000000,
    "grossProfitRatio": 0.2571050892,
    "researchAndDevelopmentExpenses": 209000000,
    "generalAndAdministrativeExpenses": 0,
    "sellingAndMarketingExpenses": 0,
    "sellingGeneralAndAdministrativeExpenses": 270000000,
    "otherExpenses": 0,
    "operatingExpenses": 479000000,
    "costAndExpenses": 1603000000,
    "interestIncome": 0,
    "interestExpense": 143000000,
    "depreciationAndAmortization": 210000000,
    "ebitda": 105000000,
    "ebitdaratio": 0.0693985459,
    "operatingIncome": -90000000,
    "operatingIncomeRatio": -0.0594844679,
    "totalOtherIncomeExpensesNet": -158000000,
    "incomeBeforeTax": -248000000,
    "incomeBeforeTaxRatio": -0.1639127561,
    "incomeTaxExpense": 5000000,
    "netIncome": -251000000,
    "netIncomeRatio": -0.1658955717,
    "eps": -0.1,
    "epsdiluted": -0.1,
    "weightedAverageShsOut": 2462860000,
    "weightedAverageShsOutDil": 2462860000,
    "link": null,
    "finalLink": null
  }
]