[
  {
    "date": "2025-06-28",
    "symbol": "AVY",
    "reportedCurrency": "USD",
    "cik": "0000008818",
    "fillingDate": "2025-07-29",
    "acceptedDate": "2025-07-29 16:12:14",
    "calendarYear": "2025",
    "period": "Q2",
    "revenue": 2220500000,
    "costOfRevenue": 1581400000,
    "grossProfit": 639100000,
    "grossProfitRatio": 0.287818059,
    "researchAndDevelopmentExpenses": 0,
    "generalAndAdministrativeExpenses": 0,
    "sellingAndMarketingExpenses": 0,
    "sellingGeneralAndAdministrativeExpenses": 352400000,
    "otherExpenses": 0,
    "operatingExpenses": 352400000,
    "costAndExpenses": 1933800000,
    "interestIncome": 0,
    "interestExpense": 34000000,
    "depreciationAndAmortization": 80800000,
    "ebitda": 370300000,
    "ebitdaratio": 0.1667642423,
    "operatingIncome": 286700000,
    "operatingIncomeRatio": 0.1291150642,
    "totalOtherIncomeExpensesNet": -31200000,
    "incomeBeforeTax": 255500000,
    "incomeBeforeTaxRatio": 0.1150641747,
    "incomeTaxExpense": 66500000,
    "netIncome": 189000000,
    "netIncomeRatio": 0.0851159649,
    "eps": 2.42,
    "epsdiluted": 2.41,
    "weightedAverageShsOut": 78044822,
    "weightedAverageShsOutDil": 78300000,
    "link": "https://www.sec.gov/Archives/edgar/data/8818/000000881825000040/0000008818-25-000040-index.htm",
    "finalLink": "https://www.sec.gov/Archives/edgar/data/8818/000000881825000040/avy-20250628.htm"
  },
  {
    "date": "2025-03-29",
    "symbol": "AVY",
    "reportedCurrency": "USD",
    "cik": "0000008818",
    "fillingDate": "2025-04-29",
    "acceptedDate": "2025-04-29 16:04:04",
    "calendarYear": "2025",
    "period": "Q1",
    "revenue": 2148300000,
    "costOfRevenue": 1526800000,
    "grossProfit": 621500000,
    "grossProfitRatio": 0.2892985151,
    "researchAndDevelopmentExpenses": 0,
    "generalAndAdministrativeExpenses": 0,
    "sellingAndMarketingExpenses": 0,
    "sellingGeneralAndAdministrativeExpenses": 366900000,
    "otherExpenses": 0,
    "operatingExpenses": 366900000,
    "costAndExpenses": 1893700000,
    "interestIncome": 0,
    "interestExpense": 30900000,
    "depreciationAndAmortization": 77900000,
    "ebitda": 335800000,
    "ebitdaratio": 0.1563096402,
    "operatingIncome": 254600000,
    "operatingIncomeRatio": 0.1185123121,
    "totalOtherIncomeExpensesNet": -27600000,
    "incomeBeforeTax": 227000000,
    "incomeBeforeTaxRatio": 0.1056649444,
    "incomeTaxExpense": 60700000,
    "netIncome": 166300000,
    "netIncomeRatio": 0.0774100452,
    "eps": 2.1,
    "epsdiluted": 2.09,
    "weightedAverageShsOut": 78965996,
    "weightedAverageShsOutDil": 79400000,
    "link": "https://www.sec.gov/Archives/edgar/data/8818/000000881825000012/0000008818-25-000012-index.htm",
    "finalLink": "https://www.sec.gov/Archives/edgar/data/8818/000000881825000012/avy-20250329.htm"
  },
  {
    "date": "2024-12-28",
    "symbol": "AVY",
    "reportedCurrency": "USD",
    "cik": "0000008818",
    "fillingDate": "2025-02-26",
    "acceptedDate": "2025-02-26 13:36:51",
    "calendarYear": "2024",
    "period": "Q4",
    "revenue": 2185700000,
    "costOfRevenue": 1576500000,
    "grossProfit": 609200000,
    "grossProfitRatio": 0.278720776,
    "researchAndDevelopmentExpenses": 0,
    "generalAndAdministrativeExpenses": 0,
    "sellingAndMarketingExpenses": 0,
    "sellingGeneralAndAdministrativeExpenses": 329300000,
    "otherExpenses": 0,
    "operatingExpenses": 329300000,
    "costAndExpenses": 1905800000,
    "interestIncome": 0,
    "interestExpense": 29200000,
    "depreciationAndAmortization": 78200000,
    "ebitda": 348800000,
    "ebitdaratio": 0.1595827424,
    "operatingIncome": 279900000,
    "operatingIncomeRatio": 0.1280596605,
    "totalOtherIncomeExpensesNet": -38500000,
    "incomeBeforeTax": 241400000,
    "incomeBeforeTaxRatio": 0.1104451663,
    "incomeTaxExpense": 67400000,
    "netIncome": 174000000,
    "netIncomeRatio": 0.0796083635,
    "eps": 2.18,
    "epsdiluted": 2.16,
    "weightedAverageShsOut": 79800396,
    "weightedAverageShsOutDil": 80400000,
    "link": "https://www.sec.gov/Archives/edgar/data/8818/000000881825000003/0000008818-25-000003-index.htm",
    "finalLink": "https://www.sec.gov/Archives/edgar/data/8818/000000881825000003/avy-20241228.htm"
  },
  {
    "date": "2024-09-28",
    "symbol": "AVY",
    "reportedCurrency": "USD",
    "cik": "0000008818",
    "fillingDate": "2024-10-29",
    "acceptedDate": "2024-10-29 12:01:54",
    "calendarYear": "2024",
    "period": "Q3",
    "revenue": 2183400000,
    "costOfRevenue": 1556800000,
    "grossProfit": 626600000,
    "grossProfitRatio": 0.2869836036,
    "researchAndDevelopmentExpenses": 0,
    "generalAndAdministrativeExpenses": 0,
    "sellingAndMarketingExpenses": 0,
    "sellingGeneralAndAdministrativeExpenses": 346900000,
    "otherExpenses": 0,
    "operatingExpenses": 346900000,
    "costAndExpenses": 1903700000,
    "interestIncome": 0,
    "interestExpense": 30000000,
    "depreciationAndAmortization": 78100000,
    "ebitda": 347400000,
    "ebitdaratio": 0.1591096455,
    "operatingIncome": 279700000,
    "operatingIncomeRatio": 0.1281029587,
    "totalOtherIncomeExpensesNet": -40400000,
    "incomeBeforeTax": 239300000,
    "incomeBeforeTaxRatio": 0.1095997069,
    "incomeTaxExpense": 57600000,
    "netIncome": 181700000,
    "netIncomeRatio": 0.083218833,
    "eps": 2.26,
    "epsdiluted": 2.25,
    "weightedAverageShsOut": 80440716,
    "weightedAverageShsOutDil": 80800000,
    "link": "https://www.sec.gov/Archives/edgar/data/8818/000000881824000017/0000008818-24-000017-index.htm",
    "finalLink": "https://www.sec.gov/Archives/edgar/data/8818/000000881824000017/avy-20240928.htm"
  },
  {
    "date": "2024-06-29",
    "symbol": "AVY",
    "reportedCurrency": "USD",
    "cik": "0000008818",
    "fillingDate": "2024-07-30",
    "acceptedDate": "2024-07-30 13:34:39",
    "calendarYear": "2024",
    "period": "Q2",
    "revenue": 2235300000,
    "costOfRevenue": 1572600000,
    "grossProfit": 662700000,
    "grossProfitRatio": 0.2964702724,
    "researchAndDevelopmentExpenses": 0,
    "generalAndAdministrativeExpenses": 0,
    "sellingAndMarketingExpenses": 0,
    "sellingGeneralAndAdministrativeExpenses": 373900000,
    "otherExpenses": 0,
    "operatingExpenses": 373900000,
    "costAndExpenses": 1946500000,
    "interestIncome": 0,
    "interestExpense": 29200000,
    "depreciationAndAmortization": 78600000,
    "ebitda": 346200000,
    "ebitdaratio": 0.1548785398,
    "operatingIncome": 288800000,
    "operatingIncomeRatio": 0.12919966,
    "totalOtherIncomeExpensesNet": -50400000,
    "incomeBeforeTax": 238400000,
    "incomeBeforeTaxRatio": 0.1066523509,
    "incomeTaxExpense": 61600000,
    "netIncome": 176800000,
    "netIncomeRatio": 0.0790945287,
    "eps": 2.2,
    "epsdiluted": 2.18,
    "weightedAverageShsOut": 80500000,
    "weightedAverageShsOutDil": 81000000,
    "link": "https://www.sec.gov/Archives/edgar/data/8818/000000881824000015/0000008818-24-000015-index.htm",
    "finalLink": "https://www.sec.gov/Archives/edgar/data/8818/000000881824000015/avy-20240629.htm"
  },
  {
    "date": "2024-03-30",
    "symbol": "AVY",
    "reportedCurrency": "USD",
    "cik": "0000008818",
    "fillingDate": "2024-04-30",
    "acceptedDate": "2024-04-30 16:02:19",
    "calendarYear": "2024",
    "period": "Q1",
    "revenue": 2151300000,
    "costOfRevenue": 1519100000,
    "grossProfit": 632200000,
    "grossProfitRatio": 0.2938688235,
    "researchAndDevelopmentExpenses": 0,
    "generalAndAdministrativeExpenses": 0,
    "sellingAndMarketingExpenses": 0,
    "sellingGeneralAndAdministrativeExpenses": 365200000,
    "otherExpenses": 0,
    "operatingExpenses": 365200000,
    "costAndExpenses": 1884300000,
    "interestIncome": 0,
    "interestExpense": 28600000,
    "depreciationAndAmortization": 77300000,
    "ebitda": 340300000,
    "ebitdaratio": 0.158183424,
    "operatingIncome": 267000000,
    "operatingIncomeRatio": 0.1241110026,
    "totalOtherIncomeExpensesNet": -32600000,
    "incomeBeforeTax": 234400000,
    "incomeBeforeTaxRatio": 0.1089573746,
    "incomeTaxExpense": 62000000,
    "netIncome": 172400000,
    "netIncomeRatio": 0.0801375912,
    "eps": 2.14,
    "epsdiluted": 2.13,
    "weightedAverageShsOut": 80500000,
    "weightedAverageShsOutDil": 81000000,
    "link": "https://www.sec.gov/Archives/edgar/data/8818/000000881824000009/0000008818-24-000009-index.htm",
    "finalLink": "https://www.sec.gov/Archives/edgar/data/8818/000000881824000009/avy-20240330.htm"
  },
  {
    "date": "2023-12-30",
    "symbol": "AVY",
    "reportedCurrency": "USD",
    "cik": "0000008818",
    "fillingDate": "2024-02-21",
    "acceptedDate": "2024-02-21 16:04:03",
    "calendarYear": "2023",
    "period": "Q4",
    "revenue": 2110500000,
    "costOfRevenue": 1514500000,
    "grossProfit": 596000000,
    "grossProfitRatio": 0.2823975361,
    "researchAndDevelopmentExpenses": 0,
    "generalAndAdministrativeExpenses": 0,
    "sellingAndMarketingExpenses": 0,
    "sellingGeneralAndAdministrativeExpenses": 334900000,
    "otherExpenses": 0,
    "operatingExpenses": 334900000,
    "costAndExpenses": 1849400000,
    "interestIncome": 6900000,
    "interestExpense": 29700000,
    "depreciationAndAmortization": 77000000,
    "ebitda": 308300000,
    "ebitdaratio": 0.1460791282,
    "operatingIncome": 261100000,
    "operatingIncomeRatio": 0.1237147595,
    "totalOtherIncomeExpensesNet": -59500000,
    "incomeBeforeTax": 201600000,
    "incomeBeforeTaxRatio": 0.0955223881,
    "incomeTaxExpense": 58500000,
    "netIncome": 143100000,
    "netIncomeRatio": 0.067803838,
    "eps": 1.78,
    "epsdiluted": 1.77,
    "weightedAverageShsOut": 80495585,
    "weightedAverageShsOutDil": 81000000,
    "link": "https://www.sec.gov/Archives/edgar/data/8818/000000881824000003/0000008818-24-000003-index.htm",
    "finalLink": "https://www.sec.gov/Archives/edgar/data/8818/000000881824000003/avy-20231230.htm"
  },
  {
    "date": "2023-09-30",
    "symbol": "AVY",
    "reportedCurrency": "USD",
    "cik": "0000008818",
    "fillingDate": "2023-10-31",
    "acceptedDate": "2023-10-31 16:04:36",
    "calendarYear": "2023",
    "period": "Q3",
    "revenue": 2098300000,
    "costOfRevenue": 1512500000,
    "grossProfit": 585800000,
    "grossProfitRatio": 0.2791783825,
    "researchAndDevelopmentExpenses": 0,
    "generalAndAdministrativeExpenses": 0,
    "sellingAndMarketingExpenses": 0,
    "sellingGeneralAndAdministrativeExpenses": 332600000,
    "otherExpenses": 0,
    "operatingExpenses": 332600000,
    "costAndExpenses": 1845100000,
    "interestIncome": 0,
    "interestExpense": 31000000,
    "depreciationAndAmortization": 75100000,
    "ebitda": 290700000,
    "ebitdaratio": 0.1385407234,
    "operatingIncome": 253200000,
    "operatingIncomeRatio": 0.1206691131,
    "totalOtherIncomeExpensesNet": -68600000,
    "incomeBeforeTax": 184600000,
    "incomeBeforeTaxRatio": 0.0879759806,
    "incomeTaxExpense": 46300000,
    "netIncome": 138300000,
    "netIncomeRatio": 0.065910499,
    "eps": 1.72,
    "epsdiluted": 1.71,
    "weightedAverageShsOut": 80600000,
    "weightedAverageShsOutDil": 81000000,
    "link": "https://www.sec.gov/Archives/edgar/data/8818/000000881823000018/0000008818-23-000018-index.htm",
    "finalLink": "https://www.sec.gov/Archives/edgar/data/8818/000000881823000018/avy-20230930.htm"
  },
  {
    "date": "2023-07-01",
    "symbol": "AVY",
    "reportedCurrency": "USD",
    "cik": "0000008818",
    "fillingDate": "2023-08-01",
    "acceptedDate": "2023-08-01 16:04:59",
    "calendarYear": "2023",
    "period": "Q2",
    "revenue": 2090500000,
    "costOfRevenue": 1537100000,
    "grossProfit": 553400000,
    "grossProfitRatio": 0.2647213585,
    "researchAndDevelopmentExpenses": 0,
    "generalAndAdministrativeExpenses": 0,
    "sellingAndMarketingExpenses": 0,
    "sellingGeneralAndAdministrativeExpenses": 319600000,
    "otherExpenses": 0,
    "operatingExpenses": 319600000,
    "costAndExpenses": 1856700000,
    "interestIncome": 0,
    "interestExpense": 31900000,
    "depreciationAndAmortization": 74000000,
    "ebitda": 246100000,
    "ebitdaratio": 0.1177230328,
    "operatingIncome": 233800000,
    "operatingIncomeRatio": 0.1118392729,
    "totalOtherIncomeExpensesNet": -93600000,
    "incomeBeforeTax": 140200000,
    "incomeBeforeTaxRatio": 0.0670652954,
    "incomeTaxExpense": 39800000,
    "netIncome": 100400000,
    "netIncomeRatio": 0.0480267878,
    "eps": 1.24,
    "epsdiluted": 1.24,
    "weightedAverageShsOut": 80700000,
    "weightedAverageShsOutDil": 81000000,
    "link": "https://www.sec.gov/Archives/edgar/data/8818/000000881823000015/0000008818-23-000015-index.htm",
    "finalLink": "https://www.sec.gov/Archives/edgar/data/8818/000000881823000015/avy-20230701.htm"
  },
  {
    "date": "2023-04-01",
    "symbol": "AVY",
    "reportedCurrency": "USD",
    "cik": "0000008818",
    "fillingDate": "2023-05-02",
    "acceptedDate": "2023-05-02 16:05:30",
    "calendarYear": "2023",
    "period": "Q1",
    "revenue": 2065000000,
    "costOfRevenue": 1522700000,
    "grossProfit": 542300000,
    "grossProfitRatio": 0.2626150121,
    "researchAndDevelopmentExpenses": 0,
    "generalAndAdministrativeExpenses": 0,
    "sellingAndMarketingExpenses": 0,
    "sellingGeneralAndAdministrativeExpenses": 334400000,
    "otherExpenses": 0,
    "operatingExpenses": 334400000,
    "costAndExpenses": 1857100000,
    "interestIncome": 0,
    "interestExpense": 26400000,
    "depreciationAndAmortization": 72300000,
    "ebitda": 267000000,
    "ebitdaratio": 0.1292978208,
    "operatingIncome": 207900000,
    "operatingIncomeRatio": 0.1006779661,
    "totalOtherIncomeExpensesNet": -39600000,
    "incomeBeforeTax": 168300000,
    "incomeBeforeTaxRatio": 0.0815012107,
    "incomeTaxExpense": 47100000,
    "netIncome": 121200000,
    "netIncomeRatio": 0.0586924939,
    "eps": 1.5,
    "epsdiluted": 1.49,
    "weightedAverageShsOut": 80900000,
    "weightedAverageShsOutDil": 81500000,
    "link": "https://www.sec.gov/Archives/edgar/data/8818/000000881823000009/0000008818-23-000009-index.htm",
    "finalLink": "https://www.sec.gov/Archives/edgar/data/8818/000000881823000009/avy-20230401.htm"
  },
  {
    "date": "2022-12-31",
    "symbol": "AVY",
    "reportedCurrency": "USD",
    "cik": "0000008818",
    "fillingDate": "2023-02-22",
    "acceptedDate": "2023-02-22 16:06:18",
    "calendarYear": "2022",
    "period": "Q4",
    "revenue": 2025900000,
    "costOfRevenue": 1525700000,
    "grossProfit": 500200000,
    "grossProfitRatio": 0.2469026112,
    "researchAndDevelopmentExpenses": 0,
    "generalAndAdministrativeExpenses": 0,
    "sellingAndMarketingExpenses": 0,
    "sellingGeneralAndAdministrativeExpenses": 312300000,
    "otherExpenses": 0,
    "operatingExpenses": 312300000,
    "costAndExpenses": 1838000000,
    "interestIncome": 0,
    "interestExpense": 22500000,
    "depreciationAndAmortization": 73500000,
    "ebitda": 265200000,
    "ebitdaratio": 0.1309047831,
    "operatingIncome": 187900000,
    "operatingIncomeRatio": 0.0927489017,
    "totalOtherIncomeExpensesNet": -18700000,
    "incomeBeforeTax": 169200000,
    "incomeBeforeTaxRatio": 0.0835184363,
    "incomeTaxExpense": 46300000,
    "netIncome": 122900000,
    "netIncomeRatio": 0.0606643961,
    "eps": 1.52,
    "epsdiluted": 1.51,
    "weightedAverageShsOut": 80810016,
    "weightedAverageShsOutDil": 81600000,
    "link": "https://www.sec.gov/Archives/edgar/data/8818/000000881823000002/0000008818-23-000002-index.htm",
    "finalLink": "https://www.sec.gov/Archives/edgar/data/8818/000000881823000002/avy-20221231.htm"
  },
  {
    "date": "2022-10-01",
    "symbol": "AVY",
    "reportedCurrency": "USD",
    "cik": "0000008818",
    "fillingDate": "2022-11-01",
    "acceptedDate": "2022-11-01 16:11:41",
    "calendarYear": "2022",
    "period": "Q3",
    "revenue": 2317100000,
    "costOfRevenue": 1697900000,
    "grossProfit": 619200000,
    "grossProfitRatio": 0.26723059,
    "researchAndDevelopmentExpenses": 0,
    "generalAndAdministrativeExpenses": 0,
    "sellingAndMarketingExpenses": 0,
    "sellingGeneralAndAdministrativeExpenses": 330800000,
    "otherExpenses": 0,
    "operatingExpenses": 330800000,
    "costAndExpenses": 2028700000,
    "interestIncome": 0,
    "interestExpense": 21200000,
    "depreciationAndAmortization": 72000000,
    "ebitda": 365700000,
    "ebitdaratio": 0.1578265936,
    "operatingIncome": 288400000,
    "operatingIncomeRatio": 0.1244659272,
    "totalOtherIncomeExpensesNet": -15900000,
    "incomeBeforeTax": 272500000,
    "incomeBeforeTaxRatio": 0.1176039014,
    "incomeTaxExpense": 51000000,
    "netIncome": 221500000,
    "netIncomeRatio": 0.09559363,
    "eps": 2.73,
    "epsdiluted": 2.7,
    "weightedAverageShsOut": 81200000,
    "weightedAverageShsOutDil": 81900000,
    "link": "https://www.sec.gov/Archives/edgar/data/8818/000000881822000014/0000008818-22-000014-index.htm",
    "finalLink": "https://www.sec.gov/Archives/edgar/data/8818/000000881822000014/avy-20221001.htm"
  },
  {
    "date": "2022-07-02",
    "symbol": "AVY",
    "reportedCurrency": "USD",
    "cik": "0000008818",
    "fillingDate": "2022-08-02",
    "acceptedDate": "2022-08-02 16:06:01",
    "calendarYear": "2022",
    "period": "Q2",
    "revenue": 2347000000,
    "costOfRevenue": 1703500000,
    "grossProfit": 643500000,
    "grossProfitRatio": 0.274179804,
    "researchAndDevelopmentExpenses": 0,
    "generalAndAdministrativeExpenses": 0,
    "sellingAndMarketingExpenses": 0,
    "sellingGeneralAndAdministrativeExpenses": 332700000,
    "otherExpenses": 0,
    "operatingExpenses": 332700000,
    "costAndExpenses": 2036200000,
    "interestIncome": 0,
    "interestExpense": 20800000,
    "depreciationAndAmortization": 73200000,
    "ebitda": 381900000,
    "ebitdaratio": 0.1627183639,
    "operatingIncome": 310800000,
    "operatingIncomeRatio": 0.1324243715,
    "totalOtherIncomeExpensesNet": -22900000,
    "incomeBeforeTax": 287900000,
    "incomeBeforeTaxRatio": 0.1226672348,
    "incomeTaxExpense": 73400000,
    "netIncome": 214500000,
    "netIncomeRatio": 0.091393268,
    "eps": 2.63,
    "epsdiluted": 2.61,
    "weightedAverageShsOut": 81700000,
    "weightedAverageShsOutDil": 82100000,
    "link": "https://www.sec.gov/Archives/edgar/data/8818/000000881822000012/0000008818-22-000012-index.htm",
    "finalLink": "https://www.sec.gov/Archives/edgar/data/8818/000000881822000012/avy-20220702.htm"
  },
  {
    "date": "2022-04-02",
    "symbol": "AVY",
    "reportedCurrency": "USD",
    "cik": "0000008818",
    "fillingDate": "2022-05-03",
    "acceptedDate": "2022-05-03 16:08:17",
    "calendarYear": "2022",
    "period": "Q1",
    "revenue": 2349300000,
    "costOfRevenue": 1708000000,
    "grossProfit": 641300000,
    "grossProfitRatio": 0.2729749287,
    "researchAndDevelopmentExpenses": 0,
    "generalAndAdministrativeExpenses": 0,
    "sellingAndMarketingExpenses": 0,
    "sellingGeneralAndAdministrativeExpenses": 355000000,
    "otherExpenses": 0,
    "operatingExpenses": 355000000,
    "costAndExpenses": 2063000000,
    "interestIncome": 0,
    "interestExpense": 19600000,
    "depreciationAndAmortization": 72000000,
    "ebitda": 361300000,
    "ebitdaratio": 0.1537904908,
    "operatingIncome": 286300000,
    "operatingIncomeRatio": 0.1218660878,
    "totalOtherIncomeExpensesNet": -16600000,
    "incomeBeforeTax": 269700000,
    "incomeBeforeTaxRatio": 0.1148001532,
    "incomeTaxExpense": 71500000,
    "netIncome": 198200000,
    "netIncomeRatio": 0.0843655557,
    "eps": 2.41,
    "epsdiluted": 2.39,
    "weightedAverageShsOut": 82400000,
    "weightedAverageShsOutDil": 83000000,
    "link": "https://www.sec.gov/Archives/edgar/data/8818/000000881822000009/0000008818-22-000009-index.htm",
    "finalLink": "https://www.sec.gov/Archives/edgar/data/8818/000000881822000009/avy-20220402.htm"
  },
  {
    "date": "2022-01-01",
    "symbol": "AVY",
    "reportedCurrency": "USD",
    "cik": "0000008818",
    "fillingDate": "2022-02-23",
    "acceptedDate": "2022-02-23 16:03:04",
    "calendarYear": "2021",
    "period": "Q4",
    "revenue": 2183200000,
    "costOfRevenue": 1598100000,
    "grossProfit": 585100000,
    "grossProfitRatio": 0.2680010993,
    "researchAndDevelopmentExpenses": 0,
    "generalAndAdministrativeExpenses": 0,
    "sellingAndMarketingExpenses": 0,
    "sellingGeneralAndAdministrativeExpenses": 332300000,
    "otherExpenses": 0,
    "operatingExpenses": 332300000,
    "costAndExpenses": 1930400000,
    "interestIncome": 0,
    "interestExpense": 20000000,
    "depreciationAndAmortization": 72600000,
    "ebitda": 336600000,
    "ebitdaratio": 0.1541773543,
    "operatingIncome": 252800000,
    "operatingIncomeRatio": 0.1157933309,
    "totalOtherIncomeExpensesNet": -9200000,
    "incomeBeforeTax": 243600000,
    "incomeBeforeTaxRatio": 0.1115793331,
    "incomeTaxExpense": 60900000,
    "netIncome": 182700000,
    "netIncomeRatio": 0.0836844998,
    "eps": 2.21,
    "epsdiluted": 2.19,
    "weightedAverageShsOut": 82605953,
    "weightedAverageShsOutDil": 83600000,
    "link": "https://www.sec.gov/Archives/edgar/data/8818/000119312522049910/0001193125-22-049910-index.htm",
    "finalLink": "https://www.sec.gov/Archives/edgar/data/8818/000119312522049910/d179463d10k.htm"
  },
  {
    "date": "2021-10-02",
    "symbol": "AVY",
    "reportedCurrency": "USD",
    "cik": "0000008818",
    "fillingDate": "2021-11-02",
    "acceptedDate": "2021-11-02 16:31:57",
    "calendarYear": "2021",
    "period": "Q3",
    "revenue": 2071800000,
    "costOfRevenue": 1517400000,
    "grossProfit": 554400000,
    "grossProfitRatio": 0.267593397,
    "researchAndDevelopmentExpenses": 0,
    "generalAndAdministrativeExpenses": 0,
    "sellingAndMarketingExpenses": 0,
    "sellingGeneralAndAdministrativeExpenses": 296900000,
    "otherExpenses": 0,
    "operatingExpenses": 296900000,
    "costAndExpenses": 1814300000,
    "interestIncome": 0,
    "interestExpense": 18000000,
    "depreciationAndAmortization": 61900000,
    "ebitda": 304300000,
    "ebitdaratio": 0.1468771117,
    "operatingIncome": 257500000,
    "operatingIncomeRatio": 0.1242880587,
    "totalOtherIncomeExpensesNet": -34200000,
    "incomeBeforeTax": 223300000,
    "incomeBeforeTaxRatio": 0.1077806738,
    "incomeTaxExpense": 59200000,
    "netIncome": 164100000,
    "netIncomeRatio": 0.0792064871,
    "eps": 1.98,
    "epsdiluted": 1.96,
    "weightedAverageShsOut": 82833721,
    "weightedAverageShsOutDil": 83700000,
    "link": "https://www.sec.gov/Archives/edgar/data/8818/000119312521316999/0001193125-21-316999-index.htm",
    "finalLink": "https://www.sec.gov/Archives/edgar/data/8818/000119312521316999/d175373d10q.htm"
  },
  {
    "date": "2021-07-03",
    "symbol": "AVY",
    "reportedCurrency": "USD",
    "cik": "0000008818",
    "fillingDate": "2021-08-03",
    "acceptedDate": "2021-08-03 16:21:20",
    "calendarYear": "2021",
    "period": "Q2",
    "revenue": 2102000000,
    "costOfRevenue": 1525700000,
    "grossProfit": 576300000,
    "grossProfitRatio": 0.2741674596,
    "researchAndDevelopmentExpenses": 0,
    "generalAndAdministrativeExpenses": 0,
    "sellingAndMarketingExpenses": 0,
    "sellingGeneralAndAdministrativeExpenses": 307000000,
    "otherExpenses": 0,
    "operatingExpenses": 307000000,
    "costAndExpenses": 1832700000,
    "interestIncome": 0,
    "interestExpense": 16000000,
    "depreciationAndAmortization": 55200000,
    "ebitda": 326500000,
    "ebitdaratio": 0.1553282588,
    "operatingIncome": 269300000,
    "operatingIncomeRatio": 0.1281160799,
    "totalOtherIncomeExpensesNet": -15100000,
    "incomeBeforeTax": 254200000,
    "incomeBeforeTaxRatio": 0.1209324453,
    "incomeTaxExpense": 70400000,
    "netIncome": 183800000,
    "netIncomeRatio": 0.0874405328,
    "eps": 2.21,
    "epsdiluted": 2.19,
    "weightedAverageShsOut": 82951904,
    "weightedAverageShsOutDil": 83800000,
    "link": "https://www.sec.gov/Archives/edgar/data/8818/000119312521234960/0001193125-21-234960-index.htm",
    "finalLink": "https://www.sec.gov/Archives/edgar/data/8818/000119312521234960/d150098d10q.htm"
  },
  {
    "date": "2021-04-03",
    "symbol": "AVY",
    "reportedCurrency": "USD",
    "cik": "0000008818",
    "fillingDate": "2021-05-04",
    "acceptedDate": "2021-05-04 16:16:45",
    "calendarYear": "2021",
    "period": "Q1",
    "revenue": 2051300000,
    "costOfRevenue": 1454300000,
    "grossProfit": 597000000,
    "grossProfitRatio": 0.2910349534,
    "researchAndDevelopmentExpenses": 0,
    "generalAndAdministrativeExpenses": 0,
    "sellingAndMarketingExpenses": 0,
    "sellingGeneralAndAdministrativeExpenses": 312300000,
    "otherExpenses": 0,
    "operatingExpenses": 312300000,
    "costAndExpenses": 1766600000,
    "interestIncome": 0,
    "interestExpense": 16200000,
    "depreciationAndAmortization": 54400000,
    "ebitda": 339500000,
    "ebitdaratio": 0.1655048018,
    "operatingIncome": 284700000,
    "operatingIncomeRatio": 0.1387900356,
    "totalOtherIncomeExpensesNet": -17100000,
    "incomeBeforeTax": 267600000,
    "incomeBeforeTaxRatio": 0.1304538585,
    "incomeTaxExpense": 58100000,
    "netIncome": 209500000,
    "netIncomeRatio": 0.1021303564,
    "eps": 2.52,
    "epsdiluted": 2.5,
    "weightedAverageShsOut": 83056656,
    "weightedAverageShsOutDil": 83900000,
    "link": "https://www.sec.gov/Archives/edgar/data/8818/000119312521150034/0001193125-21-150034-index.htm",
    "finalLink": "https://www.sec.gov/Archives/edgar/data/8818/000119312521150034/d65194d10q.htm"
  },
  {
    "date": "2021-01-02",
    "symbol": "AVY",
    "reportedCurrency": "USD",
    "cik": "0000008818",
    "fillingDate": "2021-02-25",
    "acceptedDate": "2021-02-24 19:50:25",
    "calendarYear": "2020",
    "period": "Q4",
    "revenue": 1990900000,
    "costOfRevenue": 1419800000,
    "grossProfit": 571100000,
    "grossProfitRatio": 0.2868551911,
    "researchAndDevelopmentExpenses": 0,
    "generalAndAdministrativeExpenses": 0,
    "sellingAndMarketingExpenses": 0,
    "sellingGeneralAndAdministrativeExpenses": 301800000,
    "otherExpenses": 0,
    "operatingExpenses": 301800000,
    "costAndExpenses": 1721600000,
    "interestIncome": 0,
    "interestExpense": 15600000,
    "depreciationAndAmortization": 55500000,
    "ebitda": 326400000,
    "ebitdaratio": 0.1639459541,
    "operatingIncome": 269300000,
    "operatingIncomeRatio": 0.1352654578,
    "totalOtherIncomeExpensesNet": -14900000,
    "incomeBeforeTax": 254400000,
    "incomeBeforeTaxRatio": 0.1277814054,
    "incomeTaxExpense": 62900000,
    "netIncome": 191500000,
    "netIncomeRatio": 0.0961876538,
    "eps": 2.3,
    "epsdiluted": 2.28,
    "weightedAverageShsOut": 83151174,
    "weightedAverageShsOutDil": 84100000,
    "link": "https://www.sec.gov/Archives/edgar/data/8818/000119312521055146/0001193125-21-055146-index.htm",
    "finalLink": "https://www.sec.gov/Archives/edgar/data/8818/000119312521055146/d20372d10k.htm"
  },
  {
    "date": "2020-09-26",
    "symbol": "AVY",
    "reportedCurrency": "USD",
    "cik": "0000008818",
    "fillingDate": "2020-10-27",
    "acceptedDate": "2020-10-27 14:57:01",
    "calendarYear": "2020",
    "period": "Q3",
    "revenue": 1729100000,
    "costOfRevenue": 1244900000,
    "grossProfit": 484200000,
    "grossProfitRatio": 0.2800300734,
    "researchAndDevelopmentExpenses": 0,
    "generalAndAdministrativeExpenses": 0,
    "sellingAndMarketingExpenses": 0,
    "sellingGeneralAndAdministrativeExpenses": 258300000,
    "otherExpenses": 0,
    "operatingExpenses": 258300000,
    "costAndExpenses": 1503200000,
    "interestIncome": 0,
    "interestExpense": 15600000,
    "depreciationAndAmortization": 52000000,
    "ebitda": 265400000,
    "ebitdaratio": 0.153490255,
    "operatingIncome": 225900000,
    "operatingIncomeRatio": 0.1306460008,
    "totalOtherIncomeExpensesNet": -29100000,
    "incomeBeforeTax": 196800000,
    "incomeBeforeTaxRatio": 0.1138164363,
    "incomeTaxExpense": 46300000,
    "netIncome": 150500000,
    "netIncomeRatio": 0.0870395003,
    "eps": 1.8,
    "epsdiluted": 1.79,
    "weightedAverageShsOut": 83451316,
    "weightedAverageShsOutDil": 84000000,
    "link": "https://www.sec.gov/Archives/edgar/data/8818/000110465920118512/0001104659-20-118512-index.htm",
    "finalLink": "https://www.sec.gov/Archives/edgar/data/8818/000110465920118512/avy-20200926x10q.htm"
  },
  {
    "date": "2020-06-27",
    "symbol": "AVY",
    "reportedCurrency": "USD",
    "cik": "0000008818",
    "fillingDate": "2020-07-28",
    "acceptedDate": "2020-07-28 16:19:29",
    "calendarYear": "2020",
    "period": "Q2",
    "revenue": 1528500000,
    "costOfRevenue": 1145600000,
    "grossProfit": 382900000,
    "grossProfitRatio": 0.250507033,
    "researchAndDevelopmentExpenses": 0,
    "generalAndAdministrativeExpenses": 0,
    "sellingAndMarketingExpenses": 0,
    "sellingGeneralAndAdministrativeExpenses": 219400000,
    "otherExpenses": 0,
    "operatingExpenses": 219400000,
    "costAndExpenses": 1365000000,
    "interestIncome": 0,
    "interestExpense": 20000000,
    "depreciationAndAmortization": 50300000,
    "ebitda": 173600000,
    "ebitdaratio": 0.1135754007,
    "operatingIncome": 163500000,
    "operatingIncomeRatio": 0.1069676153,
    "totalOtherIncomeExpensesNet": -61600000,
    "incomeBeforeTax": 101900000,
    "incomeBeforeTaxRatio": 0.0666666667,
    "incomeTaxExpense": 22200000,
    "netIncome": 79700000,
    "netIncomeRatio": 0.0521426235,
    "eps": 0.96,
    "epsdiluted": 0.95,
    "weightedAverageShsOut": 83448042,
    "weightedAverageShsOutDil": 83800000,
    "link": "https://www.sec.gov/Archives/edgar/data/8818/000110465920087341/0001104659-20-087341-index.htm",
    "finalLink": "https://www.sec.gov/Archives/edgar/data/8818/000110465920087341/avy-20200627x10q.htm"
  },
  {
    "date": "2020-03-28",
    "symbol": "AVY",
    "reportedCurrency": "USD",
    "cik": "0000008818",
    "fillingDate": "2020-05-01",
    "acceptedDate": "2020-05-01 16:52:56",
    "calendarYear": "2020",
    "period": "Q1",
    "revenue": 1723000000,
    "costOfRevenue": 1237900000,
    "grossProfit": 485100000,
    "grossProfitRatio": 0.2815438189,
    "researchAndDevelopmentExpenses": 0,
    "generalAndAdministrativeExpenses": 0,
    "sellingAndMarketingExpenses": 0,
    "sellingGeneralAndAdministrativeExpenses": 281000000,
    "otherExpenses": 0,
    "operatingExpenses": 281000000,
    "costAndExpenses": 1518900000,
    "interestIncome": 0,
    "interestExpense": 18800000,
    "depreciationAndAmortization": 47500000,
    "ebitda": 247200000,
    "ebitdaratio": 0.1434706907,
    "operatingIncome": 204100000,
    "operatingIncomeRatio": 0.1184561811,
    "totalOtherIncomeExpensesNet": -23600000,
    "incomeBeforeTax": 180500000,
    "incomeBeforeTaxRatio": 0.104759141,
    "incomeTaxExpense": 46300000,
    "netIncome": 134200000,
    "netIncomeRatio": 0.0778874057,
    "eps": 1.61,
    "epsdiluted": 1.6,
    "weightedAverageShsOut": 83321087,
    "weightedAverageShsOutDil": 84100000,
    "link": "https://www.sec.gov/Archives/edgar/data/8818/000110465920055617/0001104659-20-055617-index.htm",
    "finalLink": "https://www.sec.gov/Archives/edgar/data/8818/000110465920055617/avy-20200331x10q.htm"
  },
  {
    "date": "2019-12-28",
    "symbol": "AVY",
    "reportedCurrency": "USD",
    "cik": "0000008818",
    "fillingDate": "2020-02-26",
    "acceptedDate": "2020-02-26 16:02:37",
    "calendarYear": "2019",
    "period": "Q4",
    "revenue": 1772900000,
    "costOfRevenue": 1288000000,
    "grossProfit": 484900000,
    "grossProfitRatio": 0.273506684,
    "researchAndDevelopmentExpenses": 21400000,
    "generalAndAdministrativeExpenses": 0,
    "sellingAndMarketingExpenses": 0,
    "sellingGeneralAndAdministrativeExpenses": 253400000,
    "otherExpenses": 0,
    "operatingExpenses": 274800000,
    "costAndExpenses": 1562800000,
    "interestIncome": 0,
    "interestExpense": 17800000,
    "depreciationAndAmortization": 45600000,
    "ebitda": 228700000,
    "ebitdaratio": 0.1289976874,
    "operatingIncome": 210100000,
    "operatingIncomeRatio": 0.1185064019,
    "totalOtherIncomeExpensesNet": -45400000,
    "incomeBeforeTax": 164700000,
    "incomeBeforeTaxRatio": 0.0928986406,
    "incomeTaxExpense": 2200000,
    "netIncome": 162500000,
    "netIncomeRatio": 0.0916577359,
    "eps": 1.95,
    "epsdiluted": 1.92,
    "weightedAverageShsOut": 83366840,
    "weightedAverageShsOutDil": 84500000,
    "link": "https://www.sec.gov/Archives/edgar/data/8818/000110465920025360/0001104659-20-025360-index.htm",
    "finalLink": "https://www.sec.gov/Archives/edgar/data/8818/000110465920025360/avy-20191228x10k9cf60b.htm"
  },
  {
    "date": "2019-09-28",
    "symbol": "AVY",
    "reportedCurrency": "USD",
    "cik": "0000008818",
    "fillingDate": "2019-10-29",
    "acceptedDate": "2019-10-29 15:01:35",
    "calendarYear": "2019",
    "period": "Q3",
    "revenue": 1761400000,
    "costOfRevenue": 1290100000,
    "grossProfit": 471300000,
    "grossProfitRatio": 0.2675712501,
    "researchAndDevelopmentExpenses": 21700000,
    "generalAndAdministrativeExpenses": 0,
    "sellingAndMarketingExpenses": 0,
    "sellingGeneralAndAdministrativeExpenses": 243700000,
    "otherExpenses": 0,
    "operatingExpenses": 265399999,
    "costAndExpenses": 1555500000,
    "interestIncome": 0,
    "interestExpense": 19000000,
    "depreciationAndAmortization": 44000000,
    "ebitda": 242900000,
    "ebitdaratio": 0.1379016691,
    "operatingIncome": 205900000,
    "operatingIncomeRatio": 0.1168956512,
    "totalOtherIncomeExpensesNet": -26700000,
    "incomeBeforeTax": 179200000,
    "incomeBeforeTaxRatio": 0.1017372545,
    "incomeTaxExpense": 34600000,
    "netIncome": 144600000,
    "netIncomeRatio": 0.082093789,
    "eps": 1.73,
    "epsdiluted": 1.71,
    "weightedAverageShsOut": 83584779,
    "weightedAverageShsOutDil": 84800000,
    "link": "https://www.sec.gov/Archives/edgar/data/8818/000110465919057234/0001104659-19-057234-index.htm",
    "finalLink": "https://www.sec.gov/Archives/edgar/data/8818/000110465919057234/avy-20190928x10q3340d8.htm"
  },
  {
    "date": "2019-06-29",
    "symbol": "AVY",
    "reportedCurrency": "USD",
    "cik": "0000008818",
    "fillingDate": "2019-07-30",
    "acceptedDate": "2019-07-30 16:39:19",
    "calendarYear": "2019",
    "period": "Q2",
    "revenue": 1795700000,
    "costOfRevenue": 1312900000,
    "grossProfit": 482800000,
    "grossProfitRatio": 0.2688645097,
    "researchAndDevelopmentExpenses": 24800000,
    "generalAndAdministrativeExpenses": 0,
    "sellingAndMarketingExpenses": 0,
    "sellingGeneralAndAdministrativeExpenses": 240300000,
    "otherExpenses": 0,
    "operatingExpenses": 265100000,
    "costAndExpenses": 1578000000,
    "interestIncome": 0,
    "interestExpense": 19500000,
    "depreciationAndAmortization": 44900000,
    "ebitda": 253100000,
    "ebitdaratio": 0.1409478198,
    "operatingIncome": 217700000,
    "operatingIncomeRatio": 0.1212340591,
    "totalOtherIncomeExpensesNet": -29400000,
    "incomeBeforeTax": 188300000,
    "incomeBeforeTaxRatio": 0.1048616139,
    "incomeTaxExpense": 44900000,
    "netIncome": 143400000,
    "netIncomeRatio": 0.0798574372,
    "eps": 1.7,
    "epsdiluted": 1.69,
    "weightedAverageShsOut": 84300000,
    "weightedAverageShsOutDil": 85100000,
    "link": "https://www.sec.gov/Archives/edgar/data/8818/000141057819000582/0001410578-19-000582-index.htm",
    "finalLink": "https://www.sec.gov/Archives/edgar/data/8818/000141057819000582/avy-20190629x10q.htm"
  },
  {
    "date": "2019-03-30",
    "symbol": "AVY",
    "reportedCurrency": "USD",
    "cik": "0000008818",
    "fillingDate": "2019-04-30",
    "acceptedDate": "2019-04-30 16:30:09",
    "calendarYear": "2019",
    "period": "Q1",
    "revenue": 1740100000,
    "costOfRevenue": 1274600000,
    "grossProfit": 465500000,
    "grossProfitRatio": 0.2675133613,
    "researchAndDevelopmentExpenses": 24700000,
    "generalAndAdministrativeExpenses": 0,
    "sellingAndMarketingExpenses": 0,
    "sellingGeneralAndAdministrativeExpenses": 251500000,
    "otherExpenses": 0,
    "operatingExpenses": 276200000,
    "costAndExpenses": 1550800000,
    "interestIncome": 0,
    "interestExpense": 19500000,
    "depreciationAndAmortization": 44500000,
    "ebitda": -220400000,
    "ebitdaratio": -0.1266593874,
    "operatingIncome": 189300000,
    "operatingIncomeRatio": 0.1087868513,
    "totalOtherIncomeExpensesNet": -474600000,
    "incomeBeforeTax": -285300000,
    "incomeBeforeTaxRatio": -0.1639560945,
    "incomeTaxExpense": -138400000,
    "netIncome": -146900000,
    "netIncomeRatio": -0.0844204356,
    "eps": -1.74,
    "epsdiluted": -1.74,
    "weightedAverageShsOut": 84300000,
    "weightedAverageShsOutDil": 84300000,
    "link": "https://www.sec.gov/Archives/edgar/data/8818/000110465919025335/0001104659-19-025335-index.htm",
    "finalLink": "https://www.sec.gov/Archives/edgar/data/8818/000110465919025335/a19-6500_110q.htm"
  },
  {
    "date": "2018-12-29",
    "symbol": "AVY",
    "reportedCurrency": "USD",
    "cik": "0000008818",
    "fillingDate": "2019-02-27",
    "acceptedDate": "2019-02-27 16:13:31",
    "calendarYear": "2018",
    "period": "Q4",
    "revenue": 1768700000,
    "costOfRevenue": 1299400000,
    "grossProfit": 469300000,
    "grossProfitRatio": 0.2653361226,
    "researchAndDevelopmentExpenses": 23700000,
    "generalAndAdministrativeExpenses": 0,
    "sellingAndMarketingExpenses": 0,
    "sellingGeneralAndAdministrativeExpenses": 237200000,
    "otherExpenses": 0,
    "operatingExpenses": 260899999,
    "costAndExpenses": 1560300000,
    "interestIncome": 0,
    "interestExpense": 16300000,
    "depreciationAndAmortization": 45000000,
    "ebitda": 149100000,
    "ebitdaratio": 0.0842992028,
    "operatingIncome": 208400000,
    "operatingIncomeRatio": 0.1178266523,
    "totalOtherIncomeExpensesNet": -120800000,
    "incomeBeforeTax": 87600000,
    "incomeBeforeTaxRatio": 0.0495279018,
    "incomeTaxExpense": -9500000,
    "netIncome": 97100000,
    "netIncomeRatio": 0.0548990784,
    "eps": 1.15,
    "epsdiluted": 1.11,
    "weightedAverageShsOut": 84723655,
    "weightedAverageShsOutDil": 87200000,
    "link": "https://www.sec.gov/Archives/edgar/data/8818/000104746919000747/0001047469-19-000747-index.htm",
    "finalLink": "https://www.sec.gov/Archives/edgar/data/8818/000104746919000747/a2237793z10-k.htm"
  },
  {
    "date": "2018-09-29",
    "symbol": "AVY",
    "reportedCurrency": "USD",
    "cik": "0000008818",
    "fillingDate": "2018-10-30",
    "acceptedDate": "2018-10-30 17:00:08",
    "calendarYear": "2018",
    "period": "Q3",
    "revenue": 1759700000,
    "costOfRevenue": 1303300000,
    "grossProfit": 456400000,
    "grossProfitRatio": 0.2593623913,
    "researchAndDevelopmentExpenses": 24500000,
    "generalAndAdministrativeExpenses": 0,
    "sellingAndMarketingExpenses": 0,
    "sellingGeneralAndAdministrativeExpenses": 248700000,
    "otherExpenses": 0,
    "operatingExpenses": 273200000,
    "costAndExpenses": 1576500000,
    "interestIncome": 0,
    "interestExpense": 14700000,
    "depreciationAndAmortization": 46700000,
    "ebitda": 229400000,
    "ebitdaratio": 0.1303631301,
    "operatingIncome": 183200000,
    "operatingIncomeRatio": 0.1041086549,
    "totalOtherIncomeExpensesNet": -16000000,
    "incomeBeforeTax": 167200000,
    "incomeBeforeTaxRatio": 0.0950161959,
    "incomeTaxExpense": 17700000,
    "netIncome": 149500000,
    "netIncomeRatio": 0.0849576632,
    "eps": 1.72,
    "epsdiluted": 1.69,
    "weightedAverageShsOut": 87013446,
    "weightedAverageShsOutDil": 88500000,
    "link": "https://www.sec.gov/Archives/edgar/data/8818/000110465918064689/0001104659-18-064689-index.htm",
    "finalLink": "https://www.sec.gov/Archives/edgar/data/8818/000110465918064689/a18-18981_110q.htm"
  },
  {
    "date": "2018-06-30",
    "symbol": "AVY",
    "reportedCurrency": "USD",
    "cik": "0000008818",
    "fillingDate": "2018-07-31",
    "acceptedDate": "2018-07-31 15:45:45",
    "calendarYear": "2018",
    "period": "Q2",
    "revenue": 1854200000,
    "costOfRevenue": 1354800000,
    "grossProfit": 499400000,
    "grossProfitRatio": 0.2693344839,
    "researchAndDevelopmentExpenses": 25200000,
    "generalAndAdministrativeExpenses": 0,
    "sellingAndMarketingExpenses": 0,
    "sellingGeneralAndAdministrativeExpenses": 258300000,
    "otherExpenses": 0,
    "operatingExpenses": 283500000,
    "costAndExpenses": 1638300000,
    "interestIncome": 0,
    "interestExpense": 14300000,
    "depreciationAndAmortization": 44800000,
    "ebitda": 199000000,
    "ebitdaratio": 0.1073239133,
    "operatingIncome": 215900000,
    "operatingIncomeRatio": 0.1164383562,
    "totalOtherIncomeExpensesNet": -76400000,
    "incomeBeforeTax": 139500000,
    "incomeBeforeTaxRatio": 0.0752346025,
    "incomeTaxExpense": 43900000,
    "netIncome": 95600000,
    "netIncomeRatio": 0.0515586237,
    "eps": 1.09,
    "epsdiluted": 1.07,
    "weightedAverageShsOut": 87613941,
    "weightedAverageShsOutDil": 89000000,
    "link": "https://www.sec.gov/Archives/edgar/data/8818/000110465918048389/0001104659-18-048389-index.htm",
    "finalLink": "https://www.sec.gov/Archives/edgar/data/8818/000110465918048389/a18-14035_110q.htm"
  },
  {
    "date": "2018-03-31",
    "symbol": "AVY",
    "reportedCurrency": "USD",
    "cik": "0000008818",
    "fillingDate": "2018-05-01",
    "acceptedDate": "2018-05-01 16:01:41",
    "calendarYear": "2018",
    "period": "Q1",
    "revenue": 1776400000,
    "costOfRevenue": 1291900000,
    "grossProfit": 484500000,
    "grossProfitRatio": 0.2727426255,
    "researchAndDevelopmentExpenses": 24800000,
    "generalAndAdministrativeExpenses": 0,
    "sellingAndMarketingExpenses": 0,
    "sellingGeneralAndAdministrativeExpenses": 264000000,
    "otherExpenses": 0,
    "operatingExpenses": 288800000,
    "costAndExpenses": 1580700000,
    "interestIncome": 0,
    "interestExpense": 13200000,
    "depreciationAndAmortization": 44500000,
    "ebitda": 216800000,
    "ebitdaratio": 0.1220445846,
    "operatingIncome": 195700000,
    "operatingIncomeRatio": 0.1101666291,
    "totalOtherIncomeExpensesNet": -37200000,
    "incomeBeforeTax": 158500000,
    "incomeBeforeTaxRatio": 0.0892253997,
    "incomeTaxExpense": 33300000,
    "netIncome": 125200000,
    "netIncomeRatio": 0.0704796217,
    "eps": 1.42,
    "epsdiluted": 1.4,
    "weightedAverageShsOut": 88015267,
    "weightedAverageShsOutDil": 89600000,
    "link": "https://www.sec.gov/Archives/edgar/data/8818/000110465918029350/0001104659-18-029350-index.htm",
    "finalLink": "https://www.sec.gov/Archives/edgar/data/8818/000110465918029350/a18-8604_110q.htm"
  },
  {
    "date": "2017-12-30",
    "symbol": "AVY",
    "reportedCurrency": "USD",
    "cik": "0000008818",
    "fillingDate": "2018-02-21",
    "acceptedDate": "2018-02-21 17:19:35",
    "calendarYear": "2017",
    "period": "Q4",
    "revenue": 1735300000,
    "costOfRevenue": 1269700000,
    "grossProfit": 465600000,
    "grossProfitRatio": 0.2683109549,
    "researchAndDevelopmentExpenses": 23400000,
    "generalAndAdministrativeExpenses": 0,
    "sellingAndMarketingExpenses": 0,
    "sellingGeneralAndAdministrativeExpenses": 256399999,
    "otherExpenses": 0,
    "operatingExpenses": 279800000,
    "costAndExpenses": 1549500000,
    "interestIncome": 0,
    "interestExpense": 13300000,
    "depreciationAndAmortization": 43900000,
    "ebitda": 214500000,
    "ebitdaratio": 0.1236097505,
    "operatingIncome": 185800000,
    "operatingIncomeRatio": 0.1070708235,
    "totalOtherIncomeExpensesNet": -28500000,
    "incomeBeforeTax": 157300000,
    "incomeBeforeTaxRatio": 0.0906471503,
    "incomeTaxExpense": 216900000,
    "netIncome": -59600000,
    "netIncomeRatio": -0.0343456463,
    "eps": -0.68,
    "epsdiluted": -0.66,
    "weightedAverageShsOut": 88011541,
    "weightedAverageShsOutDil": 89900000,
    "link": "https://www.sec.gov/Archives/edgar/data/8818/000104746918000931/0001047469-18-000931-index.htm",
    "finalLink": "https://www.sec.gov/Archives/edgar/data/8818/000104746918000931/a2234573z10-k.htm"
  },
  {
    "date": "2017-09-30",
    "symbol": "AVY",
    "reportedCurrency": "USD",
    "cik": "0000008818",
    "fillingDate": "2017-10-31",
    "acceptedDate": "2017-10-31 15:03:26",
    "calendarYear": "2017",
    "period": "Q3",
    "revenue": 1679500000,
    "costOfRevenue": 1228800000,
    "grossProfit": 450700000,
    "grossProfitRatio": 0.2683536767,
    "researchAndDevelopmentExpenses": 23600000,
    "generalAndAdministrativeExpenses": 0,
    "sellingAndMarketingExpenses": 0,
    "sellingGeneralAndAdministrativeExpenses": 231000000,
    "otherExpenses": 0,
    "operatingExpenses": 254600000,
    "costAndExpenses": 1483400000,
    "interestIncome": 0,
    "interestExpense": 16800000,
    "depreciationAndAmortization": 44000000,
    "ebitda": 207600000,
    "ebitdaratio": 0.1236082167,
    "operatingIncome": 196100000,
    "operatingIncomeRatio": 0.1167609408,
    "totalOtherIncomeExpensesNet": -49300000,
    "incomeBeforeTax": 146800000,
    "incomeBeforeTaxRatio": 0.0874069664,
    "incomeTaxExpense": 38500000,
    "netIncome": 108300000,
    "netIncomeRatio": 0.0644834772,
    "eps": 1.23,
    "epsdiluted": 1.2,
    "weightedAverageShsOut": 88080629,
    "weightedAverageShsOutDil": 89900000,
    "link": "https://www.sec.gov/Archives/edgar/data/8818/000110465917064943/0001104659-17-064943-index.htm",
    "finalLink": "https://www.sec.gov/Archives/edgar/data/8818/000110465917064943/a17-20567_110q.htm"
  },
  {
    "date": "2017-07-01",
    "symbol": "AVY",
    "reportedCurrency": "USD",
    "cik": "0000008818",
    "fillingDate": "2017-08-01",
    "acceptedDate": "2017-08-01 15:44:32",
    "calendarYear": "2017",
    "period": "Q2",
    "revenue": 1626900000,
    "costOfRevenue": 1174400000,
    "grossProfit": 452500000,
    "grossProfitRatio": 0.2781363329,
    "researchAndDevelopmentExpenses": 23500000,
    "generalAndAdministrativeExpenses": 0,
    "sellingAndMarketingExpenses": 0,
    "sellingGeneralAndAdministrativeExpenses": 229300000,
    "otherExpenses": 0,
    "operatingExpenses": 252800000,
    "costAndExpenses": 1427200000,
    "interestIncome": 0,
    "interestExpense": 16200000,
    "depreciationAndAmortization": 46200000,
    "ebitda": 211900000,
    "ebitdaratio": 0.1302477104,
    "operatingIncome": 199700000,
    "operatingIncomeRatio": 0.122748786,
    "totalOtherIncomeExpensesNet": -50200000,
    "incomeBeforeTax": 149500000,
    "incomeBeforeTaxRatio": 0.0918925564,
    "incomeTaxExpense": 28600000,
    "netIncome": 120900000,
    "netIncomeRatio": 0.0743131108,
    "eps": 1.37,
    "epsdiluted": 1.34,
    "weightedAverageShsOut": 88390029,
    "weightedAverageShsOutDil": 89900000,
    "link": "https://www.sec.gov/Archives/edgar/data/8818/000110465917048434/0001104659-17-048434-index.htm",
    "finalLink": "https://www.sec.gov/Archives/edgar/data/8818/000110465917048434/a17-13273_110q.htm"
  },
  {
    "date": "2017-04-01",
    "symbol": "AVY",
    "reportedCurrency": "USD",
    "cik": "0000008818",
    "fillingDate": "2017-05-02",
    "acceptedDate": "2017-05-02 15:20:23",
    "calendarYear": "2017",
    "period": "Q1",
    "revenue": 1572100000,
    "costOfRevenue": 1127900000,
    "grossProfit": 444200000,
    "grossProfitRatio": 0.2825520005,
    "researchAndDevelopmentExpenses": 22900000,
    "generalAndAdministrativeExpenses": 0,
    "sellingAndMarketingExpenses": 0,
    "sellingGeneralAndAdministrativeExpenses": 261600000,
    "otherExpenses": 0,
    "operatingExpenses": 284500000,
    "costAndExpenses": 1412400000,
    "interestIncome": 0,
    "interestExpense": 16700000,
    "depreciationAndAmortization": 44600000,
    "ebitda": 195400000,
    "ebitdaratio": 0.1242923478,
    "operatingIncome": 159700000,
    "operatingIncomeRatio": 0.1015838687,
    "totalOtherIncomeExpensesNet": -23800000,
    "incomeBeforeTax": 135900000,
    "incomeBeforeTaxRatio": 0.0864448826,
    "incomeTaxExpense": 23700000,
    "netIncome": 112200000,
    "netIncomeRatio": 0.0713695058,
    "eps": 1.26,
    "epsdiluted": 1.25,
    "weightedAverageShsOut": 88714837,
    "weightedAverageShsOutDil": 90000000,
    "link": "https://www.sec.gov/Archives/edgar/data/8818/000110465917028832/0001104659-17-028832-index.htm",
    "finalLink": "https://www.sec.gov/Archives/edgar/data/8818/000110465917028832/a17-7379_110q.htm"
  },
  {
    "date": "2016-12-31",
    "symbol": "AVY",
    "reportedCurrency": "USD",
    "cik": "0000008818",
    "fillingDate": "2017-02-23",
    "acceptedDate": "2017-02-23 15:14:02",
    "calendarYear": "2016",
    "period": "Q4",
    "revenue": 1550800000,
    "costOfRevenue": 1125700000,
    "grossProfit": 425100000,
    "grossProfitRatio": 0.274116585,
    "researchAndDevelopmentExpenses": 0,
    "generalAndAdministrativeExpenses": 0,
    "sellingAndMarketingExpenses": 0,
    "sellingGeneralAndAdministrativeExpenses": 284300000,
    "otherExpenses": 0,
    "operatingExpenses": 284300000,
    "costAndExpenses": 1410000000,
    "interestIncome": 0,
    "interestExpense": 14500000,
    "depreciationAndAmortization": 44600000,
    "ebitda": 185400000,
    "ebitdaratio": 0.1195511994,
    "operatingIncome": 140800000,
    "operatingIncomeRatio": 0.0907918494,
    "totalOtherIncomeExpensesNet": -14500000,
    "incomeBeforeTax": 126300000,
    "incomeBeforeTaxRatio": 0.0814418365,
    "incomeTaxExpense": 64300000,
    "netIncome": 62000000,
    "netIncomeRatio": 0.0399793655,
    "eps": 0.7,
    "epsdiluted": 0.69,
    "weightedAverageShsOut": 88308860,
    "weightedAverageShsOutDil": 90100000,
    "link": "https://www.sec.gov/Archives/edgar/data/8818/000104746917000881/0001047469-17-000881-index.htm",
    "finalLink": "https://www.sec.gov/Archives/edgar/data/8818/000104746917000881/a2230940z10-k.htm"
  },
  {
    "date": "2016-10-01",
    "symbol": "AVY",
    "reportedCurrency": "USD",
    "cik": "0000008818",
    "fillingDate": "2016-11-01",
    "acceptedDate": "2016-11-01 16:12:05",
    "calendarYear": "2016",
    "period": "Q3",
    "revenue": 1508700000,
    "costOfRevenue": 1089700000,
    "grossProfit": 419000000,
    "grossProfitRatio": 0.2777225426,
    "researchAndDevelopmentExpenses": 22400000,
    "generalAndAdministrativeExpenses": 0,
    "sellingAndMarketingExpenses": 0,
    "sellingGeneralAndAdministrativeExpenses": 245100000,
    "otherExpenses": 0,
    "operatingExpenses": 267500000,
    "costAndExpenses": 1357200000,
    "interestIncome": 0,
    "interestExpense": 14700000,
    "depreciationAndAmortization": 46100000,
    "ebitda": 188700000,
    "ebitdaratio": 0.1250745675,
    "operatingIncome": 151500000,
    "operatingIncomeRatio": 0.100417578,
    "totalOtherIncomeExpensesNet": -23500000,
    "incomeBeforeTax": 128000000,
    "incomeBeforeTaxRatio": 0.0848412541,
    "incomeTaxExpense": 38900000,
    "netIncome": 89100000,
    "netIncomeRatio": 0.0590574667,
    "eps": 1,
    "epsdiluted": 0.98,
    "weightedAverageShsOut": 89194833,
    "weightedAverageShsOutDil": 90600000,
    "link": "https://www.sec.gov/Archives/edgar/data/8818/000110465916153729/0001104659-16-153729-index.htm",
    "finalLink": "https://www.sec.gov/Archives/edgar/data/8818/000110465916153729/a16-16238_110q.htm"
  },
  {
    "date": "2016-07-02",
    "symbol": "AVY",
    "reportedCurrency": "USD",
    "cik": "0000008818",
    "fillingDate": "2016-08-02",
    "acceptedDate": "2016-08-02 16:25:56",
    "calendarYear": "2016",
    "period": "Q2",
    "revenue": 1541500000,
    "costOfRevenue": 1107400000,
    "grossProfit": 434100000,
    "grossProfitRatio": 0.2816088226,
    "researchAndDevelopmentExpenses": 22700000,
    "generalAndAdministrativeExpenses": 269200000,
    "sellingAndMarketingExpenses": 0,
    "sellingGeneralAndAdministrativeExpenses": 269200000,
    "otherExpenses": -50200000,
    "operatingExpenses": 269200000,
    "costAndExpenses": 1376600000,
    "interestIncome": 0,
    "interestExpense": 15400000,
    "depreciationAndAmortization": 45100000,
    "ebitda": 203100000,
    "ebitdaratio": 0.1317547843,
    "operatingIncome": 164900000,
    "operatingIncomeRatio": 0.1069737269,
    "totalOtherIncomeExpensesNet": -65600000,
    "incomeBeforeTax": 99300000,
    "incomeBeforeTaxRatio": 0.0644177749,
    "incomeTaxExpense": 19300000,
    "netIncome": 80000000,
    "netIncomeRatio": 0.0518975024,
    "eps": 0.9,
    "epsdiluted": 0.88,
    "weightedAverageShsOut": 88927397,
    "weightedAverageShsOutDil": 90700000,
    "link": "https://www.sec.gov/Archives/edgar/data/8818/000110465916136110/0001104659-16-136110-index.htm",
    "finalLink": "https://www.sec.gov/Archives/edgar/data/8818/000110465916136110/a16-11475_110q.htm"
  },
  {
    "date": "2016-04-02",
    "symbol": "AVY",
    "reportedCurrency": "USD",
    "cik": "0000008818",
    "fillingDate": "2016-05-03",
    "acceptedDate": "2016-05-03 16:06:50",
    "calendarYear": "2016",
    "period": "Q1",
    "revenue": 1485500000,
    "costOfRevenue": 1062900000,
    "grossProfit": 422600000,
    "grossProfitRatio": 0.2844833389,
    "researchAndDevelopmentExpenses": 22300000,
    "generalAndAdministrativeExpenses": 0,
    "sellingAndMarketingExpenses": 0,
    "sellingGeneralAndAdministrativeExpenses": 278200000,
    "otherExpenses": -5600000,
    "operatingExpenses": 278200000,
    "costAndExpenses": 1341100000,
    "interestIncome": 0,
    "interestExpense": 15300000,
    "depreciationAndAmortization": 44300000,
    "ebitda": 193200000,
    "ebitdaratio": 0.1300572198,
    "operatingIncome": 144400000,
    "operatingIncomeRatio": 0.0972063278,
    "totalOtherIncomeExpensesNet": -20900000,
    "incomeBeforeTax": 123500000,
    "incomeBeforeTaxRatio": 0.0831369909,
    "incomeTaxExpense": 33900000,
    "netIncome": 89600000,
    "netIncomeRatio": 0.0603163918,
    "eps": 1,
    "epsdiluted": 0.98,
    "weightedAverageShsOut": 89276441,
    "weightedAverageShsOutDil": 91100000,
    "link": "https://www.sec.gov/Archives/edgar/data/8818/000110465916117169/0001104659-16-117169-index.htm",
    "finalLink": "https://www.sec.gov/Archives/edgar/data/8818/000110465916117169/a16-6174_110q.htm"
  },
  {
    "date": "2016-01-02",
    "symbol": "AVY",
    "reportedCurrency": "USD",
    "cik": "0000008818",
    "fillingDate": "2016-02-24",
    "acceptedDate": "2016-02-24 16:28:04",
    "calendarYear": "2015",
    "period": "Q4",
    "revenue": 1454800000,
    "costOfRevenue": 1062500000,
    "grossProfit": 392300000,
    "grossProfitRatio": 0.2696590597,
    "researchAndDevelopmentExpenses": 21300000,
    "generalAndAdministrativeExpenses": 266300000,
    "sellingAndMarketingExpenses": 0,
    "sellingGeneralAndAdministrativeExpenses": 266300000,
    "otherExpenses": -19300000,
    "operatingExpenses": 266300000,
    "costAndExpenses": 1328800000,
    "interestIncome": 0,
    "interestExpense": 15200000,
    "depreciationAndAmortization": 45500000,
    "ebitda": 152200000,
    "ebitdaratio": 0.1046191916,
    "operatingIncome": 126000000,
    "operatingIncomeRatio": 0.0866098433,
    "totalOtherIncomeExpensesNet": -34500000,
    "incomeBeforeTax": 91500000,
    "incomeBeforeTaxRatio": 0.0628952433,
    "incomeTaxExpense": 35000000,
    "netIncome": 57000000,
    "netIncomeRatio": 0.0391806434,
    "eps": 0.63,
    "epsdiluted": 0.62,
    "weightedAverageShsOut": 89967697,
    "weightedAverageShsOutDil": 92500000,
    "link": "https://www.sec.gov/Archives/edgar/data/8818/000104746916010376/0001047469-16-010376-index.htm",
    "finalLink": "https://www.sec.gov/Archives/edgar/data/8818/000104746916010376/a2227408z10-k.htm"
  },
  {
    "date": "2015-10-03",
    "symbol": "AVY",
    "reportedCurrency": "USD",
    "cik": "0000008818",
    "fillingDate": "2015-11-03",
    "acceptedDate": "2015-11-03 16:32:21",
    "calendarYear": "2015",
    "period": "Q3",
    "revenue": 1468100000,
    "costOfRevenue": 1062200000,
    "grossProfit": 405900000,
    "grossProfitRatio": 0.2764798038,
    "researchAndDevelopmentExpenses": 22200000,
    "generalAndAdministrativeExpenses": 0,
    "sellingAndMarketingExpenses": 0,
    "sellingGeneralAndAdministrativeExpenses": 268100000,
    "otherExpenses": -7000000,
    "operatingExpenses": 268100000,
    "costAndExpenses": 1330300000,
    "interestIncome": 0,
    "interestExpense": 14700000,
    "depreciationAndAmortization": 46100000,
    "ebitda": 203800000,
    "ebitdaratio": 0.1388188815,
    "operatingIncome": 137800000,
    "operatingIncomeRatio": 0.0938628159,
    "totalOtherIncomeExpensesNet": -21700000,
    "incomeBeforeTax": 116100000,
    "incomeBeforeTaxRatio": 0.0790818064,
    "incomeTaxExpense": 34800000,
    "netIncome": 81700000,
    "netIncomeRatio": 0.0556501601,
    "eps": 0.89,
    "epsdiluted": 0.88,
    "weightedAverageShsOut": 91328446,
    "weightedAverageShsOutDil": 93200000,
    "link": "https://www.sec.gov/Archives/edgar/data/8818/000110465915075310/0001104659-15-075310-index.htm",
    "finalLink": "https://www.sec.gov/Archives/edgar/data/8818/000110465915075310/a15-17849_110q.htm"
  },
  {
    "date": "2015-07-04",
    "symbol": "AVY",
    "reportedCurrency": "USD",
    "cik": "0000008818",
    "fillingDate": "2015-08-04",
    "acceptedDate": "2015-08-04 14:14:14",
    "calendarYear": "2015",
    "period": "Q2",
    "revenue": 1516000000,
    "costOfRevenue": 1098400000,
    "grossProfit": 417600000,
    "grossProfitRatio": 0.2754617414,
    "researchAndDevelopmentExpenses": 22800000,
    "generalAndAdministrativeExpenses": 273800000,
    "sellingAndMarketingExpenses": 0,
    "sellingGeneralAndAdministrativeExpenses": 273800000,
    "otherExpenses": -27700000,
    "operatingExpenses": 273800000,
    "costAndExpenses": 1372200000,
    "interestIncome": 0,
    "interestExpense": 15300000,
    "depreciationAndAmortization": 47400000,
    "ebitda": 199400000,
    "ebitdaratio": 0.131530343,
    "operatingIncome": 143800000,
    "operatingIncomeRatio": 0.0948548813,
    "totalOtherIncomeExpensesNet": -42500000,
    "incomeBeforeTax": 100800000,
    "incomeBeforeTaxRatio": 0.0664907652,
    "incomeTaxExpense": 36500000,
    "netIncome": 63700000,
    "netIncomeRatio": 0.0420184697,
    "eps": 0.7,
    "epsdiluted": 0.68,
    "weightedAverageShsOut": 91572765,
    "weightedAverageShsOutDil": 93000000,
    "link": "https://www.sec.gov/Archives/edgar/data/8818/000110465915055774/0001104659-15-055774-index.htm",
    "finalLink": "https://www.sec.gov/Archives/edgar/data/8818/000110465915055774/a15-11921_110q.htm"
  },
  {
    "date": "2015-04-04",
    "symbol": "AVY",
    "reportedCurrency": "USD",
    "cik": "0000008818",
    "fillingDate": "2015-05-05",
    "acceptedDate": "2015-05-05 15:49:28",
    "calendarYear": "2015",
    "period": "Q1",
    "revenue": 1528000000,
    "costOfRevenue": 1098000000,
    "grossProfit": 430000000,
    "grossProfitRatio": 0.2814136126,
    "researchAndDevelopmentExpenses": 25600000,
    "generalAndAdministrativeExpenses": 0,
    "sellingAndMarketingExpenses": 0,
    "sellingGeneralAndAdministrativeExpenses": 300900000,
    "otherExpenses": -14300000,
    "operatingExpenses": 300900000,
    "costAndExpenses": 1398900000,
    "interestIncome": 0,
    "interestExpense": 15300000,
    "depreciationAndAmortization": 49300000,
    "ebitda": 167200000,
    "ebitdaratio": 0.1094240838,
    "operatingIncome": 129100000,
    "operatingIncomeRatio": 0.0844895288,
    "totalOtherIncomeExpensesNet": -17900000,
    "incomeBeforeTax": 99500000,
    "incomeBeforeTaxRatio": 0.065117801,
    "incomeTaxExpense": 27900000,
    "netIncome": 71900000,
    "netIncomeRatio": 0.0470549738,
    "eps": 0.79,
    "epsdiluted": 0.77,
    "weightedAverageShsOut": 90834254,
    "weightedAverageShsOutDil": 92400000,
    "link": "https://www.sec.gov/Archives/edgar/data/8818/000110465915034254/0001104659-15-034254-index.htm",
    "finalLink": "https://www.sec.gov/Archives/edgar/data/8818/000110465915034254/a15-7056_110q.htm"
  },
  {
    "date": "2015-01-03",
    "symbol": "AVY",
    "reportedCurrency": "USD",
    "cik": "0000008818",
    "fillingDate": "2015-02-25",
    "acceptedDate": "2015-02-25 16:00:17",
    "calendarYear": "2014",
    "period": "Q4",
    "revenue": 1604800000,
    "costOfRevenue": 1189700000,
    "grossProfit": 415100000,
    "grossProfitRatio": 0.2586615155,
    "researchAndDevelopmentExpenses": 25500000,
    "generalAndAdministrativeExpenses": 285300000,
    "sellingAndMarketingExpenses": 0,
    "sellingGeneralAndAdministrativeExpenses": 285300000,
    "otherExpenses": -14600000,
    "operatingExpenses": 285300000,
    "costAndExpenses": 1475000000,
    "interestIncome": 0,
    "interestExpense": 16900000,
    "depreciationAndAmortization": 53100000,
    "ebitda": 168300000,
    "ebitdaratio": 0.1048728814,
    "operatingIncome": 129800000,
    "operatingIncomeRatio": 0.0808823529,
    "totalOtherIncomeExpensesNet": -31500000,
    "incomeBeforeTax": 98300000,
    "incomeBeforeTaxRatio": 0.0612537388,
    "incomeTaxExpense": 28200000,
    "netIncome": 70900000,
    "netIncomeRatio": 0.0441799601,
    "eps": 0.78,
    "epsdiluted": 0.76,
    "weightedAverageShsOut": 90458956,
    "weightedAverageShsOutDil": 93000000,
    "link": "https://www.sec.gov/Archives/edgar/data/8818/000104746915001200/0001047469-15-001200-index.htm",
    "finalLink": "https://www.sec.gov/Archives/edgar/data/8818/000104746915001200/a2223154z10-k.htm"
  },
  {
    "date": "2014-09-27",
    "symbol": "AVY",
    "reportedCurrency": "USD",
    "cik": "0000008818",
    "fillingDate": "2014-10-29",
    "acceptedDate": "2014-10-29 16:06:04",
    "calendarYear": "2014",
    "period": "Q3",
    "revenue": 1559600000,
    "costOfRevenue": 1158900000,
    "grossProfit": 400700000,
    "grossProfitRatio": 0.2569248525,
    "researchAndDevelopmentExpenses": 25100000,
    "generalAndAdministrativeExpenses": 276300000,
    "sellingAndMarketingExpenses": 0,
    "sellingGeneralAndAdministrativeExpenses": 276300000,
    "otherExpenses": -7800000,
    "operatingExpenses": 276300000,
    "costAndExpenses": 1435200000,
    "interestIncome": 0,
    "interestExpense": 15400000,
    "depreciationAndAmortization": 49100000,
    "ebitda": 197100000,
    "ebitdaratio": 0.1263785586,
    "operatingIncome": 124400000,
    "operatingIncomeRatio": 0.0797640421,
    "totalOtherIncomeExpensesNet": -23200000,
    "incomeBeforeTax": 101200000,
    "incomeBeforeTaxRatio": 0.0648884329,
    "incomeTaxExpense": 36200000,
    "netIncome": 60200000,
    "netIncomeRatio": 0.0385996409,
    "eps": 0.7,
    "epsdiluted": 0.68,
    "weightedAverageShsOut": 92391023,
    "weightedAverageShsOutDil": 95200000,
    "link": "https://www.sec.gov/Archives/edgar/data/8818/000110465914074821/0001104659-14-074821-index.htm",
    "finalLink": "https://www.sec.gov/Archives/edgar/data/8818/000110465914074821/a14-18928_110q.htm"
  },
  {
    "date": "2014-06-28",
    "symbol": "AVY",
    "reportedCurrency": "USD",
    "cik": "0000008818",
    "fillingDate": "2014-07-31",
    "acceptedDate": "2014-07-30 18:26:09",
    "calendarYear": "2014",
    "period": "Q2",
    "revenue": 1615800000,
    "costOfRevenue": 1187600000,
    "grossProfit": 428200000,
    "grossProfitRatio": 0.2650080456,
    "researchAndDevelopmentExpenses": 26900000,
    "generalAndAdministrativeExpenses": 297000000,
    "sellingAndMarketingExpenses": 0,
    "sellingGeneralAndAdministrativeExpenses": 297000000,
    "otherExpenses": -38500000,
    "operatingExpenses": 297000000,
    "costAndExpenses": 1484600000,
    "interestIncome": 0,
    "interestExpense": 15600000,
    "depreciationAndAmortization": 49400000,
    "ebitda": 142100000,
    "ebitdaratio": 0.0879440525,
    "operatingIncome": 131200000,
    "operatingIncomeRatio": 0.0811981681,
    "totalOtherIncomeExpensesNet": -54100000,
    "incomeBeforeTax": 77100000,
    "incomeBeforeTaxRatio": 0.0477163015,
    "incomeTaxExpense": 32700000,
    "netIncome": 42500000,
    "netIncomeRatio": 0.0263027602,
    "eps": 0.45,
    "epsdiluted": 0.44,
    "weightedAverageShsOut": 94113941,
    "weightedAverageShsOutDil": 96700000,
    "link": "https://www.sec.gov/Archives/edgar/data/8818/000110465914055064/0001104659-14-055064-index.htm",
    "finalLink": "https://www.sec.gov/Archives/edgar/data/8818/000110465914055064/a14-13861_110q.htm"
  },
  {
    "date": "2014-03-29",
    "symbol": "AVY",
    "reportedCurrency": "USD",
    "cik": "0000008818",
    "fillingDate": "2014-05-05",
    "acceptedDate": "2014-05-05 14:45:26",
    "calendarYear": "2014",
    "period": "Q1",
    "revenue": 1550100000,
    "costOfRevenue": 1142900000,
    "grossProfit": 407200000,
    "grossProfitRatio": 0.2626927295,
    "researchAndDevelopmentExpenses": 24900000,
    "generalAndAdministrativeExpenses": 0,
    "sellingAndMarketingExpenses": 0,
    "sellingGeneralAndAdministrativeExpenses": 296700000,
    "otherExpenses": -7300000,
    "operatingExpenses": 296700000,
    "costAndExpenses": 1439600000,
    "interestIncome": 0,
    "interestExpense": 15400000,
    "depreciationAndAmortization": 50000000,
    "ebitda": 159500000,
    "ebitdaratio": 0.1028965873,
    "operatingIncome": 110500000,
    "operatingIncomeRatio": 0.0712857235,
    "totalOtherIncomeExpensesNet": -22700000,
    "incomeBeforeTax": 87800000,
    "incomeBeforeTaxRatio": 0.056641507,
    "incomeTaxExpense": 16200000,
    "netIncome": 71200000,
    "netIncomeRatio": 0.0459325205,
    "eps": 0.74,
    "epsdiluted": 0.73,
    "weightedAverageShsOut": 95734525,
    "weightedAverageShsOutDil": 98000000,
    "link": "https://www.sec.gov/Archives/edgar/data/8818/000110465914034520/0001104659-14-034520-index.htm",
    "finalLink": "https://www.sec.gov/Archives/edgar/data/8818/000110465914034520/a14-8017_110q.htm"
  },
  {
    "date": "2013-12-28",
    "symbol": "AVY",
    "reportedCurrency": "USD",
    "cik": "0000008818",
    "fillingDate": "2014-02-26",
    "acceptedDate": "2014-02-26 15:48:56",
    "calendarYear": "2013",
    "period": "Q4",
    "revenue": 1583900000,
    "costOfRevenue": 1167600000,
    "grossProfit": 416300000,
    "grossProfitRatio": 0.2628322495,
    "researchAndDevelopmentExpenses": 25000000,
    "generalAndAdministrativeExpenses": 285700000,
    "sellingAndMarketingExpenses": 13200000,
    "sellingGeneralAndAdministrativeExpenses": 298900000,
    "otherExpenses": -3700000,
    "operatingExpenses": 298900000,
    "costAndExpenses": 1466500000,
    "interestIncome": 0,
    "interestExpense": 16000000,
    "depreciationAndAmortization": 48900000,
    "ebitda": 162600000,
    "ebitdaratio": 0.1026579961,
    "operatingIncome": 117400000,
    "operatingIncomeRatio": 0.074120841,
    "totalOtherIncomeExpensesNet": -19700000,
    "incomeBeforeTax": 97700000,
    "incomeBeforeTaxRatio": 0.0616831871,
    "incomeTaxExpense": 53000000,
    "netIncome": 42700000,
    "netIncomeRatio": 0.0269587726,
    "eps": 0.44,
    "epsdiluted": 0.43,
    "weightedAverageShsOut": 96178411,
    "weightedAverageShsOutDil": 98500000,
    "link": "https://www.sec.gov/Archives/edgar/data/8818/000104746914001386/0001047469-14-001386-index.htm",
    "finalLink": "https://www.sec.gov/Archives/edgar/data/8818/000104746914001386/a2218447z10-k.htm"
  },
  {
    "date": "2013-09-28",
    "symbol": "AVY",
    "reportedCurrency": "USD",
    "cik": "0000008818",
    "fillingDate": "2013-11-04",
    "acceptedDate": "2013-11-04 16:25:37",
    "calendarYear": "2013",
    "period": "Q3",
    "revenue": 1504900000,
    "costOfRevenue": 1102700000,
    "grossProfit": 402200000,
    "grossProfitRatio": 0.2672602831,
    "researchAndDevelopmentExpenses": 22400000,
    "generalAndAdministrativeExpenses": 285700000,
    "sellingAndMarketingExpenses": 0,
    "sellingGeneralAndAdministrativeExpenses": 285700000,
    "otherExpenses": -25700000,
    "operatingExpenses": 285700000,
    "costAndExpenses": 1388400000,
    "interestIncome": 0,
    "interestExpense": 16000000,
    "depreciationAndAmortization": 52400000,
    "ebitda": 159100000,
    "ebitdaratio": 0.1057213104,
    "operatingIncome": 116500000,
    "operatingIncomeRatio": 0.0774137816,
    "totalOtherIncomeExpensesNet": -31900000,
    "incomeBeforeTax": 74800000,
    "incomeBeforeTaxRatio": 0.0497042993,
    "incomeTaxExpense": 12800000,
    "netIncome": 37000000,
    "netIncomeRatio": 0.0245863513,
    "eps": 0.38,
    "epsdiluted": 0.37,
    "weightedAverageShsOut": 97225758,
    "weightedAverageShsOutDil": 99600000,
    "link": "https://www.sec.gov/Archives/edgar/data/8818/000110465913080551/0001104659-13-080551-index.htm",
    "finalLink": "https://www.sec.gov/Archives/edgar/data/8818/000110465913080551/a13-19250_110q.htm"
  },
  {
    "date": "2013-06-29",
    "symbol": "AVY",
    "reportedCurrency": "USD",
    "cik": "0000008818",
    "fillingDate": "2013-08-07",
    "acceptedDate": "2013-08-06 19:57:03",
    "calendarYear": "2013",
    "period": "Q2",
    "revenue": 1552300000,
    "costOfRevenue": 1134800000,
    "grossProfit": 417500000,
    "grossProfitRatio": 0.2689557431,
    "researchAndDevelopmentExpenses": 25100000,
    "generalAndAdministrativeExpenses": 293500000,
    "sellingAndMarketingExpenses": 0,
    "sellingGeneralAndAdministrativeExpenses": 293500000,
    "otherExpenses": 300000,
    "operatingExpenses": 293500000,
    "costAndExpenses": 1428300000,
    "interestIncome": 0,
    "interestExpense": 14800000,
    "depreciationAndAmortization": 51800000,
    "ebitda": 176100000,
    "ebitdaratio": 0.1134445661,
    "operatingIncome": 124000000,
    "operatingIncomeRatio": 0.0798814662,
    "totalOtherIncomeExpensesNet": -14500000,
    "incomeBeforeTax": 109500000,
    "incomeBeforeTaxRatio": 0.0705404883,
    "incomeTaxExpense": 38700000,
    "netIncome": 68800000,
    "netIncomeRatio": 0.0443213296,
    "eps": 0.7,
    "epsdiluted": 0.68,
    "weightedAverageShsOut": 98484345,
    "weightedAverageShsOutDil": 100800000,
    "link": "https://www.sec.gov/Archives/edgar/data/8818/000110465913060554/0001104659-13-060554-index.htm",
    "finalLink": "https://www.sec.gov/Archives/edgar/data/8818/000110465913060554/a13-13613_110q.htm"
  },
  {
    "date": "2013-03-30",
    "symbol": "AVY",
    "reportedCurrency": "USD",
    "cik": "0000008818",
    "fillingDate": "2013-05-07",
    "acceptedDate": "2013-05-06 21:01:52",
    "calendarYear": "2013",
    "period": "Q1",
    "revenue": 1498900000,
    "costOfRevenue": 1097200000,
    "grossProfit": 401700000,
    "grossProfitRatio": 0.2679965308,
    "researchAndDevelopmentExpenses": 23500000,
    "generalAndAdministrativeExpenses": 0,
    "sellingAndMarketingExpenses": 0,
    "sellingGeneralAndAdministrativeExpenses": 300900000,
    "otherExpenses": -7500000,
    "operatingExpenses": 300900000,
    "costAndExpenses": 1398100000,
    "interestIncome": 0,
    "interestExpense": 12200000,
    "depreciationAndAmortization": 51500000,
    "ebitda": 144800000,
    "ebitdaratio": 0.0966041764,
    "operatingIncome": 100800000,
    "operatingIncomeRatio": 0.0672493162,
    "totalOtherIncomeExpensesNet": -19700000,
    "incomeBeforeTax": 81100000,
    "incomeBeforeTaxRatio": 0.0541063447,
    "incomeTaxExpense": 14300000,
    "netIncome": 57800000,
    "netIncomeRatio": 0.0385616118,
    "eps": 0.58,
    "epsdiluted": 0.57,
    "weightedAverageShsOut": 100137807,
    "weightedAverageShsOutDil": 101500000,
    "link": "https://www.sec.gov/Archives/edgar/data/8818/000110465913037800/0001104659-13-037800-index.htm",
    "finalLink": "https://www.sec.gov/Archives/edgar/data/8818/000110465913037800/a13-7643_110q.htm"
  },
  {
    "date": "2012-12-29",
    "symbol": "AVY",
    "reportedCurrency": "USD",
    "cik": "0000008818",
    "fillingDate": "2013-02-27",
    "acceptedDate": "2013-02-27 15:37:52",
    "calendarYear": "2012",
    "period": "Q4",
    "revenue": 1532200000,
    "costOfRevenue": 1134500000,
    "grossProfit": 397700000,
    "grossProfitRatio": 0.259561415,
    "researchAndDevelopmentExpenses": 24100000,
    "generalAndAdministrativeExpenses": 287400000,
    "sellingAndMarketingExpenses": 8900000,
    "sellingGeneralAndAdministrativeExpenses": 296300000,
    "otherExpenses": -28300000,
    "operatingExpenses": 296300000,
    "costAndExpenses": 1430800000,
    "interestIncome": 0,
    "interestExpense": 17900000,
    "depreciationAndAmortization": 56500000,
    "ebitda": 129600000,
    "ebitdaratio": 0.0845842579,
    "operatingIncome": 83500000,
    "operatingIncomeRatio": 0.054496802,
    "totalOtherIncomeExpensesNet": -46200000,
    "incomeBeforeTax": 55200000,
    "incomeBeforeTaxRatio": 0.0360266284,
    "incomeTaxExpense": 21800000,
    "netIncome": 49000000,
    "netIncomeRatio": 0.0319801592,
    "eps": 0.49,
    "epsdiluted": 0.48,
    "weightedAverageShsOut": 99915457,
    "weightedAverageShsOutDil": 101200000,
    "link": "https://www.sec.gov/Archives/edgar/data/8818/000104746913001812/0001047469-13-001812-index.htm",
    "finalLink": "https://www.sec.gov/Archives/edgar/data/8818/000104746913001812/a2212989z10-k.htm"
  },
  {
    "date": "2012-09-29",
    "symbol": "AVY",
    "reportedCurrency": "USD",
    "cik": "0000008818",
    "fillingDate": "2012-11-06",
    "acceptedDate": "2012-11-06 13:16:42",
    "calendarYear": "2012",
    "period": "Q3",
    "revenue": 1487800000,
    "costOfRevenue": 1095800000,
    "grossProfit": 392000000,
    "grossProfitRatio": 0.2634762737,
    "researchAndDevelopmentExpenses": 23700000,
    "generalAndAdministrativeExpenses": 286600000,
    "sellingAndMarketingExpenses": 7300000,
    "sellingGeneralAndAdministrativeExpenses": 293900000,
    "otherExpenses": 0,
    "operatingExpenses": 293900000,
    "costAndExpenses": 1389700000,
    "interestIncome": 0,
    "interestExpense": 18000000,
    "depreciationAndAmortization": 53500000,
    "ebitda": 126000000,
    "ebitdaratio": 0.0846888023,
    "operatingIncome": 98100000,
    "operatingIncomeRatio": 0.0659362818,
    "totalOtherIncomeExpensesNet": -39900000,
    "incomeBeforeTax": 58200000,
    "incomeBeforeTaxRatio": 0.039118161,
    "incomeTaxExpense": 20100000,
    "netIncome": 58300000,
    "netIncomeRatio": 0.0391853744,
    "eps": 0.57,
    "epsdiluted": 0.57,
    "weightedAverageShsOut": 102200000,
    "weightedAverageShsOutDil": 102200000,
    "link": "https://www.sec.gov/Archives/edgar/data/8818/000110465912074615/0001104659-12-074615-index.htm",
    "finalLink": "https://www.sec.gov/Archives/edgar/data/8818/000110465912074615/a12-21003_110q.htm"
  },
  {
    "date": "2012-06-30",
    "symbol": "AVY",
    "reportedCurrency": "USD",
    "cik": "0000008818",
    "fillingDate": "2012-08-07",
    "acceptedDate": "2012-08-06 21:09:22",
    "calendarYear": "2012",
    "period": "Q2",
    "revenue": 1532300000,
    "costOfRevenue": 1132500000,
    "grossProfit": 399800000,
    "grossProfitRatio": 0.2609149644,
    "researchAndDevelopmentExpenses": 0,
    "generalAndAdministrativeExpenses": 0,
    "sellingAndMarketingExpenses": 0,
    "sellingGeneralAndAdministrativeExpenses": 292700000,
    "otherExpenses": 0,
    "operatingExpenses": 292700000,
    "costAndExpenses": 1425200000,
    "interestIncome": 0,
    "interestExpense": 18600000,
    "depreciationAndAmortization": 51200000,
    "ebitda": 143400000,
    "ebitdaratio": 0.0935848072,
    "operatingIncome": 107100000,
    "operatingIncomeRatio": 0.0698949292,
    "totalOtherIncomeExpensesNet": -33500000,
    "incomeBeforeTax": 77000000,
    "incomeBeforeTaxRatio": 0.0502512563,
    "incomeTaxExpense": 25700000,
    "netIncome": 64200000,
    "netIncomeRatio": 0.0418978007,
    "eps": 0.63,
    "epsdiluted": 0.62,
    "weightedAverageShsOut": 102339587,
    "weightedAverageShsOutDil": 104300000,
    "link": "https://www.sec.gov/Archives/edgar/data/8818/000119312512338506/0001193125-12-338506-index.htm",
    "finalLink": "https://www.sec.gov/Archives/edgar/data/8818/000119312512338506/d356262d10q.htm"
  },
  {
    "date": "2012-03-31",
    "symbol": "AVY",
    "reportedCurrency": "USD",
    "cik": "0000008818",
    "fillingDate": "2012-05-08",
    "acceptedDate": "2012-05-07 20:35:11",
    "calendarYear": "2012",
    "period": "Q1",
    "revenue": 1483300000,
    "costOfRevenue": 1095700000,
    "grossProfit": 387600000,
    "grossProfitRatio": 0.2613092429,
    "researchAndDevelopmentExpenses": 0,
    "generalAndAdministrativeExpenses": 0,
    "sellingAndMarketingExpenses": 296500000,
    "sellingGeneralAndAdministrativeExpenses": 296500000,
    "otherExpenses": 0,
    "operatingExpenses": 296500000,
    "costAndExpenses": 1392200000,
    "interestIncome": 0,
    "interestExpense": 18300000,
    "depreciationAndAmortization": 59400000,
    "ebitda": 140000000,
    "ebitdaratio": 0.0943841435,
    "operatingIncome": 91100000,
    "operatingIncomeRatio": 0.0614171105,
    "totalOtherIncomeExpensesNet": -28800000,
    "incomeBeforeTax": 65100000,
    "incomeBeforeTaxRatio": 0.0438886267,
    "incomeTaxExpense": 18800000,
    "netIncome": 43900000,
    "netIncomeRatio": 0.0295961707,
    "eps": 0.41,
    "epsdiluted": 0.41,
    "weightedAverageShsOut": 106200000,
    "weightedAverageShsOutDil": 106200000,
    "link": "https://www.sec.gov/Archives/edgar/data/8818/000119312512215877/0001193125-12-215877-index.htm",
    "finalLink": "https://www.sec.gov/Archives/edgar/data/8818/000119312512215877/d316860d10q.htm"
  },
  {
    "date": "2011-12-31",
    "symbol": "AVY",
    "reportedCurrency": "USD",
    "cik": "0000008818",
    "fillingDate": "2012-02-27",
    "acceptedDate": "2012-02-24 20:30:49",
    "calendarYear": "2011",
    "period": "Q4",
    "revenue": 1454600000,
    "costOfRevenue": 1096000000,
    "grossProfit": 358600000,
    "grossProfitRatio": 0.2465282552,
    "researchAndDevelopmentExpenses": 0,
    "generalAndAdministrativeExpenses": 0,
    "sellingAndMarketingExpenses": 0,
    "sellingGeneralAndAdministrativeExpenses": 287700000,
    "otherExpenses": 0,
    "operatingExpenses": 287700000,
    "costAndExpenses": 1383700000,
    "interestIncome": 0,
    "interestExpense": 17900000,
    "depreciationAndAmortization": 61800000,
    "ebitda": 63100000,
    "ebitdaratio": 0.0433796233,
    "operatingIncome": 10400000,
    "operatingIncomeRatio": 0.0071497319,
    "totalOtherIncomeExpensesNet": -26600000,
    "incomeBeforeTax": 37100000,
    "incomeBeforeTaxRatio": 0.0255052936,
    "incomeTaxExpense": 8100000,
    "netIncome": 22200000,
    "netIncomeRatio": 0.0152619277,
    "eps": 0.21,
    "epsdiluted": 0.21,
    "weightedAverageShsOut": 106800000,
    "weightedAverageShsOutDil": 106800000,
    "link": "https://www.sec.gov/Archives/edgar/data/8818/000119312512078843/0001193125-12-078843-index.htm",
    "finalLink": "https://www.sec.gov/Archives/edgar/data/8818/000119312512078843/d251638d10k.htm"
  },
  {
    "date": "2011-10-01",
    "symbol": "AVY",
    "reportedCurrency": "USD",
    "cik": "0000008818",
    "fillingDate": "2011-11-08",
    "acceptedDate": "2011-11-08 17:24:10",
    "calendarYear": "2011",
    "period": "Q3",
    "revenue": 1699600000,
    "costOfRevenue": 1263900000,
    "grossProfit": 435700000,
    "grossProfitRatio": 0.2563544363,
    "researchAndDevelopmentExpenses": 0,
    "generalAndAdministrativeExpenses": 0,
    "sellingAndMarketingExpenses": 0,
    "sellingGeneralAndAdministrativeExpenses": 326400000,
    "otherExpenses": 0,
    "operatingExpenses": 326400000,
    "costAndExpenses": 1590300000,
    "interestIncome": 0,
    "interestExpense": 17900000,
    "depreciationAndAmortization": 61400000,
    "ebitda": 170700000,
    "ebitdaratio": 0.1004353966,
    "operatingIncome": 109300000,
    "operatingIncomeRatio": 0.0643092492,
    "totalOtherIncomeExpensesNet": -11000000,
    "incomeBeforeTax": 70900000,
    "incomeBeforeTaxRatio": 0.0417156978,
    "incomeTaxExpense": 21100000,
    "netIncome": 49800000,
    "netIncomeRatio": 0.029301012,
    "eps": 0.47,
    "epsdiluted": 0.47,
    "weightedAverageShsOut": 106600000,
    "weightedAverageShsOutDil": 106600000,
    "link": "https://www.sec.gov/Archives/edgar/data/8818/000119312511302451/0001193125-11-302451-index.htm",
    "finalLink": "https://www.sec.gov/Archives/edgar/data/8818/000119312511302451/d250565d10q.htm"
  },
  {
    "date": "2011-07-02",
    "symbol": "AVY",
    "reportedCurrency": "USD",
    "cik": "0000008818",
    "fillingDate": "2011-08-09",
    "acceptedDate": "2011-08-08 21:35:54",
    "calendarYear": "2011",
    "period": "Q2",
    "revenue": 1725700000,
    "costOfRevenue": 1254800000,
    "grossProfit": 470900000,
    "grossProfitRatio": 0.2728747755,
    "researchAndDevelopmentExpenses": 0,
    "generalAndAdministrativeExpenses": 0,
    "sellingAndMarketingExpenses": 0,
    "sellingGeneralAndAdministrativeExpenses": 330000000,
    "otherExpenses": 0,
    "operatingExpenses": 330000000,
    "costAndExpenses": 1584800000,
    "interestIncome": 0,
    "interestExpense": 17700000,
    "depreciationAndAmortization": 63000000,
    "ebitda": 167800000,
    "ebitdaratio": 0.0972359043,
    "operatingIncome": 140900000,
    "operatingIncomeRatio": 0.0816480269,
    "totalOtherIncomeExpensesNet": -30100000,
    "incomeBeforeTax": 110800000,
    "incomeBeforeTaxRatio": 0.0642058295,
    "incomeTaxExpense": 37500000,
    "netIncome": 73300000,
    "netIncomeRatio": 0.0424755172,
    "eps": 0.69,
    "epsdiluted": 0.69,
    "weightedAverageShsOut": 106900000,
    "weightedAverageShsOutDil": 106900000,
    "link": "https://www.sec.gov/Archives/edgar/data/8818/000095012311074630/0000950123-11-074630-index.htm",
    "finalLink": "https://www.sec.gov/Archives/edgar/data/8818/000095012311074630/v59526e10vq.htm"
  },
  {
    "date": "2011-04-02",
    "symbol": "AVY",
    "reportedCurrency": "USD",
    "cik": "0000008818",
    "fillingDate": "2011-05-10",
    "acceptedDate": "2011-05-10 16:48:51",
    "calendarYear": "2011",
    "period": "Q1",
    "revenue": 1659300000,
    "costOfRevenue": 1204900000,
    "grossProfit": 454400000,
    "grossProfitRatio": 0.2738504189,
    "researchAndDevelopmentExpenses": 0,
    "generalAndAdministrativeExpenses": 0,
    "sellingAndMarketingExpenses": 0,
    "sellingGeneralAndAdministrativeExpenses": 364500000,
    "otherExpenses": 0,
    "operatingExpenses": 364500000,
    "costAndExpenses": 1569400000,
    "interestIncome": 0,
    "interestExpense": 17900000,
    "depreciationAndAmortization": 60300000,
    "ebitda": 140600000,
    "ebitdaratio": 0.0847345266,
    "operatingIncome": 89900000,
    "operatingIncomeRatio": 0.0541794733,
    "totalOtherIncomeExpensesNet": -22500000,
    "incomeBeforeTax": 67400000,
    "incomeBeforeTaxRatio": 0.0406195384,
    "incomeTaxExpense": 22600000,
    "netIncome": 44800000,
    "netIncomeRatio": 0.0269993371,
    "eps": 0.42,
    "epsdiluted": 0.42,
    "weightedAverageShsOut": 107000000,
    "weightedAverageShsOutDil": 107000000,
    "link": "https://www.sec.gov/Archives/edgar/data/8818/000095012311048393/0000950123-11-048393-index.htm",
    "finalLink": "https://www.sec.gov/Archives/edgar/data/8818/000095012311048393/v58917e10vq.htm"
  },
  {
    "date": "2011-01-01",
    "symbol": "AVY",
    "reportedCurrency": "USD",
    "cik": "0000008818",
    "fillingDate": "2011-02-28",
    "acceptedDate": "2011-02-25 18:05:39",
    "calendarYear": "2010",
    "period": "Q4",
    "revenue": 1637100000,
    "costOfRevenue": 1195300000,
    "grossProfit": 441800000,
    "grossProfitRatio": 0.2698674485,
    "researchAndDevelopmentExpenses": 0,
    "generalAndAdministrativeExpenses": 0,
    "sellingAndMarketingExpenses": 0,
    "sellingGeneralAndAdministrativeExpenses": 345000000,
    "otherExpenses": 0,
    "operatingExpenses": 345000000,
    "costAndExpenses": 1540300000,
    "interestIncome": 0,
    "interestExpense": 18900000,
    "depreciationAndAmortization": 59700000,
    "ebitda": 150200000,
    "ebitdaratio": 0.0917476025,
    "operatingIncome": 96800000,
    "operatingIncomeRatio": 0.0591289475,
    "totalOtherIncomeExpensesNet": -25200000,
    "incomeBeforeTax": 71600000,
    "incomeBeforeTaxRatio": 0.0437358744,
    "incomeTaxExpense": -42600000,
    "netIncome": 114200000,
    "netIncomeRatio": 0.069757498,
    "eps": 1.07,
    "epsdiluted": 1.07,
    "weightedAverageShsOut": 106400000,
    "weightedAverageShsOutDil": 107000000,
    "link": "https://www.sec.gov/Archives/edgar/data/8818/000095012311018967/0000950123-11-018967-index.htm",
    "finalLink": "https://www.sec.gov/Archives/edgar/data/8818/000095012311018967/v57898e10vk.htm"
  },
  {
    "date": "2010-10-02",
    "symbol": "AVY",
    "reportedCurrency": "USD",
    "cik": "0000008818",
    "fillingDate": "2010-11-10",
    "acceptedDate": "2010-11-10 06:01:48",
    "calendarYear": "2010",
    "period": "Q3",
    "revenue": 1640800000,
    "costOfRevenue": 1187800000,
    "grossProfit": 453000000,
    "grossProfitRatio": 0.2760848367,
    "researchAndDevelopmentExpenses": 0,
    "generalAndAdministrativeExpenses": 0,
    "sellingAndMarketingExpenses": 0,
    "sellingGeneralAndAdministrativeExpenses": 356900000,
    "otherExpenses": 0,
    "operatingExpenses": 356900000,
    "costAndExpenses": 1544700000,
    "interestIncome": 0,
    "interestExpense": 19100000,
    "depreciationAndAmortization": 66300000,
    "ebitda": 162400000,
    "ebitdaratio": 0.0989761092,
    "operatingIncome": 106600000,
    "operatingIncomeRatio": 0.0649683081,
    "totalOtherIncomeExpensesNet": -29600000,
    "incomeBeforeTax": 77000000,
    "incomeBeforeTaxRatio": 0.0469283276,
    "incomeTaxExpense": 12800000,
    "netIncome": 64200000,
    "netIncomeRatio": 0.039127255,
    "eps": 0.58,
    "epsdiluted": 0.58,
    "weightedAverageShsOut": 105833213,
    "weightedAverageShsOutDil": 107100000,
    "link": "https://www.sec.gov/Archives/edgar/data/8818/000095012310103571/0000950123-10-103571-index.htm",
    "finalLink": "https://www.sec.gov/Archives/edgar/data/8818/000095012310103571/v57490e10vq.htm"
  },
  {
    "date": "2010-07-03",
    "symbol": "AVY",
    "reportedCurrency": "USD",
    "cik": "0000008818",
    "fillingDate": "2010-08-11",
    "acceptedDate": "2010-08-11 16:37:05",
    "calendarYear": "2010",
    "period": "Q2",
    "revenue": 1680100000,
    "costOfRevenue": 1189700000,
    "grossProfit": 490400000,
    "grossProfitRatio": 0.2918873877,
    "researchAndDevelopmentExpenses": 0,
    "generalAndAdministrativeExpenses": 0,
    "sellingAndMarketingExpenses": 0,
    "sellingGeneralAndAdministrativeExpenses": 338900000,
    "otherExpenses": 0,
    "operatingExpenses": 343500000,
    "costAndExpenses": 1533200000,
    "interestIncome": 0,
    "interestExpense": 21100000,
    "depreciationAndAmortization": 59800000,
    "ebitda": 206700000,
    "ebitdaratio": 0.1230283912,
    "operatingIncome": 151500000,
    "operatingIncomeRatio": 0.090173204,
    "totalOtherIncomeExpensesNet": -25700000,
    "incomeBeforeTax": 125800000,
    "incomeBeforeTaxRatio": 0.0748764954,
    "incomeTaxExpense": 42000000,
    "netIncome": 83800000,
    "netIncomeRatio": 0.0498779835,
    "eps": 0.76,
    "epsdiluted": 0.76,
    "weightedAverageShsOut": 105400000,
    "weightedAverageShsOutDil": 106800000,
    "link": "https://www.sec.gov/Archives/edgar/data/8818/000095012310076168/0000950123-10-076168-index.htm",
    "finalLink": "https://www.sec.gov/Archives/edgar/data/8818/000095012310076168/v56651e10vq.htm"
  },
  {
    "date": "2010-04-03",
    "symbol": "AVY",
    "reportedCurrency": "USD",
    "cik": "0000008818",
    "fillingDate": "2010-05-12",
    "acceptedDate": "2010-05-12 17:13:03",
    "calendarYear": "2010",
    "period": "Q1",
    "revenue": 1554700000,
    "costOfRevenue": 1113900000,
    "grossProfit": 440800000,
    "grossProfitRatio": 0.2835273686,
    "researchAndDevelopmentExpenses": 0,
    "generalAndAdministrativeExpenses": 0,
    "sellingAndMarketingExpenses": 0,
    "sellingGeneralAndAdministrativeExpenses": 340100000,
    "otherExpenses": 0,
    "operatingExpenses": 346400000,
    "costAndExpenses": 1460300000,
    "interestIncome": 0,
    "interestExpense": 17500000,
    "depreciationAndAmortization": 61800000,
    "ebitda": 156200000,
    "ebitdaratio": 0.100469544,
    "operatingIncome": 100700000,
    "operatingIncomeRatio": 0.0647713385,
    "totalOtherIncomeExpensesNet": -23800000,
    "incomeBeforeTax": 76900000,
    "incomeBeforeTaxRatio": 0.0494629189,
    "incomeTaxExpense": 22200000,
    "netIncome": 54700000,
    "netIncomeRatio": 0.0351836367,
    "eps": 0.49,
    "epsdiluted": 0.49,
    "weightedAverageShsOut": 105557660,
    "weightedAverageShsOutDil": 106400000,
    "link": "https://www.sec.gov/Archives/edgar/data/8818/000095012310048545/0000950123-10-048545-index.htm",
    "finalLink": "https://www.sec.gov/Archives/edgar/data/8818/000095012310048545/v54483e10vq.htm"
  },
  {
    "date": "2010-01-02",
    "symbol": "AVY",
    "reportedCurrency": "USD",
    "cik": "0000008818",
    "fillingDate": "2010-03-01",
    "acceptedDate": "2010-02-26 19:21:59",
    "calendarYear": "2009",
    "period": "Q4",
    "revenue": 1521800000,
    "costOfRevenue": 1106700000,
    "grossProfit": 415100000,
    "grossProfitRatio": 0.2727690892,
    "researchAndDevelopmentExpenses": 0,
    "generalAndAdministrativeExpenses": 0,
    "sellingAndMarketingExpenses": 0,
    "sellingGeneralAndAdministrativeExpenses": 341400000,
    "otherExpenses": 0,
    "operatingExpenses": 341400000,
    "costAndExpenses": 1448100000,
    "interestIncome": 0,
    "interestExpense": 18300000,
    "depreciationAndAmortization": 73300000,
    "ebitda": 118100000,
    "ebitdaratio": 0.0776054672,
    "operatingIncome": 73700000,
    "operatingIncomeRatio": 0.0484294914,
    "totalOtherIncomeExpensesNet": -47200000,
    "incomeBeforeTax": 26500000,
    "incomeBeforeTaxRatio": 0.0174135892,
    "incomeTaxExpense": -23400000,
    "netIncome": 49900000,
    "netIncomeRatio": 0.032790117,
    "eps": 0.47,
    "epsdiluted": 0.47,
    "weightedAverageShsOut": 105557660,
    "weightedAverageShsOutDil": 106400000,
    "link": "https://www.sec.gov/Archives/edgar/data/8818/000095012310018494/0000950123-10-018494-index.htm",
    "finalLink": "https://www.sec.gov/Archives/edgar/data/8818/000095012310018494/v55308e10vk.htm"
  },
  {
    "date": "2009-10-03",
    "symbol": "AVY",
    "reportedCurrency": "USD",
    "cik": "0000008818",
    "fillingDate": "2009-11-12",
    "acceptedDate": "2009-11-12 06:08:43",
    "calendarYear": "2009",
    "period": "Q3",
    "revenue": 1549300000,
    "costOfRevenue": 1113300000,
    "grossProfit": 436000000,
    "grossProfitRatio": 0.2814174143,
    "researchAndDevelopmentExpenses": 0,
    "generalAndAdministrativeExpenses": 0,
    "sellingAndMarketingExpenses": 0,
    "sellingGeneralAndAdministrativeExpenses": 323100000,
    "otherExpenses": 0,
    "operatingExpenses": 358600000,
    "costAndExpenses": 1471900000,
    "interestIncome": 0,
    "interestExpense": 19100000,
    "depreciationAndAmortization": 63000000,
    "ebitda": 140400000,
    "ebitdaratio": 0.090621571,
    "operatingIncome": 112900000,
    "operatingIncomeRatio": 0.0728716194,
    "totalOtherIncomeExpensesNet": -54600000,
    "incomeBeforeTax": 58300000,
    "incomeBeforeTaxRatio": 0.0376298974,
    "incomeTaxExpense": -4200000,
    "netIncome": 62500000,
    "netIncomeRatio": 0.0403407991,
    "eps": 0.55,
    "epsdiluted": 0.55,
    "weightedAverageShsOut": 102200000,
    "weightedAverageShsOutDil": 106000000,
    "link": "https://www.sec.gov/Archives/edgar/data/8818/000095012309061153/0000950123-09-061153-index.htm",
    "finalLink": "https://www.sec.gov/Archives/edgar/data/8818/000095012309061153/v54296e10vq.htm"
  },
  {
    "date": "2009-07-04",
    "symbol": "AVY",
    "reportedCurrency": "USD",
    "cik": "0000008818",
    "fillingDate": "2009-08-12",
    "acceptedDate": "2009-08-12 16:23:13",
    "calendarYear": "2009",
    "period": "Q2",
    "revenue": 1455400000,
    "costOfRevenue": 1065100000,
    "grossProfit": 390300000,
    "grossProfitRatio": 0.268173698,
    "researchAndDevelopmentExpenses": 0,
    "generalAndAdministrativeExpenses": 0,
    "sellingAndMarketingExpenses": 0,
    "sellingGeneralAndAdministrativeExpenses": 300100000,
    "otherExpenses": 0,
    "operatingExpenses": 300100000,
    "costAndExpenses": 1365200000,
    "interestIncome": 0,
    "interestExpense": 20400000,
    "depreciationAndAmortization": 61400000,
    "ebitda": 122000000,
    "ebitdaratio": 0.0838257524,
    "operatingIncome": 90200000,
    "operatingIncomeRatio": 0.061976089,
    "totalOtherIncomeExpensesNet": -50000000,
    "incomeBeforeTax": 40200000,
    "incomeBeforeTaxRatio": 0.0276212725,
    "incomeTaxExpense": 400000,
    "netIncome": 39800000,
    "netIncomeRatio": 0.027346434,
    "eps": 0.35,
    "epsdiluted": 0.35,
    "weightedAverageShsOut": 100000000,
    "weightedAverageShsOutDil": 105700000,
    "link": "https://www.sec.gov/Archives/edgar/data/8818/000095012309034055/0000950123-09-034055-index.htm",
    "finalLink": "https://www.sec.gov/Archives/edgar/data/8818/000095012309034055/v53459e10vq.htm"
  },
  {
    "date": "2009-04-04",
    "symbol": "AVY",
    "reportedCurrency": "USD",
    "cik": "0000008818",
    "fillingDate": "2009-05-14",
    "acceptedDate": "2009-05-14 16:15:28",
    "calendarYear": "2009",
    "period": "Q1",
    "revenue": 1426200000,
    "costOfRevenue": 1081100000,
    "grossProfit": 345100000,
    "grossProfitRatio": 0.241971673,
    "researchAndDevelopmentExpenses": 0,
    "generalAndAdministrativeExpenses": 0,
    "sellingAndMarketingExpenses": 0,
    "sellingGeneralAndAdministrativeExpenses": 304200000,
    "otherExpenses": 0,
    "operatingExpenses": 304200000,
    "costAndExpenses": 1385300000,
    "interestIncome": 0,
    "interestExpense": 27500000,
    "depreciationAndAmortization": 71200000,
    "ebitda": 40900000,
    "ebitdaratio": 0.0286776048,
    "operatingIncome": 40900000,
    "operatingIncomeRatio": 0.0286776048,
    "totalOtherIncomeExpensesNet": -956800000,
    "incomeBeforeTax": -915900000,
    "incomeBeforeTaxRatio": -0.6421960454,
    "incomeTaxExpense": -17000000,
    "netIncome": -898900000,
    "netIncomeRatio": -0.6302762586,
    "eps": -8.99,
    "epsdiluted": -8.99,
    "weightedAverageShsOut": 100000000,
    "weightedAverageShsOutDil": 100000000,
    "link": "https://www.sec.gov/Archives/edgar/data/8818/000095013409010693/0000950134-09-010693-index.htm",
    "finalLink": "https://www.sec.gov/Archives/edgar/data/8818/000095013409010693/v52557e10vq.htm"
  },
  {
    "date": "2008-12-27",
    "symbol": "AVY",
    "reportedCurrency": "USD",
    "cik": "0000008818",
    "fillingDate": "2009-02-25",
    "acceptedDate": "2009-02-25 17:22:29",
    "calendarYear": "2008",
    "period": "Q4",
    "revenue": 1511500000,
    "costOfRevenue": 1133100000,
    "grossProfit": 378400000,
    "grossProfitRatio": 0.2503473371,
    "researchAndDevelopmentExpenses": 0,
    "generalAndAdministrativeExpenses": 0,
    "sellingAndMarketingExpenses": 0,
    "sellingGeneralAndAdministrativeExpenses": 309800000,
    "otherExpenses": 0,
    "operatingExpenses": 309800000,
    "costAndExpenses": 1442900000,
    "interestIncome": 0,
    "interestExpense": 0,
    "depreciationAndAmortization": 72300000,
    "ebitda": 140900000,
    "ebitdaratio": 0.093218657,
    "operatingIncome": 68600000,
    "operatingIncomeRatio": 0.0453853788,
    "totalOtherIncomeExpensesNet": -40400000,
    "incomeBeforeTax": 28200000,
    "incomeBeforeTaxRatio": 0.0186569633,
    "incomeTaxExpense": -14400000,
    "netIncome": 42600000,
    "netIncomeRatio": 0.0281839233,
    "eps": 0.43,
    "epsdiluted": 0.43,
    "weightedAverageShsOut": 98100000,
    "weightedAverageShsOutDil": 100000000,
    "link": "https://www.sec.gov/Archives/edgar/data/8818/000095014809000021/0000950148-09-000021-index.htm",
    "finalLink": "https://www.sec.gov/Archives/edgar/data/8818/000095014809000021/v51532e10vk.htm"
  },
  {
    "date": "2008-09-27",
    "symbol": "AVY",
    "reportedCurrency": "USD",
    "cik": "0000008818",
    "fillingDate": "2008-11-06",
    "acceptedDate": "2008-11-06 14:40:25",
    "calendarYear": "2008",
    "period": "Q3",
    "revenue": 1724800000,
    "costOfRevenue": 1290500000,
    "grossProfit": 434300000,
    "grossProfitRatio": 0.2517973098,
    "researchAndDevelopmentExpenses": 0,
    "generalAndAdministrativeExpenses": 0,
    "sellingAndMarketingExpenses": 0,
    "sellingGeneralAndAdministrativeExpenses": 325500000,
    "otherExpenses": 0,
    "operatingExpenses": 325500000,
    "costAndExpenses": 1616000000,
    "interestIncome": 0,
    "interestExpense": 29000000,
    "depreciationAndAmortization": 70900000,
    "ebitda": 108800000,
    "ebitdaratio": 0.0630797774,
    "operatingIncome": 108800000,
    "operatingIncomeRatio": 0.0630797774,
    "totalOtherIncomeExpensesNet": -41500000,
    "incomeBeforeTax": 67300000,
    "incomeBeforeTaxRatio": 0.0390190167,
    "incomeTaxExpense": 4600000,
    "netIncome": 62700000,
    "netIncomeRatio": 0.0363520408,
    "eps": 0.64,
    "epsdiluted": 0.63,
    "weightedAverageShsOut": 98500000,
    "weightedAverageShsOutDil": 98900000,
    "link": "https://www.sec.gov/Archives/edgar/data/8818/000095013408019653/0000950134-08-019653-index.htm",
    "finalLink": "https://www.sec.gov/Archives/edgar/data/8818/000095013408019653/v50394e10vq.htm"
  },
  {
    "date": "2008-06-28",
    "symbol": "AVY",
    "reportedCurrency": "USD",
    "cik": "0000008818",
    "fillingDate": "2008-08-07",
    "acceptedDate": "2008-08-06 20:46:24",
    "calendarYear": "2008",
    "period": "Q2",
    "revenue": 1828900000,
    "costOfRevenue": 1338600000,
    "grossProfit": 490300000,
    "grossProfitRatio": 0.268084641,
    "researchAndDevelopmentExpenses": 0,
    "generalAndAdministrativeExpenses": 0,
    "sellingAndMarketingExpenses": 0,
    "sellingGeneralAndAdministrativeExpenses": 341000000,
    "otherExpenses": 0,
    "operatingExpenses": 341000000,
    "costAndExpenses": 1679600000,
    "interestIncome": 0,
    "interestExpense": 29300000,
    "depreciationAndAmortization": 67300000,
    "ebitda": 222400000,
    "ebitdaratio": 0.1216031494,
    "operatingIncome": 149300000,
    "operatingIncomeRatio": 0.0816337689,
    "totalOtherIncomeExpensesNet": -35100000,
    "incomeBeforeTax": 114200000,
    "incomeBeforeTaxRatio": 0.062441905,
    "incomeTaxExpense": 21800000,
    "netIncome": 92400000,
    "netIncomeRatio": 0.0505221718,
    "eps": 0.94,
    "epsdiluted": 0.93,
    "weightedAverageShsOut": 98500000,
    "weightedAverageShsOutDil": 98900000,
    "link": "https://www.sec.gov/Archives/edgar/data/8818/000095013408014388/0000950134-08-014388-index.htm",
    "finalLink": "https://www.sec.gov/Archives/edgar/data/8818/000095013408014388/v42547e10vq.htm"
  },
  {
    "date": "2008-03-29",
    "symbol": "AVY",
    "reportedCurrency": "USD",
    "cik": "0000008818",
    "fillingDate": "2008-05-08",
    "acceptedDate": "2008-05-08 15:42:35",
    "calendarYear": "2008",
    "period": "Q1",
    "revenue": 1645200000,
    "costOfRevenue": 1221200000,
    "grossProfit": 424000000,
    "grossProfitRatio": 0.2577194262,
    "researchAndDevelopmentExpenses": 0,
    "generalAndAdministrativeExpenses": 0,
    "sellingAndMarketingExpenses": 0,
    "sellingGeneralAndAdministrativeExpenses": 328000000,
    "otherExpenses": 0,
    "operatingExpenses": 328000000,
    "costAndExpenses": 1549200000,
    "interestIncome": 0,
    "interestExpense": 29500000,
    "depreciationAndAmortization": 67900000,
    "ebitda": 96000000,
    "ebitdaratio": 0.0583515682,
    "operatingIncome": 96000000,
    "operatingIncomeRatio": 0.0583515682,
    "totalOtherIncomeExpensesNet": -35100000,
    "incomeBeforeTax": 60900000,
    "incomeBeforeTaxRatio": 0.0370167761,
    "incomeTaxExpense": -7500000,
    "netIncome": 68400000,
    "netIncomeRatio": 0.0415754923,
    "eps": 0.7,
    "epsdiluted": 0.69,
    "weightedAverageShsOut": 98400000,
    "weightedAverageShsOutDil": 98600000,
    "link": "https://www.sec.gov/Archives/edgar/data/8818/000095014808000188/0000950148-08-000188-index.htm",
    "finalLink": "https://www.sec.gov/Archives/edgar/data/8818/000095014808000188/v40594e10vq.htm"
  },
  {
    "date": "2007-12-29",
    "symbol": "AVY",
    "reportedCurrency": "USD",
    "cik": "0000008818",
    "fillingDate": "2008-02-27",
    "acceptedDate": "2008-02-27 15:45:11",
    "calendarYear": "2007",
    "period": "Q4",
    "revenue": 1714000000,
    "costOfRevenue": 1231400000,
    "grossProfit": 482600000,
    "grossProfitRatio": 0.2815635939,
    "researchAndDevelopmentExpenses": 0,
    "generalAndAdministrativeExpenses": 0,
    "sellingAndMarketingExpenses": 0,
    "sellingGeneralAndAdministrativeExpenses": 333000000,
    "otherExpenses": 0,
    "operatingExpenses": 333000000,
    "costAndExpenses": 1564400000,
    "interestIncome": 0,
    "interestExpense": 0,
    "depreciationAndAmortization": 70200000,
    "ebitda": 219800000,
    "ebitdaratio": 0.1282380397,
    "operatingIncome": 149600000,
    "operatingIncomeRatio": 0.0872812135,
    "totalOtherIncomeExpensesNet": -50500000,
    "incomeBeforeTax": 99100000,
    "incomeBeforeTaxRatio": 0.0578179697,
    "incomeTaxExpense": 19000000,
    "netIncome": 80100000,
    "netIncomeRatio": 0.0467327888,
    "eps": 0.81,
    "epsdiluted": 0.81,
    "weightedAverageShsOut": 98400000,
    "weightedAverageShsOutDil": 98600000,
    "link": "https://www.sec.gov/Archives/edgar/data/8818/000095013408003581/0000950134-08-003581-index.htm",
    "finalLink": "https://www.sec.gov/Archives/edgar/data/8818/000095013408003581/a38006e10vk.htm"
  },
  {
    "date": "2007-09-29",
    "symbol": "AVY",
    "reportedCurrency": "USD",
    "cik": "0000008818",
    "fillingDate": "2007-11-07",
    "acceptedDate": "2007-11-07 15:42:54",
    "calendarYear": "2007",
    "period": "Q3",
    "revenue": 1680400000,
    "costOfRevenue": 1214800000,
    "grossProfit": 465600000,
    "grossProfitRatio": 0.2770768865,
    "researchAndDevelopmentExpenses": 0,
    "generalAndAdministrativeExpenses": 0,
    "sellingAndMarketingExpenses": 0,
    "sellingGeneralAndAdministrativeExpenses": 330400000,
    "otherExpenses": 0,
    "operatingExpenses": 330400000,
    "costAndExpenses": 1545200000,
    "interestIncome": 0,
    "interestExpense": 35700000,
    "depreciationAndAmortization": 63600000,
    "ebitda": 198800000,
    "ebitdaratio": 0.1183051654,
    "operatingIncome": 135200000,
    "operatingIncomeRatio": 0.080457034,
    "totalOtherIncomeExpensesNet": -69300000,
    "incomeBeforeTax": 65900000,
    "incomeBeforeTaxRatio": 0.0392168531,
    "incomeTaxExpense": 7500000,
    "netIncome": 58400000,
    "netIncomeRatio": 0.0347536301,
    "eps": 0.59,
    "epsdiluted": 0.59,
    "weightedAverageShsOut": 98300000,
    "weightedAverageShsOutDil": 98900000,
    "link": "https://www.sec.gov/Archives/edgar/data/8818/000095013407023158/0000950134-07-023158-index.htm",
    "finalLink": "https://www.sec.gov/Archives/edgar/data/8818/000095013407023158/a35178e10vq.htm"
  },
  {
    "date": "2007-06-30",
    "symbol": "AVY",
    "reportedCurrency": "USD",
    "cik": "0000008818",
    "fillingDate": "2007-08-09",
    "acceptedDate": "2007-08-09 13:49:01",
    "calendarYear": "2007",
    "period": "Q2",
    "revenue": 1523500000,
    "costOfRevenue": 1113700000,
    "grossProfit": 409800000,
    "grossProfitRatio": 0.2689858878,
    "researchAndDevelopmentExpenses": 0,
    "generalAndAdministrativeExpenses": 0,
    "sellingAndMarketingExpenses": 0,
    "sellingGeneralAndAdministrativeExpenses": 270800000,
    "otherExpenses": 0,
    "operatingExpenses": 270800000,
    "costAndExpenses": 1384500000,
    "interestIncome": 0,
    "interestExpense": 20100000,
    "depreciationAndAmortization": 52300000,
    "ebitda": 191300000,
    "ebitdaratio": 0.1255661306,
    "operatingIncome": 139000000,
    "operatingIncomeRatio": 0.0912372826,
    "totalOtherIncomeExpensesNet": -27600000,
    "incomeBeforeTax": 111400000,
    "incomeBeforeTaxRatio": 0.0731211027,
    "incomeTaxExpense": 25600000,
    "netIncome": 85800000,
    "netIncomeRatio": 0.0563176895,
    "eps": 0.88,
    "epsdiluted": 0.87,
    "weightedAverageShsOut": 98000000,
    "weightedAverageShsOutDil": 98700000,
    "link": "https://www.sec.gov/Archives/edgar/data/8818/000095013407017499/0000950134-07-017499-index.htm",
    "finalLink": "https://www.sec.gov/Archives/edgar/data/8818/000095013407017499/a32652e10vq.htm"
  },
  {
    "date": "2007-03-31",
    "symbol": "AVY",
    "reportedCurrency": "USD",
    "cik": "0000008818",
    "fillingDate": "2007-05-10",
    "acceptedDate": "2007-05-10 15:19:53",
    "calendarYear": "2007",
    "period": "Q1",
    "revenue": 1389900000,
    "costOfRevenue": 1025500000,
    "grossProfit": 364400000,
    "grossProfitRatio": 0.262177135,
    "researchAndDevelopmentExpenses": 0,
    "generalAndAdministrativeExpenses": 0,
    "sellingAndMarketingExpenses": 0,
    "sellingGeneralAndAdministrativeExpenses": 248300000,
    "otherExpenses": 0,
    "operatingExpenses": 248300000,
    "costAndExpenses": 1273800000,
    "interestIncome": 0,
    "interestExpense": 15100000,
    "depreciationAndAmortization": 48500000,
    "ebitda": 164600000,
    "ebitdaratio": 0.118425786,
    "operatingIncome": 116100000,
    "operatingIncomeRatio": 0.0835311893,
    "totalOtherIncomeExpensesNet": -17200000,
    "incomeBeforeTax": 98900000,
    "incomeBeforeTaxRatio": 0.0711561983,
    "incomeTaxExpense": 19700000,
    "netIncome": 79200000,
    "netIncomeRatio": 0.0569825167,
    "eps": 0.81,
    "epsdiluted": 0.8,
    "weightedAverageShsOut": 98000000,
    "weightedAverageShsOutDil": 98800000,
    "link": "https://www.sec.gov/Archives/edgar/data/8818/000095013407011071/0000950134-07-011071-index.htm",
    "finalLink": "https://www.sec.gov/Archives/edgar/data/8818/000095013407011071/a30099e10vq.htm"
  },
  {
    "date": "2006-12-30",
    "symbol": "AVY",
    "reportedCurrency": "USD",
    "cik": "0000008818",
    "fillingDate": "2007-02-28",
    "acceptedDate": "2007-02-28 15:25:44",
    "calendarYear": "2006",
    "period": "Q4",
    "revenue": 1411400000,
    "costOfRevenue": 1021900000,
    "grossProfit": 389500000,
    "grossProfitRatio": 0.2759671248,
    "researchAndDevelopmentExpenses": 0,
    "generalAndAdministrativeExpenses": 0,
    "sellingAndMarketingExpenses": 0,
    "sellingGeneralAndAdministrativeExpenses": 262400000,
    "otherExpenses": 0,
    "operatingExpenses": 262400000,
    "costAndExpenses": 1284300000,
    "interestIncome": 0,
    "interestExpense": 0,
    "depreciationAndAmortization": 49400000,
    "ebitda": 176500000,
    "ebitdaratio": 0.1250531387,
    "operatingIncome": 127100000,
    "operatingIncomeRatio": 0.0900524302,
    "totalOtherIncomeExpensesNet": -18400000,
    "incomeBeforeTax": 108700000,
    "incomeBeforeTaxRatio": 0.0770157291,
    "incomeTaxExpense": 6800000,
    "netIncome": 101500000,
    "netIncomeRatio": 0.0719144112,
    "eps": 1.07,
    "epsdiluted": 1.06,
    "weightedAverageShsOut": 98000000,
    "weightedAverageShsOutDil": 98800000,
    "link": "https://www.sec.gov/Archives/edgar/data/8818/000095013407004370/0000950134-07-004370-index.htm",
    "finalLink": "https://www.sec.gov/Archives/edgar/data/8818/000095013407004370/a27721e10vk.htm"
  },
  {
    "date": "2006-09-30",
    "symbol": "AVY",
    "reportedCurrency": "USD",
    "cik": "0000008818",
    "fillingDate": "2006-11-09",
    "acceptedDate": "2006-11-09 14:43:27",
    "calendarYear": "2006",
    "period": "Q3",
    "revenue": 1417600000,
    "costOfRevenue": 1026900000,
    "grossProfit": 390700000,
    "grossProfitRatio": 0.2756066591,
    "researchAndDevelopmentExpenses": 0,
    "generalAndAdministrativeExpenses": 0,
    "sellingAndMarketingExpenses": 0,
    "sellingGeneralAndAdministrativeExpenses": 252600000,
    "otherExpenses": 0,
    "operatingExpenses": 252600000,
    "costAndExpenses": 1279500000,
    "interestIncome": 0,
    "interestExpense": 14100000,
    "depreciationAndAmortization": 49300000,
    "ebitda": 187400000,
    "ebitdaratio": 0.1321952596,
    "operatingIncome": 138100000,
    "operatingIncomeRatio": 0.0974181716,
    "totalOtherIncomeExpensesNet": -33600000,
    "incomeBeforeTax": 104500000,
    "incomeBeforeTaxRatio": 0.07371614,
    "incomeTaxExpense": 19200000,
    "netIncome": 85000000,
    "netIncomeRatio": 0.0599604966,
    "eps": 0.85,
    "epsdiluted": 0.85,
    "weightedAverageShsOut": 100100000,
    "weightedAverageShsOutDil": 100500000,
    "link": "https://www.sec.gov/Archives/edgar/data/8818/000095013406021069/0000950134-06-021069-index.htm",
    "finalLink": "https://www.sec.gov/Archives/edgar/data/8818/000095013406021069/a24954e10vq.htm"
  },
  {
    "date": "2006-07-01",
    "symbol": "AVY",
    "reportedCurrency": "USD",
    "cik": "0000008818",
    "fillingDate": "2006-08-10",
    "acceptedDate": "2006-08-09 20:14:55",
    "calendarYear": "2006",
    "period": "Q2",
    "revenue": 1409700000,
    "costOfRevenue": 1016700000,
    "grossProfit": 393000000,
    "grossProfitRatio": 0.2787827197,
    "researchAndDevelopmentExpenses": 0,
    "generalAndAdministrativeExpenses": 0,
    "sellingAndMarketingExpenses": 0,
    "sellingGeneralAndAdministrativeExpenses": 251300000,
    "otherExpenses": 0,
    "operatingExpenses": 251300000,
    "costAndExpenses": 1268000000,
    "interestIncome": 0,
    "interestExpense": 0,
    "depreciationAndAmortization": 49500000,
    "ebitda": 191200000,
    "ebitdaratio": 0.1356316947,
    "operatingIncome": 141700000,
    "operatingIncomeRatio": 0.1005178407,
    "totalOtherIncomeExpensesNet": -17600000,
    "incomeBeforeTax": 124100000,
    "incomeBeforeTaxRatio": 0.0880329148,
    "incomeTaxExpense": 27700000,
    "netIncome": 112000000,
    "netIncomeRatio": 0.0794495283,
    "eps": 1.12,
    "epsdiluted": 1.12,
    "weightedAverageShsOut": 100000000,
    "weightedAverageShsOutDil": 100400000,
    "link": "https://www.sec.gov/Archives/edgar/data/8818/000095013406015585/0000950134-06-015585-index.htm",
    "finalLink": "https://www.sec.gov/Archives/edgar/data/8818/000095013406015585/a22848e10vq.htm"
  },
  {
    "date": "2006-04-01",
    "symbol": "AVY",
    "reportedCurrency": "USD",
    "cik": "0000008818",
    "fillingDate": "2006-05-11",
    "acceptedDate": "2006-05-11 16:51:49",
    "calendarYear": "2006",
    "period": "Q1",
    "revenue": 1337200000,
    "costOfRevenue": 982000000,
    "grossProfit": 355200000,
    "grossProfitRatio": 0.2656296739,
    "researchAndDevelopmentExpenses": 0,
    "generalAndAdministrativeExpenses": 0,
    "sellingAndMarketingExpenses": 0,
    "sellingGeneralAndAdministrativeExpenses": 244800000,
    "otherExpenses": 0,
    "operatingExpenses": 244800000,
    "costAndExpenses": 1226800000,
    "interestIncome": 0,
    "interestExpense": 14500000,
    "depreciationAndAmortization": 49700000,
    "ebitda": 160100000,
    "ebitdaratio": 0.1197277894,
    "operatingIncome": 110400000,
    "operatingIncomeRatio": 0.0825605743,
    "totalOtherIncomeExpensesNet": -22100000,
    "incomeBeforeTax": 88300000,
    "incomeBeforeTaxRatio": 0.0660335028,
    "incomeTaxExpense": 19400000,
    "netIncome": 68700000,
    "netIncomeRatio": 0.0513760096,
    "eps": 0.69,
    "epsdiluted": 0.69,
    "weightedAverageShsOut": 99800000,
    "weightedAverageShsOutDil": 100100000,
    "link": "https://www.sec.gov/Archives/edgar/data/8818/000095012906005382/0000950129-06-005382-index.htm",
    "finalLink": "https://www.sec.gov/Archives/edgar/data/8818/000095012906005382/a20456e10vq.htm"
  },
  {
    "date": "2005-12-31",
    "symbol": "AVY",
    "reportedCurrency": "USD",
    "cik": "0000008818",
    "fillingDate": "2006-03-15",
    "acceptedDate": "2006-03-15 14:39:54",
    "calendarYear": "2005",
    "period": "Q4",
    "revenue": 1346100000,
    "costOfRevenue": 934800000,
    "grossProfit": 411300000,
    "grossProfitRatio": 0.3055493648,
    "researchAndDevelopmentExpenses": 0,
    "generalAndAdministrativeExpenses": 0,
    "sellingAndMarketingExpenses": 0,
    "sellingGeneralAndAdministrativeExpenses": 281400000,
    "otherExpenses": 0,
    "operatingExpenses": 281400000,
    "costAndExpenses": 1216200000,
    "interestIncome": 0,
    "interestExpense": 0,
    "depreciationAndAmortization": 52000000,
    "ebitda": 181900000,
    "ebitdaratio": 0.1351311195,
    "operatingIncome": 129900000,
    "operatingIncomeRatio": 0.0965010029,
    "totalOtherIncomeExpensesNet": -69800000,
    "incomeBeforeTax": 60100000,
    "incomeBeforeTaxRatio": 0.0446475002,
    "incomeTaxExpense": 1600000,
    "netIncome": -6900000,
    "netIncomeRatio": -0.0051259193,
    "eps": -0.0691,
    "epsdiluted": -0.0689,
    "weightedAverageShsOut": 99800000,
    "weightedAverageShsOutDil": 100100000,
    "link": "https://www.sec.gov/Archives/edgar/data/8818/000095012906002659/0000950129-06-002659-index.htm",
    "finalLink": "https://www.sec.gov/Archives/edgar/data/8818/000095012906002659/a18251e10vk.htm"
  },
  {
    "date": "2005-10-01",
    "symbol": "AVY",
    "reportedCurrency": "USD",
    "cik": "0000008818",
    "fillingDate": "2005-11-10",
    "acceptedDate": "2005-11-10 13:23:27",
    "calendarYear": "2005",
    "period": "Q3",
    "revenue": 1362500000,
    "costOfRevenue": 966500000,
    "grossProfit": 396000000,
    "grossProfitRatio": 0.2906422018,
    "researchAndDevelopmentExpenses": 0,
    "generalAndAdministrativeExpenses": 0,
    "sellingAndMarketingExpenses": 0,
    "sellingGeneralAndAdministrativeExpenses": 266900000,
    "otherExpenses": 0,
    "operatingExpenses": 266900000,
    "costAndExpenses": 1233400000,
    "interestIncome": 0,
    "interestExpense": 14700000,
    "depreciationAndAmortization": 49300000,
    "ebitda": 178100000,
    "ebitdaratio": 0.1307155963,
    "operatingIncome": 129100000,
    "operatingIncomeRatio": 0.0947522936,
    "totalOtherIncomeExpensesNet": -16000000,
    "incomeBeforeTax": 113100000,
    "incomeBeforeTaxRatio": 0.0830091743,
    "incomeTaxExpense": 26900000,
    "netIncome": 86200000,
    "netIncomeRatio": 0.063266055,
    "eps": 0.86,
    "epsdiluted": 0.86,
    "weightedAverageShsOut": 100200000,
    "weightedAverageShsOutDil": 100600000,
    "link": "https://www.sec.gov/Archives/edgar/data/8818/000119312505222814/0001193125-05-222814-index.htm",
    "finalLink": "https://www.sec.gov/Archives/edgar/data/8818/000119312505222814/d10q.htm"
  },
  {
    "date": "2005-07-02",
    "symbol": "AVY",
    "reportedCurrency": "USD",
    "cik": "0000008818",
    "fillingDate": "2005-08-11",
    "acceptedDate": "2005-08-11 12:09:15",
    "calendarYear": "2005",
    "period": "Q2",
    "revenue": 1418600000,
    "costOfRevenue": 992600000,
    "grossProfit": 426000000,
    "grossProfitRatio": 0.3002960665,
    "researchAndDevelopmentExpenses": 0,
    "generalAndAdministrativeExpenses": 0,
    "sellingAndMarketingExpenses": 0,
    "sellingGeneralAndAdministrativeExpenses": 292500000,
    "otherExpenses": 0,
    "operatingExpenses": 292500000,
    "costAndExpenses": 1285100000,
    "interestIncome": 0,
    "interestExpense": 15800000,
    "depreciationAndAmortization": 50400000,
    "ebitda": 184000000,
    "ebitdaratio": 0.1297053433,
    "operatingIncome": 133500000,
    "operatingIncomeRatio": 0.0941068659,
    "totalOtherIncomeExpensesNet": -17700000,
    "incomeBeforeTax": 115600000,
    "incomeBeforeTaxRatio": 0.0814887918,
    "incomeTaxExpense": 26200000,
    "netIncome": 89400000,
    "netIncomeRatio": 0.0630198788,
    "eps": 0.89,
    "epsdiluted": 0.89,
    "weightedAverageShsOut": 100200000,
    "weightedAverageShsOutDil": 100600000,
    "link": "https://www.sec.gov/Archives/edgar/data/8818/000095012905008105/0000950129-05-008105-index.htm",
    "finalLink": "https://www.sec.gov/Archives/edgar/data/8818/000095012905008105/a11644e10vq.htm"
  },
  {
    "date": "2005-04-02",
    "symbol": "AVY",
    "reportedCurrency": "USD",
    "cik": "0000008818",
    "fillingDate": "2005-05-12",
    "acceptedDate": "2005-05-12 16:25:35",
    "calendarYear": "2005",
    "period": "Q1",
    "revenue": 1346300000,
    "costOfRevenue": 958500000,
    "grossProfit": 387800000,
    "grossProfitRatio": 0.2880487261,
    "researchAndDevelopmentExpenses": 0,
    "generalAndAdministrativeExpenses": 0,
    "sellingAndMarketingExpenses": 0,
    "sellingGeneralAndAdministrativeExpenses": 292000000,
    "otherExpenses": 0,
    "operatingExpenses": 292000000,
    "costAndExpenses": 1250500000,
    "interestIncome": 0,
    "interestExpense": 14500000,
    "depreciationAndAmortization": 49800000,
    "ebitda": 147300000,
    "ebitdaratio": 0.1094109782,
    "operatingIncome": 95800000,
    "operatingIncomeRatio": 0.0711579886,
    "totalOtherIncomeExpensesNet": -16100000,
    "incomeBeforeTax": 78000000,
    "incomeBeforeTaxRatio": 0.0579365669,
    "incomeTaxExpense": 20300000,
    "netIncome": 57700000,
    "netIncomeRatio": 0.042858204,
    "eps": 0.58,
    "epsdiluted": 0.57,
    "weightedAverageShsOut": 100100000,
    "weightedAverageShsOutDil": 100700000,
    "link": "https://www.sec.gov/Archives/edgar/data/8818/000119312505105576/0001193125-05-105576-index.htm",
    "finalLink": "https://www.sec.gov/Archives/edgar/data/8818/000119312505105576/d10q.htm"
  },
  {
    "date": "2005-01-01",
    "symbol": "AVY",
    "reportedCurrency": "USD",
    "cik": "0000008818",
    "fillingDate": "2005-03-17",
    "acceptedDate": "2005-03-17 17:05:35",
    "calendarYear": "2004",
    "period": "Q4",
    "revenue": 1434000000,
    "costOfRevenue": 1001000000,
    "grossProfit": 433000000,
    "grossProfitRatio": 0.3019525802,
    "researchAndDevelopmentExpenses": 0,
    "generalAndAdministrativeExpenses": 0,
    "sellingAndMarketingExpenses": 0,
    "sellingGeneralAndAdministrativeExpenses": 307100000,
    "otherExpenses": 0,
    "operatingExpenses": 307100000,
    "costAndExpenses": 1308100000,
    "interestIncome": 0,
    "interestExpense": 0,
    "depreciationAndAmortization": 49100000,
    "ebitda": 175000000,
    "ebitdaratio": 0.1220362622,
    "operatingIncome": 125900000,
    "operatingIncomeRatio": 0.0877963738,
    "totalOtherIncomeExpensesNet": -16200000,
    "incomeBeforeTax": 109700000,
    "incomeBeforeTaxRatio": 0.0764993026,
    "incomeTaxExpense": 26100000,
    "netIncome": 83600000,
    "netIncomeRatio": 0.0582984658,
    "eps": 0.84,
    "epsdiluted": 0.83,
    "weightedAverageShsOut": 100100000,
    "weightedAverageShsOutDil": 100700000,
    "link": "https://www.sec.gov/Archives/edgar/data/8818/000119312505054130/0001193125-05-054130-index.htm",
    "finalLink": "https://www.sec.gov/Archives/edgar/data/8818/000119312505054130/d10k.htm"
  },
  {
    "date": "2004-09-25",
    "symbol": "AVY",
    "reportedCurrency": "USD",
    "cik": "0000008818",
    "fillingDate": "2004-11-04",
    "acceptedDate": "2004-11-04 16:11:47",
    "calendarYear": "2004",
    "period": "Q3",
    "revenue": 1336200000,
    "costOfRevenue": 946800000,
    "grossProfit": 389400000,
    "grossProfitRatio": 0.2914234396,
    "researchAndDevelopmentExpenses": 0,
    "generalAndAdministrativeExpenses": 0,
    "sellingAndMarketingExpenses": 0,
    "sellingGeneralAndAdministrativeExpenses": 273100000,
    "otherExpenses": 0,
    "operatingExpenses": 273100000,
    "costAndExpenses": 1219900000,
    "interestIncome": 0,
    "interestExpense": 13800000,
    "depreciationAndAmortization": 46500000,
    "ebitda": 162800000,
    "ebitdaratio": 0.1218380482,
    "operatingIncome": 116300000,
    "operatingIncomeRatio": 0.0870378686,
    "totalOtherIncomeExpensesNet": -13800000,
    "incomeBeforeTax": 102500000,
    "incomeBeforeTaxRatio": 0.0767100733,
    "incomeTaxExpense": 27500000,
    "netIncome": 75000000,
    "netIncomeRatio": 0.056129322,
    "eps": 0.75,
    "epsdiluted": 0.75,
    "weightedAverageShsOut": 99900000,
    "weightedAverageShsOutDil": 100600000,
    "link": "https://www.sec.gov/Archives/edgar/data/8818/000119312504186320/0001193125-04-186320-index.htm",
    "finalLink": "https://www.sec.gov/Archives/edgar/data/8818/000119312504186320/d10q.htm"
  },
  {
    "date": "2004-06-26",
    "symbol": "AVY",
    "reportedCurrency": "USD",
    "cik": "0000008818",
    "fillingDate": "2004-08-04",
    "acceptedDate": "2004-08-04 15:32:51",
    "calendarYear": "2004",
    "period": "Q2",
    "revenue": 1324000000,
    "costOfRevenue": 933400000,
    "grossProfit": 390600000,
    "grossProfitRatio": 0.2950151057,
    "researchAndDevelopmentExpenses": 0,
    "generalAndAdministrativeExpenses": 0,
    "sellingAndMarketingExpenses": 0,
    "sellingGeneralAndAdministrativeExpenses": 274300000,
    "otherExpenses": 0,
    "operatingExpenses": 274300000,
    "costAndExpenses": 1207700000,
    "interestIncome": 0,
    "interestExpense": 13800000,
    "depreciationAndAmortization": 46400000,
    "ebitda": 163000000,
    "ebitdaratio": 0.1231117825,
    "operatingIncome": 116300000,
    "operatingIncomeRatio": 0.0878398792,
    "totalOtherIncomeExpensesNet": -27900000,
    "incomeBeforeTax": 88700000,
    "incomeBeforeTaxRatio": 0.0669939577,
    "incomeTaxExpense": 20200000,
    "netIncome": 68500000,
    "netIncomeRatio": 0.0517371601,
    "eps": 0.69,
    "epsdiluted": 0.68,
    "weightedAverageShsOut": 99900000,
    "weightedAverageShsOutDil": 100500000,
    "link": "https://www.sec.gov/Archives/edgar/data/8818/000119312504131264/0001193125-04-131264-index.htm",
    "finalLink": "https://www.sec.gov/Archives/edgar/data/8818/000119312504131264/d10q.htm"
  },
  {
    "date": "2004-03-27",
    "symbol": "AVY",
    "reportedCurrency": "USD",
    "cik": "0000008818",
    "fillingDate": "2004-05-06",
    "acceptedDate": "2004-05-05 19:06:11",
    "calendarYear": "2004",
    "period": "Q1",
    "revenue": 1246700000,
    "costOfRevenue": 880200000,
    "grossProfit": 366500000,
    "grossProfitRatio": 0.2939760969,
    "researchAndDevelopmentExpenses": 0,
    "generalAndAdministrativeExpenses": 0,
    "sellingAndMarketingExpenses": 0,
    "sellingGeneralAndAdministrativeExpenses": 257900000,
    "otherExpenses": 0,
    "operatingExpenses": 257900000,
    "costAndExpenses": 1138100000,
    "interestIncome": 0,
    "interestExpense": 14700000,
    "depreciationAndAmortization": 46200000,
    "ebitda": 154800000,
    "ebitdaratio": 0.124167803,
    "operatingIncome": 108600000,
    "operatingIncomeRatio": 0.0871099703,
    "totalOtherIncomeExpensesNet": -36100000,
    "incomeBeforeTax": 72500000,
    "incomeBeforeTaxRatio": 0.0581535253,
    "incomeTaxExpense": 19900000,
    "netIncome": 52600000,
    "netIncomeRatio": 0.0421913853,
    "eps": 0.53,
    "epsdiluted": 0.52,
    "weightedAverageShsOut": 99700000,
    "weightedAverageShsOutDil": 100300000,
    "link": "https://www.sec.gov/Archives/edgar/data/8818/000119312504079538/0001193125-04-079538-index.htm",
    "finalLink": "https://www.sec.gov/Archives/edgar/data/8818/000119312504079538/d10q.htm"
  },
  {
    "date": "2003-12-27",
    "symbol": "AVY",
    "reportedCurrency": "USD",
    "cik": "0000008818",
    "fillingDate": "2004-03-11",
    "acceptedDate": "2004-03-11 16:57:16",
    "calendarYear": "2003",
    "period": "Q4",
    "revenue": 1231100000,
    "costOfRevenue": 858400000,
    "grossProfit": 372700000,
    "grossProfitRatio": 0.3027373893,
    "researchAndDevelopmentExpenses": 0,
    "generalAndAdministrativeExpenses": 0,
    "sellingAndMarketingExpenses": 0,
    "sellingGeneralAndAdministrativeExpenses": 269000000,
    "otherExpenses": 0,
    "operatingExpenses": 269000000,
    "costAndExpenses": 1127400000,
    "interestIncome": 0,
    "interestExpense": 0,
    "depreciationAndAmortization": 48500000,
    "ebitda": 152200000,
    "ebitdaratio": 0.1236292746,
    "operatingIncome": 103700000,
    "operatingIncomeRatio": 0.0842336122,
    "totalOtherIncomeExpensesNet": -48700000,
    "incomeBeforeTax": 55000000,
    "incomeBeforeTaxRatio": 0.0446754935,
    "incomeTaxExpense": 15100000,
    "netIncome": 59300000,
    "netIncomeRatio": 0.0481683048,
    "eps": 0.59,
    "epsdiluted": 0.59,
    "weightedAverageShsOut": 99700000,
    "weightedAverageShsOutDil": 100300000,
    "link": "https://www.sec.gov/Archives/edgar/data/8818/000119312504039235/0001193125-04-039235-index.htm",
    "finalLink": "https://www.sec.gov/Archives/edgar/data/8818/000119312504039235/d10k.htm"
  },
  {
    "date": "2003-09-27",
    "symbol": "AVY",
    "reportedCurrency": "USD",
    "cik": "0000008818",
    "fillingDate": "2003-11-10",
    "acceptedDate": "2003-11-10 17:09:20",
    "calendarYear": "2003",
    "period": "Q3",
    "revenue": 1204100000,
    "costOfRevenue": 848600000,
    "grossProfit": 355500000,
    "grossProfitRatio": 0.295241259,
    "researchAndDevelopmentExpenses": 0,
    "generalAndAdministrativeExpenses": 0,
    "sellingAndMarketingExpenses": 0,
    "sellingGeneralAndAdministrativeExpenses": 253300000,
    "otherExpenses": 0,
    "operatingExpenses": 253300000,
    "costAndExpenses": 1101900000,
    "interestIncome": 0,
    "interestExpense": 13900000,
    "depreciationAndAmortization": 44800000,
    "ebitda": 147000000,
    "ebitdaratio": 0.1220828835,
    "operatingIncome": 102200000,
    "operatingIncomeRatio": 0.0848766714,
    "totalOtherIncomeExpensesNet": -14100000,
    "incomeBeforeTax": 88100000,
    "incomeBeforeTaxRatio": 0.0731666805,
    "incomeTaxExpense": 23300000,
    "netIncome": 66500000,
    "netIncomeRatio": 0.0552279711,
    "eps": 0.67,
    "epsdiluted": 0.67,
    "weightedAverageShsOut": 99400000,
    "weightedAverageShsOutDil": 100000000,
    "link": "https://www.sec.gov/Archives/edgar/data/8818/000119312503076352/0001193125-03-076352-index.htm",
    "finalLink": "https://www.sec.gov/Archives/edgar/data/8818/000119312503076352/d10q.htm"
  },
  {
    "date": "2003-06-28",
    "symbol": "AVY",
    "reportedCurrency": "USD",
    "cik": "0000008818",
    "fillingDate": "2003-08-07",
    "acceptedDate": "2003-08-07 16:43:51",
    "calendarYear": "2003",
    "period": "Q2",
    "revenue": 1192200000,
    "costOfRevenue": 820800000,
    "grossProfit": 371400000,
    "grossProfitRatio": 0.3115249119,
    "researchAndDevelopmentExpenses": 0,
    "generalAndAdministrativeExpenses": 0,
    "sellingAndMarketingExpenses": 0,
    "sellingGeneralAndAdministrativeExpenses": 265500000,
    "otherExpenses": 0,
    "operatingExpenses": 265500000,
    "costAndExpenses": 1086300000,
    "interestIncome": 0,
    "interestExpense": 14500000,
    "depreciationAndAmortization": 41800000,
    "ebitda": 148300000,
    "ebitdaratio": 0.1243918806,
    "operatingIncome": 105900000,
    "operatingIncomeRatio": 0.088827378,
    "totalOtherIncomeExpensesNet": -10500000,
    "incomeBeforeTax": 95400000,
    "incomeBeforeTaxRatio": 0.0800201309,
    "incomeTaxExpense": 25700000,
    "netIncome": 71300000,
    "netIncomeRatio": 0.0598054018,
    "eps": 0.72,
    "epsdiluted": 0.71,
    "weightedAverageShsOut": 99400000,
    "weightedAverageShsOutDil": 100100000,
    "link": "https://www.sec.gov/Archives/edgar/data/8818/000119312503030973/0001193125-03-030973-index.htm",
    "finalLink": "https://www.sec.gov/Archives/edgar/data/8818/000119312503030973/d10q.htm"
  },
  {
    "date": "2003-03-29",
    "symbol": "AVY",
    "reportedCurrency": "USD",
    "cik": "0000008818",
    "fillingDate": "2003-05-13",
    "acceptedDate": "2003-05-13 16:29:23",
    "calendarYear": "2003",
    "period": "Q1",
    "revenue": 1150600000,
    "costOfRevenue": 786500000,
    "grossProfit": 364100000,
    "grossProfitRatio": 0.3164435946,
    "researchAndDevelopmentExpenses": 0,
    "generalAndAdministrativeExpenses": 0,
    "sellingAndMarketingExpenses": 0,
    "sellingGeneralAndAdministrativeExpenses": 249500000,
    "otherExpenses": 0,
    "operatingExpenses": 249500000,
    "costAndExpenses": 1036000000,
    "interestIncome": 0,
    "interestExpense": 14900000,
    "depreciationAndAmortization": 44200000,
    "ebitda": 158800000,
    "ebitdaratio": 0.1380149487,
    "operatingIncome": 114600000,
    "operatingIncomeRatio": 0.0996002086,
    "totalOtherIncomeExpensesNet": -14900000,
    "incomeBeforeTax": 99700000,
    "incomeBeforeTaxRatio": 0.0866504432,
    "incomeTaxExpense": 28900000,
    "netIncome": 70800000,
    "netIncomeRatio": 0.0615331132,
    "eps": 0.71,
    "epsdiluted": 0.71,
    "weightedAverageShsOut": 99300000,
    "weightedAverageShsOutDil": 100000000,
    "link": "https://www.sec.gov/Archives/edgar/data/8818/000089843003002893/0000898430-03-002893-index.htm",
    "finalLink": "https://www.sec.gov/Archives/edgar/data/8818/000089843003002893/d10q.htm"
  },
  {
    "date": "2002-12-28",
    "symbol": "AVY",
    "reportedCurrency": "USD",
    "cik": "0000008818",
    "fillingDate": "2003-03-28",
    "acceptedDate": "2003-03-28 16:49:07",
    "calendarYear": "2002",
    "period": "Q4",
    "revenue": 1105300000,
    "costOfRevenue": 760200000,
    "grossProfit": 345100000,
    "grossProfitRatio": 0.3122229259,
    "researchAndDevelopmentExpenses": 0,
    "generalAndAdministrativeExpenses": 0,
    "sellingAndMarketingExpenses": 0,
    "sellingGeneralAndAdministrativeExpenses": 236500000,
    "otherExpenses": 0,
    "operatingExpenses": 236500000,
    "costAndExpenses": 996700000,
    "interestIncome": 0,
    "interestExpense": 0,
    "depreciationAndAmortization": 41600000,
    "ebitda": 150200000,
    "ebitdaratio": 0.1358907084,
    "operatingIncome": 108600000,
    "operatingIncomeRatio": 0.0982538677,
    "totalOtherIncomeExpensesNet": -29900000,
    "incomeBeforeTax": 78700000,
    "incomeBeforeTaxRatio": 0.0712023885,
    "incomeTaxExpense": 23200000,
    "netIncome": 55500000,
    "netIncomeRatio": 0.050212612,
    "eps": 0.56,
    "epsdiluted": 0.56,
    "weightedAverageShsOut": 99300000,
    "weightedAverageShsOutDil": 100000000,
    "link": "https://www.sec.gov/Archives/edgar/data/8818/000089843003002164/0000898430-03-002164-index.htm",
    "finalLink": "https://www.sec.gov/Archives/edgar/data/8818/000089843003002164/d10k.htm"
  },
  {
    "date": "2002-09-28",
    "symbol": "AVY",
    "reportedCurrency": "USD",
    "cik": "0000008818",
    "fillingDate": "2002-12-27",
    "acceptedDate": "2002-12-27 15:55:14",
    "calendarYear": "2002",
    "period": "Q3",
    "revenue": 1114500000,
    "costOfRevenue": 761300000,
    "grossProfit": 353200000,
    "grossProfitRatio": 0.3169134141,
    "researchAndDevelopmentExpenses": 0,
    "generalAndAdministrativeExpenses": 0,
    "sellingAndMarketingExpenses": 0,
    "sellingGeneralAndAdministrativeExpenses": 239500000,
    "otherExpenses": 0,
    "operatingExpenses": 239500000,
    "costAndExpenses": 1000800000,
    "interestIncome": 0,
    "interestExpense": 11800000,
    "depreciationAndAmortization": 38900000,
    "ebitda": 148500000,
    "ebitdaratio": 0.133243607,
    "operatingIncome": 113700000,
    "operatingIncomeRatio": 0.1020188425,
    "totalOtherIncomeExpensesNet": -24400000,
    "incomeBeforeTax": 86700000,
    "incomeBeforeTaxRatio": 0.0777927322,
    "incomeTaxExpense": 23600000,
    "netIncome": 63100000,
    "netIncomeRatio": 0.0566173172,
    "eps": 0.64,
    "epsdiluted": 0.64,
    "weightedAverageShsOut": 98500000,
    "weightedAverageShsOutDil": 99300000,
    "link": "https://www.sec.gov/Archives/edgar/data/8818/000089843002004662/0000898430-02-004662-index.htm",
    "finalLink": "https://www.sec.gov/Archives/edgar/data/8818/000089843002004662/d10qa.htm"
  },
  {
    "date": "2002-06-29",
    "symbol": "AVY",
    "reportedCurrency": "USD",
    "cik": "0000008818",
    "fillingDate": "2002-08-13",
    "acceptedDate": "2002-08-13 14:46:02",
    "calendarYear": "2002",
    "period": "Q2",
    "revenue": 1056300000,
    "costOfRevenue": 709800000,
    "grossProfit": 346500000,
    "grossProfitRatio": 0.3280318091,
    "researchAndDevelopmentExpenses": 0,
    "generalAndAdministrativeExpenses": 0,
    "sellingAndMarketingExpenses": 0,
    "sellingGeneralAndAdministrativeExpenses": 231400000,
    "otherExpenses": 0,
    "operatingExpenses": 231400000,
    "costAndExpenses": 941200000,
    "interestIncome": 0,
    "interestExpense": 0,
    "depreciationAndAmortization": 36000000,
    "ebitda": 151100000,
    "ebitdaratio": 0.143046483,
    "operatingIncome": 115100000,
    "operatingIncomeRatio": 0.1089652561,
    "totalOtherIncomeExpensesNet": -9600000,
    "incomeBeforeTax": 105500000,
    "incomeBeforeTaxRatio": 0.0998769289,
    "incomeTaxExpense": 31700000,
    "netIncome": 73800000,
    "netIncomeRatio": 0.0698665152,
    "eps": 0.75,
    "epsdiluted": 0.74,
    "weightedAverageShsOut": 98300000,
    "weightedAverageShsOutDil": 99400000,
    "link": "https://www.sec.gov/Archives/edgar/data/8818/000089843002003009/0000898430-02-003009-index.htm",
    "finalLink": "https://www.sec.gov/Archives/edgar/data/8818/000089843002003009/d10q.txt"
  },
  {
    "date": "2002-03-30",
    "symbol": "AVY",
    "reportedCurrency": "USD",
    "cik": "0000008818",
    "fillingDate": "2002-05-09",
    "acceptedDate": "2002-05-09 16:54:00",
    "calendarYear": "2002",
    "period": "Q1",
    "revenue": 930800000,
    "costOfRevenue": 621900000,
    "grossProfit": 308900000,
    "grossProfitRatio": 0.3318650623,
    "researchAndDevelopmentExpenses": 0,
    "generalAndAdministrativeExpenses": 0,
    "sellingAndMarketingExpenses": 0,
    "sellingGeneralAndAdministrativeExpenses": 205700000,
    "otherExpenses": 0,
    "operatingExpenses": 205700000,
    "costAndExpenses": 827600000,
    "interestIncome": 0,
    "interestExpense": 0,
    "depreciationAndAmortization": 36300000,
    "ebitda": 139500000,
    "ebitdaratio": 0.1498710786,
    "operatingIncome": 103200000,
    "operatingIncomeRatio": 0.1108723679,
    "totalOtherIncomeExpensesNet": -9300000,
    "incomeBeforeTax": 93900000,
    "incomeBeforeTaxRatio": 0.1008809626,
    "incomeTaxExpense": 29100000,
    "netIncome": 64800000,
    "netIncomeRatio": 0.0696175333,
    "eps": 0.66,
    "epsdiluted": 0.66,
    "weightedAverageShsOut": 98000000,
    "weightedAverageShsOutDil": 98900000,
    "link": "https://www.sec.gov/Archives/edgar/data/8818/000102140802006449/0001021408-02-006449-index.htm",
    "finalLink": "https://www.sec.gov/Archives/edgar/data/8818/000102140802006449/d10q.txt"
  },
  {
    "date": "2001-12-29",
    "symbol": "AVY",
    "reportedCurrency": "USD",
    "cik": "0000008818",
    "fillingDate": "2002-12-27",
    "acceptedDate": "2002-12-27 15:46:27",
    "calendarYear": "2001",
    "period": "Q4",
    "revenue": 912600000,
    "costOfRevenue": 616000000,
    "grossProfit": 296600000,
    "grossProfitRatio": 0.3250054789,
    "researchAndDevelopmentExpenses": 0,
    "generalAndAdministrativeExpenses": 0,
    "sellingAndMarketingExpenses": 0,
    "sellingGeneralAndAdministrativeExpenses": 203300000,
    "otherExpenses": 0,
    "operatingExpenses": 203300000,
    "costAndExpenses": 819300000,
    "interestIncome": 0,
    "interestExpense": 0,
    "depreciationAndAmortization": 39000000,
    "ebitda": 132300000,
    "ebitdaratio": 0.1449704142,
    "operatingIncome": 93300000,
    "operatingIncomeRatio": 0.1022353715,
    "totalOtherIncomeExpensesNet": -10200000,
    "incomeBeforeTax": 83100000,
    "incomeBeforeTaxRatio": 0.0910585141,
    "incomeTaxExpense": 25000000,
    "netIncome": 58100000,
    "netIncomeRatio": 0.063664256,
    "eps": 0.59,
    "epsdiluted": 0.59,
    "weightedAverageShsOut": 98000000,
    "weightedAverageShsOutDil": 98900000,
    "link": "https://www.sec.gov/Archives/edgar/data/8818/000089843002004661/0000898430-02-004661-index.htm",
    "finalLink": "https://www.sec.gov/Archives/edgar/data/8818/000089843002004661/d10ka.htm"
  },
  {
    "date": "2001-09-29",
    "symbol": "AVY",
    "reportedCurrency": "USD",
    "cik": "0000008818",
    "fillingDate": "2001-11-13",
    "acceptedDate": "2001-11-13 00:00:00",
    "calendarYear": "2001",
    "period": "Q3",
    "revenue": 966700000,
    "costOfRevenue": 653900000,
    "grossProfit": 312800000,
    "grossProfitRatio": 0.3235750491,
    "researchAndDevelopmentExpenses": 0,
    "generalAndAdministrativeExpenses": 0,
    "sellingAndMarketingExpenses": 0,
    "sellingGeneralAndAdministrativeExpenses": 209600000,
    "otherExpenses": 0,
    "operatingExpenses": 209600000,
    "costAndExpenses": 863500000,
    "interestIncome": 0,
    "interestExpense": 0,
    "depreciationAndAmortization": 38700000,
    "ebitda": 141900000,
    "ebitdaratio": 0.1467880418,
    "operatingIncome": 103200000,
    "operatingIncomeRatio": 0.1067549395,
    "totalOtherIncomeExpensesNet": -12400000,
    "incomeBeforeTax": 90800000,
    "incomeBeforeTaxRatio": 0.0939277956,
    "incomeTaxExpense": 29100000,
    "netIncome": 61700000,
    "netIncomeRatio": 0.0638253853,
    "eps": 0.63,
    "epsdiluted": 0.63,
    "weightedAverageShsOut": 97900000,
    "weightedAverageShsOutDil": 98600000,
    "link": "https://www.sec.gov/Archives/edgar/data/8818/000089843001503427/0000898430-01-503427-index.htm",
    "finalLink": "https://www.sec.gov/Archives/edgar/data/8818/000089843001503427/d10q.txt"
  },
  {
    "date": "2001-06-30",
    "symbol": "AVY",
    "reportedCurrency": "USD",
    "cik": "0000008818",
    "fillingDate": "2001-08-14",
    "acceptedDate": "2001-08-14 00:00:00",
    "calendarYear": "2001",
    "period": "Q2",
    "revenue": 960800000,
    "costOfRevenue": 649000000,
    "grossProfit": 311800000,
    "grossProfitRatio": 0.3245212323,
    "researchAndDevelopmentExpenses": 0,
    "generalAndAdministrativeExpenses": 0,
    "sellingAndMarketingExpenses": 0,
    "sellingGeneralAndAdministrativeExpenses": 208400000,
    "otherExpenses": 0,
    "operatingExpenses": 208400000,
    "costAndExpenses": 857400000,
    "interestIncome": 0,
    "interestExpense": 0,
    "depreciationAndAmortization": 39100000,
    "ebitda": 142500000,
    "ebitdaratio": 0.1483139051,
    "operatingIncome": 103400000,
    "operatingIncomeRatio": 0.1076186511,
    "totalOtherIncomeExpensesNet": -13500000,
    "incomeBeforeTax": 89900000,
    "incomeBeforeTaxRatio": 0.0935678601,
    "incomeTaxExpense": 30100000,
    "netIncome": 59800000,
    "netIncomeRatio": 0.0622398002,
    "eps": 0.61,
    "epsdiluted": 0.61,
    "weightedAverageShsOut": 97800000,
    "weightedAverageShsOutDil": 98700000,
    "link": "https://www.sec.gov/Archives/edgar/data/8818/000089843001501881/0000898430-01-501881-index.htm",
    "finalLink": "https://www.sec.gov/Archives/edgar/data/8818/000089843001501881/d10q.txt"
  },
  {
    "date": "2001-03-31",
    "symbol": "AVY",
    "reportedCurrency": "USD",
    "cik": "0000008818",
    "fillingDate": "2001-05-14",
    "acceptedDate": "2001-05-14 00:00:00",
    "calendarYear": "2001",
    "period": "Q1",
    "revenue": 963200000,
    "costOfRevenue": 644200000,
    "grossProfit": 319000000,
    "grossProfitRatio": 0.3311877076,
    "researchAndDevelopmentExpenses": 0,
    "generalAndAdministrativeExpenses": 0,
    "sellingAndMarketingExpenses": 0,
    "sellingGeneralAndAdministrativeExpenses": 209200000,
    "otherExpenses": 0,
    "operatingExpenses": 209200000,
    "costAndExpenses": 853400000,
    "interestIncome": 0,
    "interestExpense": 0,
    "depreciationAndAmortization": 39200000,
    "ebitda": 149000000,
    "ebitdaratio": 0.154692691,
    "operatingIncome": 109800000,
    "operatingIncomeRatio": 0.1139950166,
    "totalOtherIncomeExpensesNet": -13800000,
    "incomeBeforeTax": 96000000,
    "incomeBeforeTaxRatio": 0.0996677741,
    "incomeTaxExpense": 32200000,
    "netIncome": 63600000,
    "netIncomeRatio": 0.0660299003,
    "eps": 0.65,
    "epsdiluted": 0.65,
    "weightedAverageShsOut": 97600000,
    "weightedAverageShsOutDil": 98500000,
    "link": "https://www.sec.gov/Archives/edgar/data/8818/000089843001500536/0000898430-01-500536-index.htm",
    "finalLink": "https://www.sec.gov/Archives/edgar/data/8818/000089843001500536/d10q.txt"
  },
  {
    "date": "2000-12-30",
    "symbol": "AVY",
    "reportedCurrency": "USD",
    "cik": "0000008818",
    "fillingDate": "2001-03-29",
    "acceptedDate": "2001-03-29 00:00:00",
    "calendarYear": "2000",
    "period": "Q4",
    "revenue": 933100000,
    "costOfRevenue": 579700000,
    "grossProfit": 353400000,
    "grossProfitRatio": 0.3787375415,
    "researchAndDevelopmentExpenses": 0,
    "generalAndAdministrativeExpenses": 0,
    "sellingAndMarketingExpenses": 0,
    "sellingGeneralAndAdministrativeExpenses": 202600000,
    "otherExpenses": 39300000,
    "operatingExpenses": 241900000,
    "costAndExpenses": 821600000,
    "interestIncome": 0,
    "interestExpense": 0,
    "depreciationAndAmortization": 39300000,
    "ebitda": 150800000,
    "ebitdaratio": 0.1616118315,
    "operatingIncome": 111500000,
    "operatingIncomeRatio": 0.1194941593,
    "totalOtherIncomeExpensesNet": -13500000,
    "incomeBeforeTax": 98000000,
    "incomeBeforeTaxRatio": 0.1050262566,
    "incomeTaxExpense": 30500000,
    "netIncome": 67500000,
    "netIncomeRatio": 0.0723395134,
    "eps": 0.69,
    "epsdiluted": 0.69,
    "weightedAverageShsOut": 97600000,
    "weightedAverageShsOutDil": 98500000,
    "link": "https://www.sec.gov/Archives/edgar/data/8818/000089843001500041/0000898430-01-500041-index.htm",
    "finalLink": "https://www.sec.gov/Archives/edgar/data/8818/000089843001500041/d10k405.txt"
  },
  {
    "date": "2000-09-30",
    "symbol": "AVY",
    "reportedCurrency": "USD",
    "cik": "0000008818",
    "fillingDate": "2000-11-14",
    "acceptedDate": "2000-11-14 00:00:00",
    "calendarYear": "2000",
    "period": "Q3",
    "revenue": 1001700000,
    "costOfRevenue": 622400000,
    "grossProfit": 379300000,
    "grossProfitRatio": 0.3786562843,
    "researchAndDevelopmentExpenses": 0,
    "generalAndAdministrativeExpenses": 0,
    "sellingAndMarketingExpenses": 0,
    "sellingGeneralAndAdministrativeExpenses": 215800000,
    "otherExpenses": 39000000,
    "operatingExpenses": 254800000,
    "costAndExpenses": 877200000,
    "interestIncome": 0,
    "interestExpense": 0,
    "depreciationAndAmortization": 39000000,
    "ebitda": 163500000,
    "ebitdaratio": 0.1632225217,
    "operatingIncome": 124500000,
    "operatingIncomeRatio": 0.1242887092,
    "totalOtherIncomeExpensesNet": -14200000,
    "incomeBeforeTax": 110300000,
    "incomeBeforeTaxRatio": 0.1101128082,
    "incomeTaxExpense": 37300000,
    "netIncome": 73000000,
    "netIncomeRatio": 0.0728761106,
    "eps": 0.74,
    "epsdiluted": 0.73,
    "weightedAverageShsOut": 98100000,
    "weightedAverageShsOutDil": 99400000,
    "link": "https://www.sec.gov/Archives/edgar/data/8818/000091205700049631/0000912057-00-049631-index.htm",
    "finalLink": "https://www.sec.gov/Archives/edgar/data/8818/000091205700049631/a2029689z10-q.txt"
  },
  {
    "date": "2000-07-01",
    "symbol": "AVY",
    "reportedCurrency": "USD",
    "cik": "0000008818",
    "fillingDate": "2000-08-15",
    "acceptedDate": "2000-08-15 00:00:00",
    "calendarYear": "2000",
    "period": "Q2",
    "revenue": 993400000,
    "costOfRevenue": 610500000,
    "grossProfit": 382900000,
    "grossProfitRatio": 0.3854439299,
    "researchAndDevelopmentExpenses": 0,
    "generalAndAdministrativeExpenses": 0,
    "sellingAndMarketingExpenses": 0,
    "sellingGeneralAndAdministrativeExpenses": 218700000,
    "otherExpenses": 39200000,
    "operatingExpenses": 257900000,
    "costAndExpenses": 868400000,
    "interestIncome": 0,
    "interestExpense": 0,
    "depreciationAndAmortization": 39200000,
    "ebitda": 164200000,
    "ebitdaratio": 0.1652909201,
    "operatingIncome": 125000000,
    "operatingIncomeRatio": 0.1258304812,
    "totalOtherIncomeExpensesNet": -14600000,
    "incomeBeforeTax": 110400000,
    "incomeBeforeTaxRatio": 0.111133481,
    "incomeTaxExpense": 37600000,
    "netIncome": 72800000,
    "netIncomeRatio": 0.0732836722,
    "eps": 0.74,
    "epsdiluted": 0.73,
    "weightedAverageShsOut": 98700000,
    "weightedAverageShsOutDil": 100400000,
    "link": "https://www.sec.gov/Archives/edgar/data/8818/000091205700037691/0000912057-00-037691-index.htm",
    "finalLink": "https://www.sec.gov/Archives/edgar/data/8818/000091205700037691/a10-q.txt"
  },
  {
    "date": "2000-04-04",
    "symbol": "AVY",
    "reportedCurrency": "USD",
    "cik": "0000008818",
    "fillingDate": "2000-05-12",
    "acceptedDate": "2000-05-12 00:00:00",
    "calendarYear": "2000",
    "period": "Q1",
    "revenue": 965300000,
    "costOfRevenue": 591800000,
    "grossProfit": 373500000,
    "grossProfitRatio": 0.3869263441,
    "researchAndDevelopmentExpenses": 0,
    "generalAndAdministrativeExpenses": 0,
    "sellingAndMarketingExpenses": 0,
    "sellingGeneralAndAdministrativeExpenses": 214200000,
    "otherExpenses": 39400000,
    "operatingExpenses": 253600000,
    "costAndExpenses": 845400000,
    "interestIncome": 0,
    "interestExpense": 0,
    "depreciationAndAmortization": 39400000,
    "ebitda": 159300000,
    "ebitdaratio": 0.1650264167,
    "operatingIncome": 119900000,
    "operatingIncomeRatio": 0.1242100901,
    "totalOtherIncomeExpensesNet": -12300000,
    "incomeBeforeTax": 107600000,
    "incomeBeforeTaxRatio": 0.1114679374,
    "incomeTaxExpense": 37400000,
    "netIncome": 70200000,
    "netIncomeRatio": 0.0727235056,
    "eps": 0.7,
    "epsdiluted": 0.7,
    "weightedAverageShsOut": 98800000,
    "weightedAverageShsOutDil": 100800000,
    "link": "https://www.sec.gov/Archives/edgar/data/8818/000091205700023880/0000912057-00-023880-index.html",
    "finalLink": "https://www.sec.gov/Archives/edgar/data/8818/000091205700023880/"
  },
  {
    "date": "2000-01-01",
    "symbol": "AVY",
    "reportedCurrency": "USD",
    "cik": "0000008818",
    "fillingDate": "2000-03-30",
    "acceptedDate": "2000-03-30 00:00:00",
    "calendarYear": "1999",
    "period": "Q4",
    "revenue": 944800000,
    "costOfRevenue": 576900000,
    "grossProfit": 367900000,
    "grossProfitRatio": 0.3893945809,
    "researchAndDevelopmentExpenses": 0,
    "generalAndAdministrativeExpenses": 0,
    "sellingAndMarketingExpenses": 0,
    "sellingGeneralAndAdministrativeExpenses": 212300000,
    "otherExpenses": 40100000,
    "operatingExpenses": 252400000,
    "costAndExpenses": 829300000,
    "interestIncome": 0,
    "interestExpense": 0,
    "depreciationAndAmortization": 40100000,
    "ebitda": 155600000,
    "ebitdaratio": 0.1646909399,
    "operatingIncome": 115500000,
    "operatingIncomeRatio": 0.1222480948,
    "totalOtherIncomeExpensesNet": -12200000,
    "incomeBeforeTax": 103300000,
    "incomeBeforeTaxRatio": 0.1093353091,
    "incomeTaxExpense": 36000000,
    "netIncome": 67300000,
    "netIncomeRatio": 0.0712320068,
    "eps": 0.68,
    "epsdiluted": 0.67,
    "weightedAverageShsOut": 98800000,
    "weightedAverageShsOutDil": 100800000,
    "link": "https://www.sec.gov/Archives/edgar/data/8818/000110465900000110/0001104659-00-000110-index.html",
    "finalLink": "https://www.sec.gov/Archives/edgar/data/8818/000110465900000110/"
  },
  {
    "date": "1999-10-02",
    "symbol": "AVY",
    "reportedCurrency": "USD",
    "cik": "0000008818",
    "fillingDate": "1999-11-12",
    "acceptedDate": "1999-11-12 00:00:00",
    "calendarYear": "1999",
    "period": "Q3",
    "revenue": 961000000,
    "costOfRevenue": 595600000,
    "grossProfit": 365400000,
    "grossProfitRatio": 0.3802289282,
    "researchAndDevelopmentExpenses": 0,
    "generalAndAdministrativeExpenses": 0,
    "sellingAndMarketingExpenses": 0,
    "sellingGeneralAndAdministrativeExpenses": 214700000,
    "otherExpenses": 37900000,
    "operatingExpenses": 252600000,
    "costAndExpenses": 848200000,
    "interestIncome": 0,
    "interestExpense": 0,
    "depreciationAndAmortization": 37900000,
    "ebitda": 150700000,
    "ebitdaratio": 0.1568158169,
    "operatingIncome": 112800000,
    "operatingIncomeRatio": 0.1173777315,
    "totalOtherIncomeExpensesNet": -11600000,
    "incomeBeforeTax": 101200000,
    "incomeBeforeTaxRatio": 0.1053069719,
    "incomeTaxExpense": 35200000,
    "netIncome": 66000000,
    "netIncomeRatio": 0.0686784599,
    "eps": 0.66,
    "epsdiluted": 0.65,
    "weightedAverageShsOut": 100000000,
    "weightedAverageShsOutDil": 101538462,
    "link": "https://www.sec.gov/Archives/edgar/data/8818/000089843099004217/0000898430-99-004217-index.html",
    "finalLink": "https://www.sec.gov/Archives/edgar/data/8818/000089843099004217/"
  },
  {
    "date": "1999-07-03",
    "symbol": "AVY",
    "reportedCurrency": "USD",
    "cik": "0000008818",
    "fillingDate": "1999-08-16",
    "acceptedDate": "1999-08-16 00:00:00",
    "calendarYear": "1999",
    "period": "Q2",
    "revenue": 928500000,
    "costOfRevenue": 578400000,
    "grossProfit": 350100000,
    "grossProfitRatio": 0.3770597738,
    "researchAndDevelopmentExpenses": 0,
    "generalAndAdministrativeExpenses": 0,
    "sellingAndMarketingExpenses": 0,
    "sellingGeneralAndAdministrativeExpenses": 207300000,
    "otherExpenses": 35900000,
    "operatingExpenses": 243200000,
    "costAndExpenses": 821600000,
    "interestIncome": 0,
    "interestExpense": 0,
    "depreciationAndAmortization": 35900000,
    "ebitda": 142800000,
    "ebitdaratio": 0.1537964459,
    "operatingIncome": 106900000,
    "operatingIncomeRatio": 0.1151319332,
    "totalOtherIncomeExpensesNet": -9200000,
    "incomeBeforeTax": 97700000,
    "incomeBeforeTaxRatio": 0.1052234787,
    "incomeTaxExpense": 34000000,
    "netIncome": 63700000,
    "netIncomeRatio": 0.0686052773,
    "eps": 0.64,
    "epsdiluted": 0.63,
    "weightedAverageShsOut": 99400000,
    "weightedAverageShsOutDil": 101700000,
    "link": "https://www.sec.gov/Archives/edgar/data/8818/000089843099003303/0000898430-99-003303-index.html",
    "finalLink": "https://www.sec.gov/Archives/edgar/data/8818/000089843099003303/"
  },
  {
    "date": "1999-04-03",
    "symbol": "AVY",
    "reportedCurrency": "USD",
    "cik": "0000008818",
    "fillingDate": "1999-05-18",
    "acceptedDate": "1999-05-18 00:00:00",
    "calendarYear": "1999",
    "period": "Q1",
    "revenue": 933900000,
    "costOfRevenue": 585500000,
    "grossProfit": 348400000,
    "grossProfitRatio": 0.373059214,
    "researchAndDevelopmentExpenses": 0,
    "generalAndAdministrativeExpenses": 0,
    "sellingAndMarketingExpenses": 0,
    "sellingGeneralAndAdministrativeExpenses": 208300000,
    "otherExpenses": 36500000,
    "operatingExpenses": 244800000,
    "costAndExpenses": 830300000,
    "interestIncome": 0,
    "interestExpense": 0,
    "depreciationAndAmortization": 36500000,
    "ebitda": 140100000,
    "ebitdaratio": 0.1500160617,
    "operatingIncome": 103600000,
    "operatingIncomeRatio": 0.110932648,
    "totalOtherIncomeExpensesNet": -75400000,
    "incomeBeforeTax": 28200000,
    "incomeBeforeTaxRatio": 0.0301959525,
    "incomeTaxExpense": 9800000,
    "netIncome": 18400000,
    "netIncomeRatio": 0.0197023236,
    "eps": 0.19,
    "epsdiluted": 0.18,
    "weightedAverageShsOut": 96842105,
    "weightedAverageShsOutDil": 102222222,
    "link": "https://www.sec.gov/Archives/edgar/data/8818/000089843099002175/0000898430-99-002175-index.html",
    "finalLink": "https://www.sec.gov/Archives/edgar/data/8818/"
  },
  {
    "date": "1999-01-02",
    "symbol": "AVY",
    "reportedCurrency": "USD",
    "cik": "0000008818",
    "fillingDate": "1999-03-31",
    "acceptedDate": "1999-03-31 00:00:00",
    "calendarYear": "1998",
    "period": "Q4",
    "revenue": 884600000,
    "costOfRevenue": 558900000,
    "grossProfit": 325700000,
    "grossProfitRatio": 0.368189012,
    "researchAndDevelopmentExpenses": 0,
    "generalAndAdministrativeExpenses": 0,
    "sellingAndMarketingExpenses": 0,
    "sellingGeneralAndAdministrativeExpenses": 198200000,
    "otherExpenses": 33900000,
    "operatingExpenses": 232100000,
    "costAndExpenses": 791000000,
    "interestIncome": 0,
    "interestExpense": 0,
    "depreciationAndAmortization": 33900000,
    "ebitda": 127500000,
    "ebitdaratio": 0.1441329414,
    "operatingIncome": 93600000,
    "operatingIncomeRatio": 0.1058105358,
    "totalOtherIncomeExpensesNet": -9300000,
    "incomeBeforeTax": 84300000,
    "incomeBeforeTaxRatio": 0.0952973095,
    "incomeTaxExpense": 28400000,
    "netIncome": 55900000,
    "netIncomeRatio": 0.0631924033,
    "eps": 0.58,
    "epsdiluted": 0.55,
    "weightedAverageShsOut": 96842105,
    "weightedAverageShsOutDil": 102222222,
    "link": "https://www.sec.gov/Archives/edgar/data/8818/000089843099001342/0000898430-99-001342-index.html",
    "finalLink": "https://www.sec.gov/Archives/edgar/data/8818/"
  },
  {
    "date": "1998-09-26",
    "symbol": "AVY",
    "reportedCurrency": "USD",
    "cik": "0000008818",
    "fillingDate": "1998-11-06",
    "acceptedDate": "1998-11-06 00:00:00",
    "calendarYear": "1998",
    "period": "Q3",
    "revenue": 860200000,
    "costOfRevenue": 547300000,
    "grossProfit": 312900000,
    "grossProfitRatio": 0.3637526157,
    "researchAndDevelopmentExpenses": 0,
    "generalAndAdministrativeExpenses": 0,
    "sellingAndMarketingExpenses": 0,
    "sellingGeneralAndAdministrativeExpenses": 188900000,
    "otherExpenses": 32000000,
    "operatingExpenses": 220900000,
    "costAndExpenses": 768200000,
    "interestIncome": 0,
    "interestExpense": 0,
    "depreciationAndAmortization": 32000000,
    "ebitda": 124000000,
    "ebitdaratio": 0.1441525227,
    "operatingIncome": 92000000,
    "operatingIncomeRatio": 0.1069518717,
    "totalOtherIncomeExpensesNet": -8700000,
    "incomeBeforeTax": 83300000,
    "incomeBeforeTaxRatio": 0.0968379447,
    "incomeTaxExpense": 27500000,
    "netIncome": 55800000,
    "netIncomeRatio": 0.0648686352,
    "eps": 0.55,
    "epsdiluted": 0.54,
    "weightedAverageShsOut": 101454545,
    "weightedAverageShsOutDil": 103333333,
    "link": "https://www.sec.gov/Archives/edgar/data/8818/000089843098003887/0000898430-98-003887-index.html",
    "finalLink": "https://www.sec.gov/Archives/edgar/data/8818/"
  },
  {
    "date": "1998-06-27",
    "symbol": "AVY",
    "reportedCurrency": "USD",
    "cik": "0000008818",
    "fillingDate": "1998-08-10",
    "acceptedDate": "1998-08-10 00:00:00",
    "calendarYear": "1998",
    "period": "Q2",
    "revenue": 871500000,
    "costOfRevenue": 548900000,
    "grossProfit": 322600000,
    "grossProfitRatio": 0.3701663798,
    "researchAndDevelopmentExpenses": 0,
    "generalAndAdministrativeExpenses": 0,
    "sellingAndMarketingExpenses": 0,
    "sellingGeneralAndAdministrativeExpenses": 196000000,
    "otherExpenses": 31300000,
    "operatingExpenses": 227300000,
    "costAndExpenses": 776200000,
    "interestIncome": 0,
    "interestExpense": 0,
    "depreciationAndAmortization": 31300000,
    "ebitda": 126600000,
    "ebitdaratio": 0.1452667814,
    "operatingIncome": 95300000,
    "operatingIncomeRatio": 0.1093516925,
    "totalOtherIncomeExpensesNet": -8500000,
    "incomeBeforeTax": 86800000,
    "incomeBeforeTaxRatio": 0.0995983936,
    "incomeTaxExpense": 29400000,
    "netIncome": 57400000,
    "netIncomeRatio": 0.0658634538,
    "eps": 0.56,
    "epsdiluted": 0.55,
    "weightedAverageShsOut": 102500000,
    "weightedAverageShsOutDil": 104363636,
    "link": "https://www.sec.gov/Archives/edgar/data/8818/000089843098002832/0000898430-98-002832-index.html",
    "finalLink": "https://www.sec.gov/Archives/edgar/data/8818/"
  },
  {
    "date": "1998-03-28",
    "symbol": "AVY",
    "reportedCurrency": "USD",
    "cik": "0000008818",
    "fillingDate": "1998-05-08",
    "acceptedDate": "1998-05-08 00:00:00",
    "calendarYear": "1998",
    "period": "Q1",
    "revenue": 843600000,
    "costOfRevenue": 533100000,
    "grossProfit": 310500000,
    "grossProfitRatio": 0.3680654339,
    "researchAndDevelopmentExpenses": 0,
    "generalAndAdministrativeExpenses": 0,
    "sellingAndMarketingExpenses": 0,
    "sellingGeneralAndAdministrativeExpenses": 190100000,
    "otherExpenses": 30000000,
    "operatingExpenses": 220100000,
    "costAndExpenses": 753200000,
    "interestIncome": 0,
    "interestExpense": 0,
    "depreciationAndAmortization": 30000000,
    "ebitda": 120400000,
    "ebitdaratio": 0.142721669,
    "operatingIncome": 90400000,
    "operatingIncomeRatio": 0.1071597914,
    "totalOtherIncomeExpensesNet": -8100000,
    "incomeBeforeTax": 82300000,
    "incomeBeforeTaxRatio": 0.0975580844,
    "incomeTaxExpense": 28100000,
    "netIncome": 54200000,
    "netIncomeRatio": 0.064248459,
    "eps": 0.53,
    "epsdiluted": 0.52,
    "weightedAverageShsOut": 102264151,
    "weightedAverageShsOutDil": 104230769,
    "link": "https://www.sec.gov/Archives/edgar/data/8818/000089843098001792/0000898430-98-001792-index.html",
    "finalLink": "https://www.sec.gov/Archives/edgar/data/8818/"
  },
  {
    "date": "1997-12-27",
    "symbol": "AVY",
    "reportedCurrency": "USD",
    "cik": "0000008818",
    "fillingDate": "1998-03-26",
    "acceptedDate": "1998-03-26 00:00:00",
    "calendarYear": "1997",
    "period": "Q4",
    "revenue": 836400000,
    "costOfRevenue": 530600000,
    "grossProfit": 305800000,
    "grossProfitRatio": 0.3656145385,
    "researchAndDevelopmentExpenses": 0,
    "generalAndAdministrativeExpenses": 0,
    "sellingAndMarketingExpenses": 0,
    "sellingGeneralAndAdministrativeExpenses": 186900000,
    "otherExpenses": 29900000,
    "operatingExpenses": 216800000,
    "costAndExpenses": 747400000,
    "interestIncome": 0,
    "interestExpense": 0,
    "depreciationAndAmortization": 29900000,
    "ebitda": 118900000,
    "ebitdaratio": 0.1421568627,
    "operatingIncome": 89000000,
    "operatingIncomeRatio": 0.106408417,
    "totalOtherIncomeExpensesNet": -6400000,
    "incomeBeforeTax": 82600000,
    "incomeBeforeTaxRatio": 0.0987565758,
    "incomeTaxExpense": 28200000,
    "netIncome": 54400000,
    "netIncomeRatio": 0.0650406504,
    "eps": 0.53,
    "epsdiluted": 0.52,
    "weightedAverageShsOut": 102264151,
    "weightedAverageShsOutDil": 104230769,
    "link": "https://www.sec.gov/Archives/edgar/data/8818/000089843098001084/0000898430-98-001084-index.html",
    "finalLink": "https://www.sec.gov/Archives/edgar/data/8818/"
  },
  {
    "date": "1997-09-27",
    "symbol": "AVY",
    "reportedCurrency": "USD",
    "cik": "0000008818",
    "fillingDate": "1997-11-10",
    "acceptedDate": "1997-11-10 00:00:00",
    "calendarYear": "1997",
    "period": "Q3",
    "revenue": 835600000,
    "costOfRevenue": 536300000,
    "grossProfit": 299300000,
    "grossProfitRatio": 0.3581857348,
    "researchAndDevelopmentExpenses": 0,
    "generalAndAdministrativeExpenses": 0,
    "sellingAndMarketingExpenses": 0,
    "sellingGeneralAndAdministrativeExpenses": 183900000,
    "otherExpenses": 29200000,
    "operatingExpenses": 213100000,
    "costAndExpenses": 749400000,
    "interestIncome": 0,
    "interestExpense": 0,
    "depreciationAndAmortization": 29200000,
    "ebitda": 115400000,
    "ebitdaratio": 0.1381043562,
    "operatingIncome": 86200000,
    "operatingIncomeRatio": 0.1031594064,
    "totalOtherIncomeExpensesNet": -8000000,
    "incomeBeforeTax": 78200000,
    "incomeBeforeTaxRatio": 0.0935854476,
    "incomeTaxExpense": 25600000,
    "netIncome": 52600000,
    "netIncomeRatio": 0.0629487793,
    "eps": 0.51,
    "epsdiluted": 0.5,
    "weightedAverageShsOut": 103137255,
    "weightedAverageShsOutDil": 105200000,
    "link": "https://www.sec.gov/Archives/edgar/data/8818/000089843097004740/0000898430-97-004740-index.html",
    "finalLink": "https://www.sec.gov/Archives/edgar/data/8818/"
  },
  {
    "date": "1997-06-28",
    "symbol": "AVY",
    "reportedCurrency": "USD",
    "cik": "0000008818",
    "fillingDate": "1997-08-11",
    "acceptedDate": "1997-08-11 00:00:00",
    "calendarYear": "1997",
    "period": "Q2",
    "revenue": 844800000,
    "costOfRevenue": 542100000,
    "grossProfit": 302700000,
    "grossProfitRatio": 0.3583096591,
    "researchAndDevelopmentExpenses": 0,
    "generalAndAdministrativeExpenses": 0,
    "sellingAndMarketingExpenses": 0,
    "sellingGeneralAndAdministrativeExpenses": 188700000,
    "otherExpenses": 28900000,
    "operatingExpenses": 217600000,
    "costAndExpenses": 759700000,
    "interestIncome": 0,
    "interestExpense": 0,
    "depreciationAndAmortization": 28900000,
    "ebitda": 114000000,
    "ebitdaratio": 0.1349431818,
    "operatingIncome": 85100000,
    "operatingIncomeRatio": 0.1007339015,
    "totalOtherIncomeExpensesNet": -8800000,
    "incomeBeforeTax": 76300000,
    "incomeBeforeTaxRatio": 0.0903172348,
    "incomeTaxExpense": 26700000,
    "netIncome": 49600000,
    "netIncomeRatio": 0.0587121212,
    "eps": 0.48,
    "epsdiluted": 0.47,
    "weightedAverageShsOut": 103333333,
    "weightedAverageShsOutDil": 105531915,
    "link": "https://www.sec.gov/Archives/edgar/data/8818/000089843097003303/0000898430-97-003303-index.html",
    "finalLink": "https://www.sec.gov/Archives/edgar/data/8818/"
  },
  {
    "date": "1997-03-29",
    "symbol": "AVY",
    "reportedCurrency": "USD",
    "cik": "0000008818",
    "fillingDate": "1997-05-12",
    "acceptedDate": "1997-05-12 00:00:00",
    "calendarYear": "1997",
    "period": "Q1",
    "revenue": 828900000,
    "costOfRevenue": 537200000,
    "grossProfit": 291700000,
    "grossProfitRatio": 0.3519121728,
    "researchAndDevelopmentExpenses": 0,
    "generalAndAdministrativeExpenses": 0,
    "sellingAndMarketingExpenses": 0,
    "sellingGeneralAndAdministrativeExpenses": 180300000,
    "otherExpenses": 28800000,
    "operatingExpenses": 209100000,
    "costAndExpenses": 746300000,
    "interestIncome": 0,
    "interestExpense": 0,
    "depreciationAndAmortization": 28800000,
    "ebitda": 111400000,
    "ebitdaratio": 0.1343949813,
    "operatingIncome": 82600000,
    "operatingIncomeRatio": 0.0996501387,
    "totalOtherIncomeExpensesNet": -8500000,
    "incomeBeforeTax": 74100000,
    "incomeBeforeTaxRatio": 0.0893955845,
    "incomeTaxExpense": 25900000,
    "netIncome": 48200000,
    "netIncomeRatio": 0.0581493546,
    "eps": 0.47,
    "epsdiluted": 0.45,
    "weightedAverageShsOut": 102553191,
    "weightedAverageShsOutDil": 107111111,
    "link": "https://www.sec.gov/Archives/edgar/data/8818/000089843097002008/0000898430-97-002008-index.html",
    "finalLink": "https://www.sec.gov/Archives/edgar/data/8818/"
  },
  {
    "date": "1996-12-28",
    "symbol": "AVY",
    "reportedCurrency": "USD",
    "cik": "0000008818",
    "fillingDate": "1997-03-28",
    "acceptedDate": "1997-03-28 00:00:00",
    "calendarYear": "1996",
    "period": "Q4",
    "revenue": 808900000,
    "costOfRevenue": 517100000,
    "grossProfit": 291800000,
    "grossProfitRatio": 0.3607368031,
    "researchAndDevelopmentExpenses": 0,
    "generalAndAdministrativeExpenses": 0,
    "sellingAndMarketingExpenses": 0,
    "sellingGeneralAndAdministrativeExpenses": 181100000,
    "otherExpenses": 29100000,
    "operatingExpenses": 210200000,
    "costAndExpenses": 727300000,
    "interestIncome": 0,
    "interestExpense": 0,
    "depreciationAndAmortization": 29100000,
    "ebitda": 110700000,
    "ebitdaratio": 0.1368525158,
    "operatingIncome": 81600000,
    "operatingIncomeRatio": 0.1008777352,
    "totalOtherIncomeExpensesNet": -9000000,
    "incomeBeforeTax": 72600000,
    "incomeBeforeTaxRatio": 0.0897515144,
    "incomeTaxExpense": 24900000,
    "netIncome": 47700000,
    "netIncomeRatio": 0.0589689702,
    "eps": 0.47,
    "epsdiluted": 0.45,
    "weightedAverageShsOut": 102553191,
    "weightedAverageShsOutDil": 107111111,
    "link": "https://www.sec.gov/Archives/edgar/data/8818/000089843097001251/0000898430-97-001251-index.html",
    "finalLink": "https://www.sec.gov/Archives/edgar/data/8818/"
  },
  {
    "date": "1996-09-28",
    "symbol": "AVY",
    "reportedCurrency": "USD",
    "cik": "0000008818",
    "fillingDate": "1996-11-12",
    "acceptedDate": "1996-11-12 00:00:00",
    "calendarYear": "1996",
    "period": "Q3",
    "revenue": 819300000,
    "costOfRevenue": 529900000,
    "grossProfit": 289400000,
    "grossProfitRatio": 0.3532283657,
    "researchAndDevelopmentExpenses": 0,
    "generalAndAdministrativeExpenses": 0,
    "sellingAndMarketingExpenses": 0,
    "sellingGeneralAndAdministrativeExpenses": 181100000,
    "otherExpenses": 28900000,
    "operatingExpenses": 210000000,
    "costAndExpenses": 739900000,
    "interestIncome": 0,
    "interestExpense": 0,
    "depreciationAndAmortization": 28900000,
    "ebitda": 108300000,
    "ebitdaratio": 0.1321860124,
    "operatingIncome": 79400000,
    "operatingIncomeRatio": 0.096911998,
    "totalOtherIncomeExpensesNet": -8000000,
    "incomeBeforeTax": 71400000,
    "incomeBeforeTaxRatio": 0.087147565,
    "incomeTaxExpense": 24800000,
    "netIncome": 46600000,
    "netIncomeRatio": 0.0568778225,
    "eps": 0.23,
    "epsdiluted": 0.23,
    "weightedAverageShsOut": 104422000,
    "weightedAverageShsOutDil": 104422000,
    "link": "https://www.sec.gov/Archives/edgar/data/8818/000089843096005206/0000898430-96-005206-index.html",
    "finalLink": "https://www.sec.gov/Archives/edgar/data/8818/"
  },
  {
    "date": "1996-06-29",
    "symbol": "AVY",
    "reportedCurrency": "USD",
    "cik": "0000008818",
    "fillingDate": "1996-08-12",
    "acceptedDate": "1996-08-12 00:00:00",
    "calendarYear": "1996",
    "period": "Q2",
    "revenue": 797700000,
    "costOfRevenue": 521400000,
    "grossProfit": 276300000,
    "grossProfitRatio": 0.3463708161,
    "researchAndDevelopmentExpenses": 0,
    "generalAndAdministrativeExpenses": 0,
    "sellingAndMarketingExpenses": 0,
    "sellingGeneralAndAdministrativeExpenses": 174900000,
    "otherExpenses": 27900000,
    "operatingExpenses": 202800000,
    "costAndExpenses": 724200000,
    "interestIncome": 0,
    "interestExpense": 0,
    "depreciationAndAmortization": 27900000,
    "ebitda": 101400000,
    "ebitdaratio": 0.1271154569,
    "operatingIncome": 73500000,
    "operatingIncomeRatio": 0.0921399022,
    "totalOtherIncomeExpensesNet": -9400000,
    "incomeBeforeTax": 64100000,
    "incomeBeforeTaxRatio": 0.0803560236,
    "incomeTaxExpense": 22500000,
    "netIncome": 41600000,
    "netIncomeRatio": 0.0521499311,
    "eps": 0.2,
    "epsdiluted": 0.2,
    "weightedAverageShsOut": 105600000,
    "weightedAverageShsOutDil": 105600000,
    "link": "https://www.sec.gov/Archives/edgar/data/8818/000089843096003662/0000898430-96-003662-index.html",
    "finalLink": "https://www.sec.gov/Archives/edgar/data/8818/"
  },
  {
    "date": "1996-03-30",
    "symbol": "AVY",
    "reportedCurrency": "USD",
    "cik": "0000008818",
    "fillingDate": "1996-05-13",
    "acceptedDate": "1996-05-13 00:00:00",
    "calendarYear": "1996",
    "period": "Q1",
    "revenue": 796600000,
    "costOfRevenue": 522400000,
    "grossProfit": 274200000,
    "grossProfitRatio": 0.3442129048,
    "researchAndDevelopmentExpenses": 0,
    "generalAndAdministrativeExpenses": 0,
    "sellingAndMarketingExpenses": 0,
    "sellingGeneralAndAdministrativeExpenses": 175300000,
    "otherExpenses": 27500000,
    "operatingExpenses": 202800000,
    "costAndExpenses": 725200000,
    "interestIncome": 0,
    "interestExpense": 0,
    "depreciationAndAmortization": 27500000,
    "ebitda": 98900000,
    "ebitdaratio": 0.1241526488,
    "operatingIncome": 71400000,
    "operatingIncomeRatio": 0.0896309315,
    "totalOtherIncomeExpensesNet": -8900000,
    "incomeBeforeTax": 62500000,
    "incomeBeforeTaxRatio": 0.0784584484,
    "incomeTaxExpense": 22500000,
    "netIncome": 40000000,
    "netIncomeRatio": 0.050213407,
    "eps": 0.19,
    "epsdiluted": 0.19,
    "weightedAverageShsOut": 105600000,
    "weightedAverageShsOutDil": 105600000,
    "link": "https://www.sec.gov/Archives/edgar/data/8818/000089843096001780/0000898430-96-001780-index.html",
    "finalLink": "https://www.sec.gov/Archives/edgar/data/8818/"
  },
  {
    "date": "1995-12-30",
    "symbol": "AVY",
    "reportedCurrency": "USD",
    "cik": "0000008818",
    "fillingDate": "1996-03-29",
    "acceptedDate": "1996-03-29 00:00:00",
    "calendarYear": "1995",
    "period": "Q4",
    "revenue": 776700000,
    "costOfRevenue": 509100000,
    "grossProfit": 267600000,
    "grossProfitRatio": 0.3445345693,
    "researchAndDevelopmentExpenses": 0,
    "generalAndAdministrativeExpenses": 0,
    "sellingAndMarketingExpenses": 0,
    "sellingGeneralAndAdministrativeExpenses": 170400000,
    "otherExpenses": 29100000,
    "operatingExpenses": 199500000,
    "costAndExpenses": 708600000,
    "interestIncome": 0,
    "interestExpense": 0,
    "depreciationAndAmortization": 29100000,
    "ebitda": 97200000,
    "ebitdaratio": 0.1251448436,
    "operatingIncome": 68100000,
    "operatingIncomeRatio": 0.0876786404,
    "totalOtherIncomeExpensesNet": -9100000,
    "incomeBeforeTax": 59000000,
    "incomeBeforeTaxRatio": 0.075962405,
    "incomeTaxExpense": 21300000,
    "netIncome": 37700000,
    "netIncomeRatio": 0.0485386893,
    "eps": 0.36,
    "epsdiluted": 0.36,
    "weightedAverageShsOut": 105600000,
    "weightedAverageShsOutDil": 105600000,
    "link": "https://www.sec.gov/Archives/edgar/data/8818/000089843096001108/0000898430-96-001108-index.html",
    "finalLink": "https://www.sec.gov/Archives/edgar/data/8818/"
  },
  {
    "date": "1995-09-30",
    "symbol": "AVY",
    "reportedCurrency": "USD",
    "cik": "0000008818",
    "fillingDate": "1995-11-14",
    "acceptedDate": "1995-11-14 00:00:00",
    "calendarYear": "1995",
    "period": "Q3",
    "revenue": 783500000,
    "costOfRevenue": 521700000,
    "grossProfit": 261800000,
    "grossProfitRatio": 0.334141672,
    "researchAndDevelopmentExpenses": 0,
    "generalAndAdministrativeExpenses": 0,
    "sellingAndMarketingExpenses": 0,
    "sellingGeneralAndAdministrativeExpenses": 167100000,
    "otherExpenses": 26800000,
    "operatingExpenses": 193900000,
    "costAndExpenses": 715600000,
    "interestIncome": 0,
    "interestExpense": 0,
    "depreciationAndAmortization": 26800000,
    "ebitda": 94700000,
    "ebitdaratio": 0.1208679004,
    "operatingIncome": 67900000,
    "operatingIncomeRatio": 0.0866624123,
    "totalOtherIncomeExpensesNet": -12000000,
    "incomeBeforeTax": 55900000,
    "incomeBeforeTaxRatio": 0.071346522,
    "incomeTaxExpense": 20100000,
    "netIncome": 35800000,
    "netIncomeRatio": 0.0456924059,
    "eps": 0.17,
    "epsdiluted": 0.17,
    "weightedAverageShsOut": 106200000,
    "weightedAverageShsOutDil": 106200000,
    "link": "https://www.sec.gov/Archives/edgar/data/8818/000089843095002332/0000898430-95-002332-index.html",
    "finalLink": "https://www.sec.gov/Archives/edgar/data/8818/"
  }
]