[
  {
    "date": "2024-12-28",
    "symbol": "AVY",
    "reportedCurrency": "USD",
    "cik": "0000008818",
    "fillingDate": "2025-02-26",
    "acceptedDate": "2025-02-26 13:36:51",
    "calendarYear": "2024",
    "period": "FY",
    "revenue": 8755700000,
    "costOfRevenue": 6228200000,
    "grossProfit": 2527500000,
    "grossProfitRatio": 0.2886690956,
    "researchAndDevelopmentExpenses": 137800000,
    "generalAndAdministrativeExpenses": 0,
    "sellingAndMarketingExpenses": 0,
    "sellingGeneralAndAdministrativeExpenses": 1262300000,
    "otherExpenses": 0,
    "operatingExpenses": 1400100000,
    "costAndExpenses": 7628300000,
    "interestIncome": 0,
    "interestExpense": 117000000,
    "depreciationAndAmortization": 312200000,
    "ebitda": 1382700000,
    "ebitdaratio": 0.1579199836,
    "operatingIncome": 1127400000,
    "operatingIncomeRatio": 0.1287618351,
    "totalOtherIncomeExpensesNet": -173900000,
    "incomeBeforeTax": 953500000,
    "incomeBeforeTaxRatio": 0.1089004877,
    "incomeTaxExpense": 248600000,
    "netIncome": 704900000,
    "netIncomeRatio": 0.0805075551,
    "eps": 8.73,
    "epsdiluted": 8.73,
    "weightedAverageShsOut": 80400000,
    "weightedAverageShsOutDil": 80700000,
    "link": "https://www.sec.gov/Archives/edgar/data/8818/000000881825000003/0000008818-25-000003-index.htm",
    "finalLink": "https://www.sec.gov/Archives/edgar/data/8818/000000881825000003/avy-20241228.htm"
  },
  {
    "date": "2023-12-30",
    "symbol": "AVY",
    "reportedCurrency": "USD",
    "cik": "0000008818",
    "fillingDate": "2024-02-21",
    "acceptedDate": "2024-02-21 16:04:03",
    "calendarYear": "2023",
    "period": "FY",
    "revenue": 8364299999,
    "costOfRevenue": 6090200000,
    "grossProfit": 2274100000,
    "grossProfitRatio": 0.2718816877,
    "researchAndDevelopmentExpenses": 135800000,
    "generalAndAdministrativeExpenses": 0,
    "sellingAndMarketingExpenses": 0,
    "sellingGeneralAndAdministrativeExpenses": 1183400000,
    "otherExpenses": 0,
    "operatingExpenses": 1319200000,
    "costAndExpenses": 7409400000,
    "interestIncome": 11800000,
    "interestExpense": 119000000,
    "depreciationAndAmortization": 298400000,
    "ebitda": 1112100000,
    "ebitdaratio": 0.1329579284,
    "operatingIncome": 954900000,
    "operatingIncomeRatio": 0.1141637675,
    "totalOtherIncomeExpensesNet": -260200000,
    "incomeBeforeTax": 694700000,
    "incomeBeforeTaxRatio": 0.0830553663,
    "incomeTaxExpense": 191700000,
    "netIncome": 503000000,
    "netIncomeRatio": 0.0601365327,
    "eps": 6.23,
    "epsdiluted": 6.2,
    "weightedAverageShsOut": 80700000,
    "weightedAverageShsOutDil": 81100000,
    "link": "https://www.sec.gov/Archives/edgar/data/8818/000000881824000003/0000008818-24-000003-index.htm",
    "finalLink": "https://www.sec.gov/Archives/edgar/data/8818/000000881824000003/avy-20231230.htm"
  },
  {
    "date": "2022-12-31",
    "symbol": "AVY",
    "reportedCurrency": "USD",
    "cik": "0000008818",
    "fillingDate": "2023-02-22",
    "acceptedDate": "2023-02-22 16:06:18",
    "calendarYear": "2022",
    "period": "FY",
    "revenue": 9039300000,
    "costOfRevenue": 6640700000,
    "grossProfit": 2398600000,
    "grossProfitRatio": 0.2653524056,
    "researchAndDevelopmentExpenses": 136100000,
    "generalAndAdministrativeExpenses": 0,
    "sellingAndMarketingExpenses": 0,
    "sellingGeneralAndAdministrativeExpenses": 1190400000,
    "otherExpenses": 0,
    "operatingExpenses": 1326500000,
    "costAndExpenses": 7967200000,
    "interestIncome": 0,
    "interestExpense": 84100000,
    "depreciationAndAmortization": 290700000,
    "ebitda": 1374100000,
    "ebitdaratio": 0.1520139834,
    "operatingIncome": 1072099999,
    "operatingIncomeRatio": 0.1186043166,
    "totalOtherIncomeExpensesNet": -72799999,
    "incomeBeforeTax": 999300000,
    "incomeBeforeTaxRatio": 0.1105505957,
    "incomeTaxExpense": 242200000,
    "netIncome": 757100000,
    "netIncomeRatio": 0.0837564856,
    "eps": 9.28,
    "epsdiluted": 9.21,
    "weightedAverageShsOut": 81600000,
    "weightedAverageShsOutDil": 82200000,
    "link": "https://www.sec.gov/Archives/edgar/data/8818/000000881823000002/0000008818-23-000002-index.htm",
    "finalLink": "https://www.sec.gov/Archives/edgar/data/8818/000000881823000002/avy-20221231.htm"
  },
  {
    "date": "2022-01-01",
    "symbol": "AVY",
    "reportedCurrency": "USD",
    "cik": "0000008818",
    "fillingDate": "2022-02-23",
    "acceptedDate": "2022-02-23 16:03:04",
    "calendarYear": "2021",
    "period": "FY",
    "revenue": 8408299999,
    "costOfRevenue": 6099100000,
    "grossProfit": 2309200000,
    "grossProfitRatio": 0.274633398,
    "researchAndDevelopmentExpenses": 136600000,
    "generalAndAdministrativeExpenses": 0,
    "sellingAndMarketingExpenses": 0,
    "sellingGeneralAndAdministrativeExpenses": 1132900000,
    "otherExpenses": 0,
    "operatingExpenses": 1269500000,
    "costAndExpenses": 7368600000,
    "interestIncome": 0,
    "interestExpense": 70200000,
    "depreciationAndAmortization": 244100000,
    "ebitda": 1306900000,
    "ebitdaratio": 0.155429754,
    "operatingIncome": 1039700000,
    "operatingIncomeRatio": 0.12365163,
    "totalOtherIncomeExpensesNet": -51000000,
    "incomeBeforeTax": 988700000,
    "incomeBeforeTaxRatio": 0.1175861946,
    "incomeTaxExpense": 248600000,
    "netIncome": 740100000,
    "netIncomeRatio": 0.0880201706,
    "eps": 8.93,
    "epsdiluted": 8.83,
    "weightedAverageShsOut": 82900000,
    "weightedAverageShsOutDil": 83800000,
    "link": "https://www.sec.gov/Archives/edgar/data/8818/000119312522049910/0001193125-22-049910-index.htm",
    "finalLink": "https://www.sec.gov/Archives/edgar/data/8818/000119312522049910/d179463d10k.htm"
  },
  {
    "date": "2021-01-02",
    "symbol": "AVY",
    "reportedCurrency": "USD",
    "cik": "0000008818",
    "fillingDate": "2021-02-25",
    "acceptedDate": "2021-02-24 19:50:25",
    "calendarYear": "2020",
    "period": "FY",
    "revenue": 6971500000,
    "costOfRevenue": 5050200000,
    "grossProfit": 1921300000,
    "grossProfitRatio": 0.2755934878,
    "researchAndDevelopmentExpenses": 112800000,
    "generalAndAdministrativeExpenses": 0,
    "sellingAndMarketingExpenses": 0,
    "sellingGeneralAndAdministrativeExpenses": 933500000,
    "otherExpenses": 0,
    "operatingExpenses": 1046300000,
    "costAndExpenses": 6096500000,
    "interestIncome": 0,
    "interestExpense": 70000000,
    "depreciationAndAmortization": 205300000,
    "ebitda": 1012600000,
    "ebitdaratio": 0.1452485118,
    "operatingIncome": 875000000,
    "operatingIncomeRatio": 0.1255110091,
    "totalOtherIncomeExpensesNet": -141400000,
    "incomeBeforeTax": 733600000,
    "incomeBeforeTaxRatio": 0.10522843,
    "incomeTaxExpense": 177700000,
    "netIncome": 555900000,
    "netIncomeRatio": 0.0797389371,
    "eps": 6.67,
    "epsdiluted": 6.61,
    "weightedAverageShsOut": 83400000,
    "weightedAverageShsOutDil": 84100000,
    "link": "https://www.sec.gov/Archives/edgar/data/8818/000119312521055146/0001193125-21-055146-index.htm",
    "finalLink": "https://www.sec.gov/Archives/edgar/data/8818/000119312521055146/d20372d10k.htm"
  },
  {
    "date": "2019-12-28",
    "symbol": "AVY",
    "reportedCurrency": "USD",
    "cik": "0000008818",
    "fillingDate": "2020-02-26",
    "acceptedDate": "2020-02-26 16:02:37",
    "calendarYear": "2019",
    "period": "FY",
    "revenue": 7070100000,
    "costOfRevenue": 5166400000,
    "grossProfit": 1903700000,
    "grossProfitRatio": 0.2692606894,
    "researchAndDevelopmentExpenses": 92600000,
    "generalAndAdministrativeExpenses": 0,
    "sellingAndMarketingExpenses": 0,
    "sellingGeneralAndAdministrativeExpenses": 991300000,
    "otherExpenses": 0,
    "operatingExpenses": 1083900000,
    "costAndExpenses": 6250300000,
    "interestIncome": 0,
    "interestExpense": 75800000,
    "depreciationAndAmortization": 179000000,
    "ebitda": 504300000,
    "ebitdaratio": 0.0713285526,
    "operatingIncome": 819800000,
    "operatingIncomeRatio": 0.1159530983,
    "totalOtherIncomeExpensesNet": -572900000,
    "incomeBeforeTax": 246900000,
    "incomeBeforeTaxRatio": 0.0349217126,
    "incomeTaxExpense": -56700000,
    "netIncome": 303600000,
    "netIncomeRatio": 0.0429414011,
    "eps": 3.61,
    "epsdiluted": 3.57,
    "weightedAverageShsOut": 84000000,
    "weightedAverageShsOutDil": 85000000,
    "link": "https://www.sec.gov/Archives/edgar/data/8818/000110465920025360/0001104659-20-025360-index.htm",
    "finalLink": "https://www.sec.gov/Archives/edgar/data/8818/000110465920025360/avy-20191228x10k9cf60b.htm"
  },
  {
    "date": "2018-12-29",
    "symbol": "AVY",
    "reportedCurrency": "USD",
    "cik": "0000008818",
    "fillingDate": "2019-02-27",
    "acceptedDate": "2019-02-27 16:13:31",
    "calendarYear": "2018",
    "period": "FY",
    "revenue": 7159000000,
    "costOfRevenue": 5249400000,
    "grossProfit": 1909600000,
    "grossProfitRatio": 0.266741165,
    "researchAndDevelopmentExpenses": 98200000,
    "generalAndAdministrativeExpenses": 0,
    "sellingAndMarketingExpenses": 0,
    "sellingGeneralAndAdministrativeExpenses": 1002300000,
    "otherExpenses": 0,
    "operatingExpenses": 1100500000,
    "costAndExpenses": 6349900000,
    "interestIncome": 0,
    "interestExpense": 58500000,
    "depreciationAndAmortization": 181000000,
    "ebitda": 794300000,
    "ebitdaratio": 0.1109512502,
    "operatingIncome": 809100000,
    "operatingIncomeRatio": 0.113018578,
    "totalOtherIncomeExpensesNet": -256300000,
    "incomeBeforeTax": 552800000,
    "incomeBeforeTaxRatio": 0.0772174885,
    "incomeTaxExpense": 85400000,
    "netIncome": 467400000,
    "netIncomeRatio": 0.0652884481,
    "eps": 5.52,
    "epsdiluted": 5.28,
    "weightedAverageShsOut": 84723655,
    "weightedAverageShsOutDil": 88600000,
    "link": "https://www.sec.gov/Archives/edgar/data/8818/000104746919000747/0001047469-19-000747-index.htm",
    "finalLink": "https://www.sec.gov/Archives/edgar/data/8818/000104746919000747/a2237793z10-k.htm"
  },
  {
    "date": "2017-12-30",
    "symbol": "AVY",
    "reportedCurrency": "USD",
    "cik": "0000008818",
    "fillingDate": "2018-02-21",
    "acceptedDate": "2018-02-21 17:19:35",
    "calendarYear": "2017",
    "period": "FY",
    "revenue": 6613800000,
    "costOfRevenue": 4800800000,
    "grossProfit": 1813000000,
    "grossProfitRatio": 0.2741238017,
    "researchAndDevelopmentExpenses": 93400000,
    "generalAndAdministrativeExpenses": 0,
    "sellingAndMarketingExpenses": 0,
    "sellingGeneralAndAdministrativeExpenses": 968900000,
    "otherExpenses": 0,
    "operatingExpenses": 1062300000,
    "costAndExpenses": 5863100000,
    "interestIncome": 0,
    "interestExpense": 63000000,
    "depreciationAndAmortization": 178700000,
    "ebitda": 829400000,
    "ebitdaratio": 0.1254044573,
    "operatingIncome": 750700000,
    "operatingIncomeRatio": 0.1135050954,
    "totalOtherIncomeExpensesNet": -161200000,
    "incomeBeforeTax": 589500000,
    "incomeBeforeTaxRatio": 0.0891318153,
    "incomeTaxExpense": 307700000,
    "netIncome": 281800000,
    "netIncomeRatio": 0.0426078805,
    "eps": 3.2,
    "epsdiluted": 3.13,
    "weightedAverageShsOut": 88011541,
    "weightedAverageShsOutDil": 90100000,
    "link": "https://www.sec.gov/Archives/edgar/data/8818/000104746918000931/0001047469-18-000931-index.htm",
    "finalLink": "https://www.sec.gov/Archives/edgar/data/8818/000104746918000931/a2234573z10-k.htm"
  },
  {
    "date": "2016-12-31",
    "symbol": "AVY",
    "reportedCurrency": "USD",
    "cik": "0000008818",
    "fillingDate": "2017-02-23",
    "acceptedDate": "2017-02-23 15:14:02",
    "calendarYear": "2016",
    "period": "FY",
    "revenue": 6086500000,
    "costOfRevenue": 4385900000,
    "grossProfit": 1700600000,
    "grossProfitRatio": 0.2794052411,
    "researchAndDevelopmentExpenses": 89700000,
    "generalAndAdministrativeExpenses": 0,
    "sellingAndMarketingExpenses": 0,
    "sellingGeneralAndAdministrativeExpenses": 1011900000,
    "otherExpenses": 0,
    "operatingExpenses": 1101600000,
    "costAndExpenses": 5487500000,
    "interestIncome": 0,
    "interestExpense": 59900000,
    "depreciationAndAmortization": 180100000,
    "ebitda": 717000000,
    "ebitdaratio": 0.1178016923,
    "operatingIncome": 599000000,
    "operatingIncomeRatio": 0.0984145239,
    "totalOtherIncomeExpensesNet": -121900000,
    "incomeBeforeTax": 477100000,
    "incomeBeforeTaxRatio": 0.0783865933,
    "incomeTaxExpense": 156400000,
    "netIncome": 320700000,
    "netIncomeRatio": 0.0526903803,
    "eps": 3.63,
    "epsdiluted": 3.54,
    "weightedAverageShsOut": 88308860,
    "weightedAverageShsOutDil": 90700000,
    "link": "https://www.sec.gov/Archives/edgar/data/8818/000104746917000881/0001047469-17-000881-index.htm",
    "finalLink": "https://www.sec.gov/Archives/edgar/data/8818/000104746917000881/a2230940z10-k.htm"
  },
  {
    "date": "2016-01-02",
    "symbol": "AVY",
    "reportedCurrency": "USD",
    "cik": "0000008818",
    "fillingDate": "2016-02-24",
    "acceptedDate": "2016-02-24 16:28:04",
    "calendarYear": "2015",
    "period": "FY",
    "revenue": 5966900000,
    "costOfRevenue": 4326600000,
    "grossProfit": 1640300000,
    "grossProfitRatio": 0.2748998643,
    "researchAndDevelopmentExpenses": 91900000,
    "generalAndAdministrativeExpenses": 0,
    "sellingAndMarketingExpenses": 0,
    "sellingGeneralAndAdministrativeExpenses": 1019100000,
    "otherExpenses": 0,
    "operatingExpenses": 1111000000,
    "costAndExpenses": 5437600000,
    "interestIncome": 0,
    "interestExpense": 60500000,
    "depreciationAndAmortization": 188300000,
    "ebitda": 657600000,
    "ebitdaratio": 0.1102079807,
    "operatingIncome": 529299999,
    "operatingIncomeRatio": 0.0887060281,
    "totalOtherIncomeExpensesNet": -120399999,
    "incomeBeforeTax": 408900000,
    "incomeBeforeTaxRatio": 0.0685280464,
    "incomeTaxExpense": 134500000,
    "netIncome": 274300000,
    "netIncomeRatio": 0.0459702693,
    "eps": 3.01,
    "epsdiluted": 2.95,
    "weightedAverageShsOut": 89967697,
    "weightedAverageShsOutDil": 92900000,
    "link": "https://www.sec.gov/Archives/edgar/data/8818/000104746916010376/0001047469-16-010376-index.htm",
    "finalLink": "https://www.sec.gov/Archives/edgar/data/8818/000104746916010376/a2227408z10-k.htm"
  },
  {
    "date": "2015-01-03",
    "symbol": "AVY",
    "reportedCurrency": "USD",
    "cik": "0000008818",
    "fillingDate": "2015-02-25",
    "acceptedDate": "2015-02-25 16:00:17",
    "calendarYear": "2014",
    "period": "FY",
    "revenue": 6330300000,
    "costOfRevenue": 4676400000,
    "grossProfit": 1653900000,
    "grossProfitRatio": 0.2612672385,
    "researchAndDevelopmentExpenses": 102500000,
    "generalAndAdministrativeExpenses": 0,
    "sellingAndMarketingExpenses": 0,
    "sellingGeneralAndAdministrativeExpenses": 1009500000,
    "otherExpenses": 0,
    "operatingExpenses": 1112000000,
    "costAndExpenses": 5788400000,
    "interestIncome": 0,
    "interestExpense": 63300000,
    "depreciationAndAmortization": 201600000,
    "ebitda": 629200000,
    "ebitdaratio": 0.0993949734,
    "operatingIncome": 541900000,
    "operatingIncomeRatio": 0.0856041578,
    "totalOtherIncomeExpensesNet": -177500000,
    "incomeBeforeTax": 364400000,
    "incomeBeforeTaxRatio": 0.0575644124,
    "incomeTaxExpense": 113300000,
    "netIncome": 248900000,
    "netIncomeRatio": 0.0393188317,
    "eps": 2.73,
    "epsdiluted": 2.6,
    "weightedAverageShsOut": 90458956,
    "weightedAverageShsOutDil": 95700000,
    "link": "https://www.sec.gov/Archives/edgar/data/8818/000104746915001200/0001047469-15-001200-index.htm",
    "finalLink": "https://www.sec.gov/Archives/edgar/data/8818/000104746915001200/a2223154z10-k.htm"
  },
  {
    "date": "2013-12-28",
    "symbol": "AVY",
    "reportedCurrency": "USD",
    "cik": "0000008818",
    "fillingDate": "2014-02-26",
    "acceptedDate": "2014-02-26 15:48:56",
    "calendarYear": "2013",
    "period": "FY",
    "revenue": 6140000000,
    "costOfRevenue": 4504000000,
    "grossProfit": 1636000000,
    "grossProfitRatio": 0.2664495114,
    "researchAndDevelopmentExpenses": 96000000,
    "generalAndAdministrativeExpenses": 0,
    "sellingAndMarketingExpenses": 0,
    "sellingGeneralAndAdministrativeExpenses": 1047099999,
    "otherExpenses": 0,
    "operatingExpenses": 1143100000,
    "costAndExpenses": 5647100000,
    "interestIncome": 0,
    "interestExpense": 60900000,
    "depreciationAndAmortization": 204300000,
    "ebitda": 626300000,
    "ebitdaratio": 0.1020032573,
    "operatingIncome": 492900000,
    "operatingIncomeRatio": 0.080276873,
    "totalOtherIncomeExpensesNet": -129800000,
    "incomeBeforeTax": 363100000,
    "incomeBeforeTaxRatio": 0.0591368078,
    "incomeTaxExpense": 118800000,
    "netIncome": 215800000,
    "netIncomeRatio": 0.0351465798,
    "eps": 2.24,
    "epsdiluted": 2.16,
    "weightedAverageShsOut": 96178411,
    "weightedAverageShsOutDil": 100100000,
    "link": "https://www.sec.gov/Archives/edgar/data/8818/000104746914001386/0001047469-14-001386-index.htm",
    "finalLink": "https://www.sec.gov/Archives/edgar/data/8818/000104746914001386/a2218447z10-k.htm"
  },
  {
    "date": "2012-12-29",
    "symbol": "AVY",
    "reportedCurrency": "USD",
    "cik": "0000008818",
    "fillingDate": "2013-02-27",
    "acceptedDate": "2013-02-27 15:37:52",
    "calendarYear": "2012",
    "period": "FY",
    "revenue": 6035600000,
    "costOfRevenue": 4453200000,
    "grossProfit": 1582400000,
    "grossProfitRatio": 0.2621777454,
    "researchAndDevelopmentExpenses": 105100000,
    "generalAndAdministrativeExpenses": 0,
    "sellingAndMarketingExpenses": 0,
    "sellingGeneralAndAdministrativeExpenses": 1092100000,
    "otherExpenses": 0,
    "operatingExpenses": 1197200000,
    "costAndExpenses": 5650400000,
    "interestIncome": 0,
    "interestExpense": 72800000,
    "depreciationAndAmortization": 220600000,
    "ebitda": 544500000,
    "ebitdaratio": 0.090214726,
    "operatingIncome": 385200000,
    "operatingIncomeRatio": 0.0638213268,
    "totalOtherIncomeExpensesNet": -129700000,
    "incomeBeforeTax": 255500000,
    "incomeBeforeTaxRatio": 0.0423321625,
    "incomeTaxExpense": 86400000,
    "netIncome": 215400000,
    "netIncomeRatio": 0.0356882497,
    "eps": 2.16,
    "epsdiluted": 2.08,
    "weightedAverageShsOut": 99915457,
    "weightedAverageShsOutDil": 103500000,
    "link": "https://www.sec.gov/Archives/edgar/data/8818/000104746913001812/0001047469-13-001812-index.htm",
    "finalLink": "https://www.sec.gov/Archives/edgar/data/8818/000104746913001812/a2212989z10-k.htm"
  },
  {
    "date": "2011-12-31",
    "symbol": "AVY",
    "reportedCurrency": "USD",
    "cik": "0000008818",
    "fillingDate": "2012-02-27",
    "acceptedDate": "2012-02-24 20:30:49",
    "calendarYear": "2011",
    "period": "FY",
    "revenue": 6026300000,
    "costOfRevenue": 4503400000,
    "grossProfit": 1522900000,
    "grossProfitRatio": 0.2527089591,
    "researchAndDevelopmentExpenses": 92400000,
    "generalAndAdministrativeExpenses": 0,
    "sellingAndMarketingExpenses": 0,
    "sellingGeneralAndAdministrativeExpenses": 1065500000,
    "otherExpenses": 0,
    "operatingExpenses": 1157900000,
    "costAndExpenses": 5661300000,
    "interestIncome": 0,
    "interestExpense": 71000000,
    "depreciationAndAmortization": 246500000,
    "ebitda": 546200000,
    "ebitdaratio": 0.0906360453,
    "operatingIncome": 365000000,
    "operatingIncomeRatio": 0.0605678443,
    "totalOtherIncomeExpensesNet": -132100000,
    "incomeBeforeTax": 232900000,
    "incomeBeforeTaxRatio": 0.0386472628,
    "incomeTaxExpense": 78500000,
    "netIncome": 190100000,
    "netIncomeRatio": 0.0315450608,
    "eps": 1.78,
    "epsdiluted": 1.78,
    "weightedAverageShsOut": 106800000,
    "weightedAverageShsOutDil": 106800000,
    "link": "https://www.sec.gov/Archives/edgar/data/8818/000119312512078843/0001193125-12-078843-index.htm",
    "finalLink": "https://www.sec.gov/Archives/edgar/data/8818/000119312512078843/d251638d10k.htm"
  },
  {
    "date": "2011-01-01",
    "symbol": "AVY",
    "reportedCurrency": "USD",
    "cik": "0000008818",
    "fillingDate": "2011-02-28",
    "acceptedDate": "2011-02-25 18:05:39",
    "calendarYear": "2010",
    "period": "FY",
    "revenue": 5782000000,
    "costOfRevenue": 4256200000,
    "grossProfit": 1525800000,
    "grossProfitRatio": 0.2638879281,
    "researchAndDevelopmentExpenses": 85600000,
    "generalAndAdministrativeExpenses": 0,
    "sellingAndMarketingExpenses": 0,
    "sellingGeneralAndAdministrativeExpenses": 1133500000,
    "otherExpenses": 0,
    "operatingExpenses": 1219100000,
    "costAndExpenses": 5475300000,
    "interestIncome": 0,
    "interestExpense": 76600000,
    "depreciationAndAmortization": 247600000,
    "ebitda": 558100000,
    "ebitdaratio": 0.0965236942,
    "operatingIncome": 306700000,
    "operatingIncomeRatio": 0.0530439294,
    "totalOtherIncomeExpensesNet": -67700000,
    "incomeBeforeTax": 239000000,
    "incomeBeforeTaxRatio": 0.0413351781,
    "incomeTaxExpense": 34400000,
    "netIncome": 316900000,
    "netIncomeRatio": 0.0548080249,
    "eps": 2.9,
    "epsdiluted": 2.9,
    "weightedAverageShsOut": 105391940,
    "weightedAverageShsOutDil": 106800000,
    "link": "https://www.sec.gov/Archives/edgar/data/8818/000095012311018967/0000950123-11-018967-index.htm",
    "finalLink": "https://www.sec.gov/Archives/edgar/data/8818/000095012311018967/v57898e10vk.htm"
  },
  {
    "date": "2010-01-02",
    "symbol": "AVY",
    "reportedCurrency": "USD",
    "cik": "0000008818",
    "fillingDate": "2010-03-01",
    "acceptedDate": "2010-02-26 19:21:59",
    "calendarYear": "2009",
    "period": "FY",
    "revenue": 5952700000,
    "costOfRevenue": 4355100000,
    "grossProfit": 1597600000,
    "grossProfitRatio": 0.2683824147,
    "researchAndDevelopmentExpenses": 90700000,
    "generalAndAdministrativeExpenses": 0,
    "sellingAndMarketingExpenses": 0,
    "sellingGeneralAndAdministrativeExpenses": 1193400000,
    "otherExpenses": 0,
    "operatingExpenses": 1284100000,
    "costAndExpenses": 5639200000,
    "interestIncome": 0,
    "interestExpense": 85300000,
    "depreciationAndAmortization": 267300000,
    "ebitda": -445199999,
    "ebitdaratio": -0.0747895911,
    "operatingIncome": 313500000,
    "operatingIncomeRatio": 0.0526651771,
    "totalOtherIncomeExpensesNet": -1104400000,
    "incomeBeforeTax": -790900000,
    "incomeBeforeTaxRatio": -0.1328640785,
    "incomeTaxExpense": -44200000,
    "netIncome": -746700000,
    "netIncomeRatio": -0.1254388765,
    "eps": -7.24,
    "epsdiluted": -7.21,
    "weightedAverageShsOut": 103100000,
    "weightedAverageShsOutDil": 103600000,
    "link": "https://www.sec.gov/Archives/edgar/data/8818/000095012310018494/0000950123-10-018494-index.htm",
    "finalLink": "https://www.sec.gov/Archives/edgar/data/8818/000095012310018494/v55308e10vk.htm"
  },
  {
    "date": "2008-12-27",
    "symbol": "AVY",
    "reportedCurrency": "USD",
    "cik": "0000008818",
    "fillingDate": "2009-02-25",
    "acceptedDate": "2009-02-25 17:22:29",
    "calendarYear": "2008",
    "period": "FY",
    "revenue": 6710400000,
    "costOfRevenue": 4983400000,
    "grossProfit": 1727000000,
    "grossProfitRatio": 0.2573617072,
    "researchAndDevelopmentExpenses": 94000000,
    "generalAndAdministrativeExpenses": 0,
    "sellingAndMarketingExpenses": 0,
    "sellingGeneralAndAdministrativeExpenses": 1186200000,
    "otherExpenses": 0,
    "operatingExpenses": 1280200000,
    "costAndExpenses": 6263600000,
    "interestIncome": 0,
    "interestExpense": 115900000,
    "depreciationAndAmortization": 278400000,
    "ebitda": 664900000,
    "ebitdaratio": 0.0990850024,
    "operatingIncome": 446800000,
    "operatingIncomeRatio": 0.0665832141,
    "totalOtherIncomeExpensesNet": -176200000,
    "incomeBeforeTax": 270600000,
    "incomeBeforeTaxRatio": 0.0403254649,
    "incomeTaxExpense": 4500000,
    "netIncome": 266100000,
    "netIncomeRatio": 0.0396548641,
    "eps": 2.7,
    "epsdiluted": 2.7,
    "weightedAverageShsOut": 98400000,
    "weightedAverageShsOutDil": 98700000,
    "link": "https://www.sec.gov/Archives/edgar/data/8818/000095014809000021/0000950148-09-000021-index.htm",
    "finalLink": "https://www.sec.gov/Archives/edgar/data/8818/000095014809000021/v51532e10vk.htm"
  },
  {
    "date": "2007-12-29",
    "symbol": "AVY",
    "reportedCurrency": "USD",
    "cik": "0000008818",
    "fillingDate": "2008-02-27",
    "acceptedDate": "2008-02-27 15:45:11",
    "calendarYear": "2007",
    "period": "FY",
    "revenue": 6307800000,
    "costOfRevenue": 4585400000,
    "grossProfit": 1722400000,
    "grossProfitRatio": 0.2730587527,
    "researchAndDevelopmentExpenses": 95500000,
    "generalAndAdministrativeExpenses": 0,
    "sellingAndMarketingExpenses": 0,
    "sellingGeneralAndAdministrativeExpenses": 1047000000,
    "otherExpenses": 0,
    "operatingExpenses": 1142500000,
    "costAndExpenses": 5727900000,
    "interestIncome": 0,
    "interestExpense": 0,
    "depreciationAndAmortization": 234600000,
    "ebitda": 715100000,
    "ebitdaratio": 0.1133675767,
    "operatingIncome": 579900000,
    "operatingIncomeRatio": 0.0919337963,
    "totalOtherIncomeExpensesNet": -204600000,
    "incomeBeforeTax": 375300000,
    "incomeBeforeTaxRatio": 0.0594977647,
    "incomeTaxExpense": 71800000,
    "netIncome": 303500000,
    "netIncomeRatio": 0.0481150322,
    "eps": 3.09,
    "epsdiluted": 3.07,
    "weightedAverageShsOut": 98100000,
    "weightedAverageShsOutDil": 98900000,
    "link": "https://www.sec.gov/Archives/edgar/data/8818/000095013408003581/0000950134-08-003581-index.htm",
    "finalLink": "https://www.sec.gov/Archives/edgar/data/8818/000095013408003581/a38006e10vk.htm"
  },
  {
    "date": "2006-12-30",
    "symbol": "AVY",
    "reportedCurrency": "USD",
    "cik": "0000008818",
    "fillingDate": "2007-02-28",
    "acceptedDate": "2007-02-28 15:25:44",
    "calendarYear": "2006",
    "period": "FY",
    "revenue": 5575900000,
    "costOfRevenue": 4047500000,
    "grossProfit": 1528400000,
    "grossProfitRatio": 0.2741082157,
    "researchAndDevelopmentExpenses": 87900000,
    "generalAndAdministrativeExpenses": 0,
    "sellingAndMarketingExpenses": 0,
    "sellingGeneralAndAdministrativeExpenses": 923200000,
    "otherExpenses": 0,
    "operatingExpenses": 1011100000,
    "costAndExpenses": 5058600000,
    "interestIncome": 0,
    "interestExpense": 0,
    "depreciationAndAmortization": 197400000,
    "ebitda": 678500000,
    "ebitdaratio": 0.1216843918,
    "operatingIncome": 517299999,
    "operatingIncomeRatio": 0.0927742605,
    "totalOtherIncomeExpensesNet": -91699999,
    "incomeBeforeTax": 425600000,
    "incomeBeforeTaxRatio": 0.0763284851,
    "incomeTaxExpense": 73100000,
    "netIncome": 367200000,
    "netIncomeRatio": 0.0658548396,
    "eps": 3.74,
    "epsdiluted": 3.72,
    "weightedAverageShsOut": 99800000,
    "weightedAverageShsOutDil": 100400000,
    "link": "https://www.sec.gov/Archives/edgar/data/8818/000095013407004370/0000950134-07-004370-index.htm",
    "finalLink": "https://www.sec.gov/Archives/edgar/data/8818/000095013407004370/a27721e10vk.htm"
  },
  {
    "date": "2005-12-31",
    "symbol": "AVY",
    "reportedCurrency": "USD",
    "cik": "0000008818",
    "fillingDate": "2006-03-15",
    "acceptedDate": "2006-03-15 14:39:54",
    "calendarYear": "2005",
    "period": "FY",
    "revenue": 5473500000,
    "costOfRevenue": 3852400000,
    "grossProfit": 1621100000,
    "grossProfitRatio": 0.2961724673,
    "researchAndDevelopmentExpenses": 85400000,
    "generalAndAdministrativeExpenses": 0,
    "sellingAndMarketingExpenses": 0,
    "sellingGeneralAndAdministrativeExpenses": 1047400000,
    "otherExpenses": 0,
    "operatingExpenses": 1132800000,
    "costAndExpenses": 4985200000,
    "interestIncome": 0,
    "interestExpense": 0,
    "depreciationAndAmortization": 201500000,
    "ebitda": 626200000,
    "ebitdaratio": 0.1144057733,
    "operatingIncome": 488300000,
    "operatingIncomeRatio": 0.0892116562,
    "totalOtherIncomeExpensesNet": -121500000,
    "incomeBeforeTax": 366800000,
    "incomeBeforeTaxRatio": 0.0670137937,
    "incomeTaxExpense": 75000000,
    "netIncome": 226400000,
    "netIncomeRatio": 0.0413629305,
    "eps": 2.27,
    "epsdiluted": 2.26,
    "weightedAverageShsOut": 100100000,
    "weightedAverageShsOutDil": 100500000,
    "link": "https://www.sec.gov/Archives/edgar/data/8818/000095012906002659/0000950129-06-002659-index.htm",
    "finalLink": "https://www.sec.gov/Archives/edgar/data/8818/000095012906002659/a18251e10vk.htm"
  },
  {
    "date": "2005-01-01",
    "symbol": "AVY",
    "reportedCurrency": "USD",
    "cik": "0000008818",
    "fillingDate": "2005-03-17",
    "acceptedDate": "2005-03-17 17:05:35",
    "calendarYear": "2004",
    "period": "FY",
    "revenue": 5317000000,
    "costOfRevenue": 3742000000,
    "grossProfit": 1575000000,
    "grossProfitRatio": 0.2962196727,
    "researchAndDevelopmentExpenses": 81800000,
    "generalAndAdministrativeExpenses": 0,
    "sellingAndMarketingExpenses": 0,
    "sellingGeneralAndAdministrativeExpenses": 1024000000,
    "otherExpenses": 0,
    "operatingExpenses": 1105800000,
    "costAndExpenses": 4847800000,
    "interestIncome": 0,
    "interestExpense": 0,
    "depreciationAndAmortization": 188200000,
    "ebitda": 622200000,
    "ebitdaratio": 0.1170208764,
    "operatingIncome": 469200000,
    "operatingIncomeRatio": 0.0882452511,
    "totalOtherIncomeExpensesNet": -93900000,
    "incomeBeforeTax": 375300000,
    "incomeBeforeTaxRatio": 0.0705849163,
    "incomeTaxExpense": 93700000,
    "netIncome": 279700000,
    "netIncomeRatio": 0.0526048524,
    "eps": 2.8,
    "epsdiluted": 2.78,
    "weightedAverageShsOut": 99900000,
    "weightedAverageShsOutDil": 100500000,
    "link": "https://www.sec.gov/Archives/edgar/data/8818/000119312505054130/0001193125-05-054130-index.htm",
    "finalLink": "https://www.sec.gov/Archives/edgar/data/8818/000119312505054130/d10k.htm"
  },
  {
    "date": "2003-12-27",
    "symbol": "AVY",
    "reportedCurrency": "USD",
    "cik": "0000008818",
    "fillingDate": "2004-03-11",
    "acceptedDate": "2004-03-11 16:57:16",
    "calendarYear": "2003",
    "period": "FY",
    "revenue": 4762600000,
    "costOfRevenue": 3304600000,
    "grossProfit": 1458000000,
    "grossProfitRatio": 0.3061353042,
    "researchAndDevelopmentExpenses": 0,
    "generalAndAdministrativeExpenses": 0,
    "sellingAndMarketingExpenses": 0,
    "sellingGeneralAndAdministrativeExpenses": 1034900000,
    "otherExpenses": 0,
    "operatingExpenses": 1034900000,
    "costAndExpenses": 4339500000,
    "interestIncome": 0,
    "interestExpense": 0,
    "depreciationAndAmortization": 179300000,
    "ebitda": 609100000,
    "ebitdaratio": 0.1278923277,
    "operatingIncome": 423100000,
    "operatingIncomeRatio": 0.0888380296,
    "totalOtherIncomeExpensesNet": -84600000,
    "incomeBeforeTax": 334900000,
    "incomeBeforeTaxRatio": 0.0703187335,
    "incomeTaxExpense": 92100000,
    "netIncome": 267900000,
    "netIncomeRatio": 0.0562507874,
    "eps": 2.69,
    "epsdiluted": 2.67,
    "weightedAverageShsOut": 99400000,
    "weightedAverageShsOutDil": 100000000,
    "link": "https://www.sec.gov/Archives/edgar/data/8818/000119312504039235/0001193125-04-039235-index.htm",
    "finalLink": "https://www.sec.gov/Archives/edgar/data/8818/000119312504039235/d10k.htm"
  },
  {
    "date": "2002-12-28",
    "symbol": "AVY",
    "reportedCurrency": "USD",
    "cik": "0000008818",
    "fillingDate": "2003-03-28",
    "acceptedDate": "2003-03-28 16:49:07",
    "calendarYear": "2002",
    "period": "FY",
    "revenue": 4206900000,
    "costOfRevenue": 2853200000,
    "grossProfit": 1353700000,
    "grossProfitRatio": 0.3217808838,
    "researchAndDevelopmentExpenses": 0,
    "generalAndAdministrativeExpenses": 0,
    "sellingAndMarketingExpenses": 0,
    "sellingGeneralAndAdministrativeExpenses": 913100000,
    "otherExpenses": 0,
    "operatingExpenses": 913100000,
    "costAndExpenses": 3766300000,
    "interestIncome": 0,
    "interestExpense": 0,
    "depreciationAndAmortization": 152800000,
    "ebitda": 583900000,
    "ebitdaratio": 0.1387957879,
    "operatingIncome": 440600000,
    "operatingIncomeRatio": 0.104732701,
    "totalOtherIncomeExpensesNet": -76800000,
    "incomeBeforeTax": 364800000,
    "incomeBeforeTaxRatio": 0.086714683,
    "incomeTaxExpense": 107600000,
    "netIncome": 257200000,
    "netIncomeRatio": 0.0611376548,
    "eps": 2.61,
    "epsdiluted": 2.59,
    "weightedAverageShsOut": 98500000,
    "weightedAverageShsOutDil": 99400000,
    "link": "https://www.sec.gov/Archives/edgar/data/8818/000089843003002164/0000898430-03-002164-index.htm",
    "finalLink": "https://www.sec.gov/Archives/edgar/data/8818/000089843003002164/d10k.htm"
  },
  {
    "date": "2001-12-29",
    "symbol": "AVY",
    "reportedCurrency": "USD",
    "cik": "0000008818",
    "fillingDate": "2002-12-27",
    "acceptedDate": "2002-12-27 15:46:27",
    "calendarYear": "2001",
    "period": "FY",
    "revenue": 3803300000,
    "costOfRevenue": 2563100000,
    "grossProfit": 1240200000,
    "grossProfitRatio": 0.3260852418,
    "researchAndDevelopmentExpenses": 0,
    "generalAndAdministrativeExpenses": 0,
    "sellingAndMarketingExpenses": 0,
    "sellingGeneralAndAdministrativeExpenses": 830500000,
    "otherExpenses": 0,
    "operatingExpenses": 830500000,
    "costAndExpenses": 3393600000,
    "interestIncome": 0,
    "interestExpense": 0,
    "depreciationAndAmortization": 156000000,
    "ebitda": 555700000,
    "ebitdaratio": 0.1461099571,
    "operatingIncome": 409700000,
    "operatingIncomeRatio": 0.1077222412,
    "totalOtherIncomeExpensesNet": -50400000,
    "incomeBeforeTax": 359800000,
    "incomeBeforeTaxRatio": 0.0946020561,
    "incomeTaxExpense": 116400000,
    "netIncome": 243200000,
    "netIncomeRatio": 0.0639444693,
    "eps": 2.49,
    "epsdiluted": 2.47,
    "weightedAverageShsOut": 97800000,
    "weightedAverageShsOutDil": 98600000,
    "link": "https://www.sec.gov/Archives/edgar/data/8818/000089843002004661/0000898430-02-004661-index.htm",
    "finalLink": "https://www.sec.gov/Archives/edgar/data/8818/000089843002004661/d10ka.htm"
  },
  {
    "date": "2000-12-30",
    "symbol": "AVY",
    "reportedCurrency": "USD",
    "cik": "0000008818",
    "fillingDate": "2001-03-29",
    "acceptedDate": "2001-03-29 00:00:00",
    "calendarYear": "2000",
    "period": "FY",
    "revenue": 3893500000,
    "costOfRevenue": 2404400000,
    "grossProfit": 1489100000,
    "grossProfitRatio": 0.3824579427,
    "researchAndDevelopmentExpenses": 0,
    "generalAndAdministrativeExpenses": 0,
    "sellingAndMarketingExpenses": 0,
    "sellingGeneralAndAdministrativeExpenses": 851300000,
    "otherExpenses": 156900000,
    "operatingExpenses": 1008200000,
    "costAndExpenses": 3412600000,
    "interestIncome": 0,
    "interestExpense": 0,
    "depreciationAndAmortization": 156900000,
    "ebitda": 637800000,
    "ebitdaratio": 0.1638114807,
    "operatingIncome": 480900000,
    "operatingIncomeRatio": 0.1235135482,
    "totalOtherIncomeExpensesNet": -54600000,
    "incomeBeforeTax": 426300000,
    "incomeBeforeTaxRatio": 0.1094901759,
    "incomeTaxExpense": 142800000,
    "netIncome": 283500000,
    "netIncomeRatio": 0.0728136638,
    "eps": 2.88,
    "epsdiluted": 2.84,
    "weightedAverageShsOut": 98300000,
    "weightedAverageShsOutDil": 99800000,
    "link": "https://www.sec.gov/Archives/edgar/data/8818/000089843001500041/0000898430-01-500041-index.htm",
    "finalLink": "https://www.sec.gov/Archives/edgar/data/8818/000089843001500041/d10k405.txt"
  },
  {
    "date": "2000-01-01",
    "symbol": "AVY",
    "reportedCurrency": "USD",
    "cik": "0000008818",
    "fillingDate": "2000-03-30",
    "acceptedDate": "2000-03-30 00:00:00",
    "calendarYear": "1999",
    "period": "FY",
    "revenue": 3768200000,
    "costOfRevenue": 2336400000,
    "grossProfit": 1431800000,
    "grossProfitRatio": 0.3799692161,
    "researchAndDevelopmentExpenses": 0,
    "generalAndAdministrativeExpenses": 0,
    "sellingAndMarketingExpenses": 0,
    "sellingGeneralAndAdministrativeExpenses": 842600000,
    "otherExpenses": 150400000,
    "operatingExpenses": 993000000,
    "costAndExpenses": 3329400000,
    "interestIncome": 0,
    "interestExpense": 0,
    "depreciationAndAmortization": 150400000,
    "ebitda": 589200000,
    "ebitdaratio": 0.1563611273,
    "operatingIncome": 438800000,
    "operatingIncomeRatio": 0.1164481715,
    "totalOtherIncomeExpensesNet": -108400000,
    "incomeBeforeTax": 330400000,
    "incomeBeforeTaxRatio": 0.087681121,
    "incomeTaxExpense": 115000000,
    "netIncome": 215400000,
    "netIncomeRatio": 0.057162571,
    "eps": 2.17,
    "epsdiluted": 2.13,
    "weightedAverageShsOut": 99200000,
    "weightedAverageShsOutDil": 101300000,
    "link": "https://www.sec.gov/Archives/edgar/data/8818/000110465900000110/0001104659-00-000110-index.html",
    "finalLink": "https://www.sec.gov/Archives/edgar/data/8818/000110465900000110/"
  },
  {
    "date": "1999-01-02",
    "symbol": "AVY",
    "reportedCurrency": "USD",
    "cik": "0000008818",
    "fillingDate": "1999-03-31",
    "acceptedDate": "1999-03-31 00:00:00",
    "calendarYear": "1998",
    "period": "FY",
    "revenue": 3459900000,
    "costOfRevenue": 2188200000,
    "grossProfit": 1271700000,
    "grossProfitRatio": 0.3675539755,
    "researchAndDevelopmentExpenses": 0,
    "generalAndAdministrativeExpenses": 0,
    "sellingAndMarketingExpenses": 0,
    "sellingGeneralAndAdministrativeExpenses": 773200000,
    "otherExpenses": 127200000,
    "operatingExpenses": 900400000,
    "costAndExpenses": 3088600000,
    "interestIncome": 0,
    "interestExpense": 0,
    "depreciationAndAmortization": 127200000,
    "ebitda": 498500000,
    "ebitdaratio": 0.1440793087,
    "operatingIncome": 371300000,
    "operatingIncomeRatio": 0.1073152403,
    "totalOtherIncomeExpensesNet": -34600000,
    "incomeBeforeTax": 336700000,
    "incomeBeforeTaxRatio": 0.0973149513,
    "incomeTaxExpense": 113400000,
    "netIncome": 223300000,
    "netIncomeRatio": 0.0645394376,
    "eps": 2.2,
    "epsdiluted": 2.15,
    "weightedAverageShsOut": 101500000,
    "weightedAverageShsOutDil": 104100000,
    "link": "https://www.sec.gov/Archives/edgar/data/8818/000089843099001342/0000898430-99-001342-index.html",
    "finalLink": "https://www.sec.gov/Archives/edgar/data/8818/"
  },
  {
    "date": "1997-12-27",
    "symbol": "AVY",
    "reportedCurrency": "USD",
    "cik": "0000008818",
    "fillingDate": "1998-03-26",
    "acceptedDate": "1998-03-26 00:00:00",
    "calendarYear": "1997",
    "period": "FY",
    "revenue": 3345700000,
    "costOfRevenue": 2146200000,
    "grossProfit": 1199500000,
    "grossProfitRatio": 0.3585198912,
    "researchAndDevelopmentExpenses": 0,
    "generalAndAdministrativeExpenses": 0,
    "sellingAndMarketingExpenses": 0,
    "sellingGeneralAndAdministrativeExpenses": 739800000,
    "otherExpenses": 116800000,
    "operatingExpenses": 856600000,
    "costAndExpenses": 3002800000,
    "interestIncome": 0,
    "interestExpense": 0,
    "depreciationAndAmortization": 116800000,
    "ebitda": 459700000,
    "ebitdaratio": 0.1374002451,
    "operatingIncome": 342900000,
    "operatingIncomeRatio": 0.102489763,
    "totalOtherIncomeExpensesNet": -31700000,
    "incomeBeforeTax": 311200000,
    "incomeBeforeTaxRatio": 0.0930149147,
    "incomeTaxExpense": 106400000,
    "netIncome": 204800000,
    "netIncomeRatio": 0.0612129001,
    "eps": 1.99,
    "epsdiluted": 1.93,
    "weightedAverageShsOut": 102914573,
    "weightedAverageShsOutDil": 106113990,
    "link": "https://www.sec.gov/Archives/edgar/data/8818/000089843098001084/0000898430-98-001084-index.html",
    "finalLink": "https://www.sec.gov/Archives/edgar/data/8818/"
  },
  {
    "date": "1996-12-28",
    "symbol": "AVY",
    "reportedCurrency": "USD",
    "cik": "0000008818",
    "fillingDate": "1997-03-28",
    "acceptedDate": "1997-03-28 00:00:00",
    "calendarYear": "1996",
    "period": "FY",
    "revenue": 3222500000,
    "costOfRevenue": 2090800000,
    "grossProfit": 1131700000,
    "grossProfitRatio": 0.3511869666,
    "researchAndDevelopmentExpenses": 0,
    "generalAndAdministrativeExpenses": 0,
    "sellingAndMarketingExpenses": 0,
    "sellingGeneralAndAdministrativeExpenses": 712400000,
    "otherExpenses": 113400000,
    "operatingExpenses": 825800000,
    "costAndExpenses": 2916600000,
    "interestIncome": 0,
    "interestExpense": 0,
    "depreciationAndAmortization": 113400000,
    "ebitda": 419300000,
    "ebitdaratio": 0.1301163693,
    "operatingIncome": 305900000,
    "operatingIncomeRatio": 0.0949262995,
    "totalOtherIncomeExpensesNet": -35300000,
    "incomeBeforeTax": 270600000,
    "incomeBeforeTaxRatio": 0.0839720714,
    "incomeTaxExpense": 94700000,
    "netIncome": 175900000,
    "netIncomeRatio": 0.0545849496,
    "eps": 1.68,
    "epsdiluted": 1.63,
    "weightedAverageShsOut": 104702381,
    "weightedAverageShsOutDil": 107914110,
    "link": "https://www.sec.gov/Archives/edgar/data/8818/000089843097001251/0000898430-97-001251-index.html",
    "finalLink": "https://www.sec.gov/Archives/edgar/data/8818/"
  },
  {
    "date": "1995-12-30",
    "symbol": "AVY",
    "reportedCurrency": "USD",
    "cik": "0000008818",
    "fillingDate": "1996-03-29",
    "acceptedDate": "1996-03-29 00:00:00",
    "calendarYear": "1995",
    "period": "FY",
    "revenue": 3113900000,
    "costOfRevenue": 2048700000,
    "grossProfit": 1065200000,
    "grossProfitRatio": 0.3420790648,
    "researchAndDevelopmentExpenses": 0,
    "generalAndAdministrativeExpenses": 0,
    "sellingAndMarketingExpenses": 0,
    "sellingGeneralAndAdministrativeExpenses": 689800000,
    "otherExpenses": 107900000,
    "operatingExpenses": 797700000,
    "costAndExpenses": 2846400000,
    "interestIncome": 0,
    "interestExpense": 0,
    "depreciationAndAmortization": 107900000,
    "ebitda": 375400000,
    "ebitdaratio": 0.1205562157,
    "operatingIncome": 267500000,
    "operatingIncomeRatio": 0.085905135,
    "totalOtherIncomeExpensesNet": -42800000,
    "incomeBeforeTax": 224700000,
    "incomeBeforeTaxRatio": 0.0721603134,
    "incomeTaxExpense": 81000000,
    "netIncome": 143700000,
    "netIncomeRatio": 0.0461479174,
    "eps": 1.35,
    "epsdiluted": 1.35,
    "weightedAverageShsOut": 106600000,
    "weightedAverageShsOutDil": 106600000,
    "link": "https://www.sec.gov/Archives/edgar/data/8818/000089843096001108/0000898430-96-001108-index.html",
    "finalLink": "https://www.sec.gov/Archives/edgar/data/8818/"
  },
  {
    "date": "1994-12-31",
    "symbol": "AVY",
    "reportedCurrency": "USD",
    "cik": "0000008818",
    "fillingDate": "1995-03-30",
    "acceptedDate": "1995-03-30 00:00:00",
    "calendarYear": "1994",
    "period": "FY",
    "revenue": 2856700000,
    "costOfRevenue": 1846400000,
    "grossProfit": 1010300000,
    "grossProfitRatio": 0.3536598173,
    "researchAndDevelopmentExpenses": 0,
    "generalAndAdministrativeExpenses": 0,
    "sellingAndMarketingExpenses": 0,
    "sellingGeneralAndAdministrativeExpenses": 691900000,
    "otherExpenses": 102500000,
    "operatingExpenses": 794400000,
    "costAndExpenses": 2640800000,
    "interestIncome": 0,
    "interestExpense": 0,
    "depreciationAndAmortization": 102500000,
    "ebitda": 318400000,
    "ebitdaratio": 0.1114572759,
    "operatingIncome": 215900000,
    "operatingIncomeRatio": 0.0755767144,
    "totalOtherIncomeExpensesNet": -43000000,
    "incomeBeforeTax": 172900000,
    "incomeBeforeTaxRatio": 0.0605243813,
    "incomeTaxExpense": 63500000,
    "netIncome": 109400000,
    "netIncomeRatio": 0.0382959359,
    "eps": 0.99,
    "epsdiluted": 0.99,
    "weightedAverageShsOut": 111200000,
    "weightedAverageShsOutDil": 111200000,
    "link": "https://www.sec.gov/Archives/edgar/data/8818/000089843095000424/0000898430-95-000424-index.html",
    "finalLink": "https://www.sec.gov/Archives/edgar/data/8818/"
  },
  {
    "date": "1994-01-01",
    "symbol": "AVY",
    "reportedCurrency": "USD",
    "cik": "0000008818",
    "fillingDate": "1994-03-18",
    "acceptedDate": "1994-03-18 00:00:00",
    "calendarYear": "1993",
    "period": "FY",
    "revenue": 2608700000,
    "costOfRevenue": 1695200000,
    "grossProfit": 913500000,
    "grossProfitRatio": 0.3501744164,
    "researchAndDevelopmentExpenses": 0,
    "generalAndAdministrativeExpenses": 0,
    "sellingAndMarketingExpenses": 0,
    "sellingGeneralAndAdministrativeExpenses": 642700000,
    "otherExpenses": 95400000,
    "operatingExpenses": 738100000,
    "costAndExpenses": 2433300000,
    "interestIncome": 0,
    "interestExpense": 0,
    "depreciationAndAmortization": 95400000,
    "ebitda": 270800000,
    "ebitdaratio": 0.1038064937,
    "operatingIncome": 175400000,
    "operatingIncomeRatio": 0.0672365546,
    "totalOtherIncomeExpensesNet": -43200000,
    "incomeBeforeTax": 132200000,
    "incomeBeforeTaxRatio": 0.0506765822,
    "incomeTaxExpense": 48900000,
    "netIncome": 84400000,
    "netIncomeRatio": 0.0323532794,
    "eps": 0.37,
    "epsdiluted": 0.37,
    "weightedAverageShsOut": 112388000,
    "weightedAverageShsOutDil": 112388000,
    "link": "https://www.sec.gov/Archives/edgar/data/8818/000089843094000185/0000898430-94-000185-index.html",
    "finalLink": "https://www.sec.gov/Archives/edgar/data/8818/"
  },
  {
    "date": "1992-12-31",
    "symbol": "AVY",
    "reportedCurrency": "USD",
    "cik": "0000008818",
    "fillingDate": "1992-12-31",
    "acceptedDate": "1992-12-30 19:00:00",
    "calendarYear": "1992",
    "period": "FY",
    "revenue": 2622900000,
    "costOfRevenue": 1690800000,
    "grossProfit": 932100000,
    "grossProfitRatio": 0.3553700103,
    "researchAndDevelopmentExpenses": 0,
    "generalAndAdministrativeExpenses": 0,
    "sellingAndMarketingExpenses": 0,
    "sellingGeneralAndAdministrativeExpenses": 665700000,
    "otherExpenses": 93900000,
    "operatingExpenses": 759600000,
    "costAndExpenses": 2450400000,
    "interestIncome": 0,
    "interestExpense": 0,
    "depreciationAndAmortization": 93900000,
    "ebitda": 266400000,
    "ebitdaratio": 0.1015669679,
    "operatingIncome": 172500000,
    "operatingIncomeRatio": 0.0657668992,
    "totalOtherIncomeExpensesNet": -42300000,
    "incomeBeforeTax": 130200000,
    "incomeBeforeTaxRatio": 0.0496397118,
    "incomeTaxExpense": 50100000,
    "netIncome": 80100000,
    "netIncomeRatio": 0.0305387167,
    "eps": 0.34,
    "epsdiluted": 0.34,
    "weightedAverageShsOut": 117748000,
    "weightedAverageShsOutDil": 117748000,
    "link": "",
    "finalLink": ""
  },
  {
    "date": "1991-12-31",
    "symbol": "AVY",
    "reportedCurrency": "USD",
    "cik": "0000008818",
    "fillingDate": "1991-12-31",
    "acceptedDate": "1991-12-30 19:00:00",
    "calendarYear": "1991",
    "period": "FY",
    "revenue": 2545100000,
    "costOfRevenue": 1656600000,
    "grossProfit": 888500000,
    "grossProfitRatio": 0.3491021964,
    "researchAndDevelopmentExpenses": 0,
    "generalAndAdministrativeExpenses": 0,
    "sellingAndMarketingExpenses": 0,
    "sellingGeneralAndAdministrativeExpenses": 653900000,
    "otherExpenses": 92300000,
    "operatingExpenses": 746200000,
    "costAndExpenses": 2402800000,
    "interestIncome": 0,
    "interestExpense": 0,
    "depreciationAndAmortization": 92300000,
    "ebitda": 234600000,
    "ebitdaratio": 0.0921771247,
    "operatingIncome": 142300000,
    "operatingIncomeRatio": 0.0559113591,
    "totalOtherIncomeExpensesNet": -37500000,
    "incomeBeforeTax": 104800000,
    "incomeBeforeTaxRatio": 0.041177164,
    "incomeTaxExpense": 41800000,
    "netIncome": 63000000,
    "netIncomeRatio": 0.0247534478,
    "eps": 0.26,
    "epsdiluted": 0.26,
    "weightedAverageShsOut": 124126000,
    "weightedAverageShsOutDil": 124126000,
    "link": "",
    "finalLink": ""
  },
  {
    "date": "1990-12-31",
    "symbol": "AVY",
    "reportedCurrency": "USD",
    "cik": "0000008818",
    "fillingDate": "1990-12-31",
    "acceptedDate": "1990-12-30 19:00:00",
    "calendarYear": "1990",
    "period": "FY",
    "revenue": 2590200000,
    "costOfRevenue": 1691800000,
    "grossProfit": 898400000,
    "grossProfitRatio": 0.3468458034,
    "researchAndDevelopmentExpenses": 0,
    "generalAndAdministrativeExpenses": 0,
    "sellingAndMarketingExpenses": 0,
    "sellingGeneralAndAdministrativeExpenses": 752700000,
    "otherExpenses": 90100000,
    "operatingExpenses": 842800000,
    "costAndExpenses": 2534600000,
    "interestIncome": 0,
    "interestExpense": 0,
    "depreciationAndAmortization": 90100000,
    "ebitda": 145700000,
    "ebitdaratio": 0.0562504826,
    "operatingIncome": 55600000,
    "operatingIncomeRatio": 0.0214655239,
    "totalOtherIncomeExpensesNet": -40000000,
    "incomeBeforeTax": 15600000,
    "incomeBeforeTaxRatio": 0.0060227009,
    "incomeTaxExpense": 9700000,
    "netIncome": 5900000,
    "netIncomeRatio": 0.0022778164,
    "eps": 0.03,
    "epsdiluted": 0.03,
    "weightedAverageShsOut": 123962000,
    "weightedAverageShsOutDil": 123962000,
    "link": "",
    "finalLink": ""
  },
  {
    "date": "1989-11-30",
    "symbol": "AVY",
    "reportedCurrency": "USD",
    "cik": "0000008818",
    "fillingDate": "1989-11-30",
    "acceptedDate": "1989-11-29 19:00:00",
    "calendarYear": "1989",
    "period": "FY",
    "revenue": 1732400000,
    "costOfRevenue": 1142600000,
    "grossProfit": 589800000,
    "grossProfitRatio": 0.3404525514,
    "researchAndDevelopmentExpenses": 0,
    "generalAndAdministrativeExpenses": 0,
    "sellingAndMarketingExpenses": 0,
    "sellingGeneralAndAdministrativeExpenses": 385300000,
    "otherExpenses": 42900000,
    "operatingExpenses": 428200000,
    "costAndExpenses": 1570800000,
    "interestIncome": 0,
    "interestExpense": 0,
    "depreciationAndAmortization": 42900000,
    "ebitda": 204500000,
    "ebitdaratio": 0.1180443316,
    "operatingIncome": 161600000,
    "operatingIncomeRatio": 0.0932809975,
    "totalOtherIncomeExpensesNet": -22500000,
    "incomeBeforeTax": 139100000,
    "incomeBeforeTaxRatio": 0.0802932348,
    "incomeTaxExpense": 52600000,
    "netIncome": 86500000,
    "netIncomeRatio": 0.0499307319,
    "eps": 0.49,
    "epsdiluted": 0.49,
    "weightedAverageShsOut": 88464000,
    "weightedAverageShsOutDil": 88464000,
    "link": "",
    "finalLink": ""
  },
  {
    "date": "1988-11-30",
    "symbol": "AVY",
    "reportedCurrency": "USD",
    "cik": "0000008818",
    "fillingDate": "1988-11-30",
    "acceptedDate": "1988-11-29 19:00:00",
    "calendarYear": "1988",
    "period": "FY",
    "revenue": 1582000000,
    "costOfRevenue": 1023300000,
    "grossProfit": 558700000,
    "grossProfitRatio": 0.3531605563,
    "researchAndDevelopmentExpenses": 0,
    "generalAndAdministrativeExpenses": 0,
    "sellingAndMarketingExpenses": 0,
    "sellingGeneralAndAdministrativeExpenses": 367700000,
    "otherExpenses": 39300000,
    "operatingExpenses": 407000000,
    "costAndExpenses": 1430300000,
    "interestIncome": 0,
    "interestExpense": 0,
    "depreciationAndAmortization": 39300000,
    "ebitda": 191000000,
    "ebitdaratio": 0.1207332491,
    "operatingIncome": 151700000,
    "operatingIncomeRatio": 0.0958912769,
    "totalOtherIncomeExpensesNet": -23900000,
    "incomeBeforeTax": 127800000,
    "incomeBeforeTaxRatio": 0.080783818,
    "incomeTaxExpense": 50100000,
    "netIncome": 77700000,
    "netIncomeRatio": 0.0491150442,
    "eps": 0.45,
    "epsdiluted": 0.45,
    "weightedAverageShsOut": 88162000,
    "weightedAverageShsOutDil": 88162000,
    "link": "",
    "finalLink": ""
  },
  {
    "date": "1987-11-30",
    "symbol": "AVY",
    "reportedCurrency": "USD",
    "cik": "0000008818",
    "fillingDate": "1987-11-30",
    "acceptedDate": "1987-11-29 19:00:00",
    "calendarYear": "1987",
    "period": "FY",
    "revenue": 1465500000,
    "costOfRevenue": 945000000,
    "grossProfit": 520500000,
    "grossProfitRatio": 0.3551688843,
    "researchAndDevelopmentExpenses": 0,
    "generalAndAdministrativeExpenses": 0,
    "sellingAndMarketingExpenses": 0,
    "sellingGeneralAndAdministrativeExpenses": 359500000,
    "otherExpenses": 36300000,
    "operatingExpenses": 395800000,
    "costAndExpenses": 1340800000,
    "interestIncome": 0,
    "interestExpense": 0,
    "depreciationAndAmortization": 36300000,
    "ebitda": 161000000,
    "ebitdaratio": 0.109860116,
    "operatingIncome": 124700000,
    "operatingIncomeRatio": 0.0850904128,
    "totalOtherIncomeExpensesNet": -46800000,
    "incomeBeforeTax": 77900000,
    "incomeBeforeTaxRatio": 0.0531559195,
    "incomeTaxExpense": 43200000,
    "netIncome": 34700000,
    "netIncomeRatio": 0.0236779256,
    "eps": 0.21,
    "epsdiluted": 0.21,
    "weightedAverageShsOut": 85330000,
    "weightedAverageShsOutDil": 85330000,
    "link": "",
    "finalLink": ""
  },
  {
    "date": "1986-11-30",
    "symbol": "AVY",
    "reportedCurrency": "USD",
    "cik": "0000008818",
    "fillingDate": "1986-11-30",
    "acceptedDate": "1986-11-29 19:00:00",
    "calendarYear": "1986",
    "period": "FY",
    "revenue": 1131200000,
    "costOfRevenue": 730100000,
    "grossProfit": 401100000,
    "grossProfitRatio": 0.3545792079,
    "researchAndDevelopmentExpenses": 0,
    "generalAndAdministrativeExpenses": 0,
    "sellingAndMarketingExpenses": 0,
    "sellingGeneralAndAdministrativeExpenses": 273100000,
    "otherExpenses": 26600000,
    "operatingExpenses": 299700000,
    "costAndExpenses": 1029800000,
    "interestIncome": 0,
    "interestExpense": 0,
    "depreciationAndAmortization": 26600000,
    "ebitda": 128000000,
    "ebitdaratio": 0.1131541726,
    "operatingIncome": 101400000,
    "operatingIncomeRatio": 0.0896393211,
    "totalOtherIncomeExpensesNet": -13800000,
    "incomeBeforeTax": 87600000,
    "incomeBeforeTaxRatio": 0.0774398868,
    "incomeTaxExpense": 39000000,
    "netIncome": 48600000,
    "netIncomeRatio": 0.0429632249,
    "eps": 0.16,
    "epsdiluted": 0.16,
    "weightedAverageShsOut": 79704000,
    "weightedAverageShsOutDil": 79704000,
    "link": "",
    "finalLink": ""
  },
  {
    "date": "1985-11-30",
    "symbol": "AVY",
    "reportedCurrency": "USD",
    "cik": "0000008818",
    "fillingDate": "1985-11-30",
    "acceptedDate": "1985-11-29 19:00:00",
    "calendarYear": "1985",
    "period": "FY",
    "revenue": 932700000,
    "costOfRevenue": 599800000,
    "grossProfit": 332900000,
    "grossProfitRatio": 0.3569207677,
    "researchAndDevelopmentExpenses": 0,
    "generalAndAdministrativeExpenses": 0,
    "sellingAndMarketingExpenses": 0,
    "sellingGeneralAndAdministrativeExpenses": 219000000,
    "otherExpenses": 21000000,
    "operatingExpenses": 240000000,
    "costAndExpenses": 839800000,
    "interestIncome": 0,
    "interestExpense": 0,
    "depreciationAndAmortization": 21000000,
    "ebitda": 113900000,
    "ebitdaratio": 0.1221185805,
    "operatingIncome": 92900000,
    "operatingIncomeRatio": 0.0996033022,
    "totalOtherIncomeExpensesNet": -10200000,
    "incomeBeforeTax": 82700000,
    "incomeBeforeTaxRatio": 0.08866731,
    "incomeTaxExpense": 34400000,
    "netIncome": 48300000,
    "netIncomeRatio": 0.0517851399,
    "eps": 0.16,
    "epsdiluted": 0.16,
    "weightedAverageShsOut": 79388000,
    "weightedAverageShsOutDil": 79388000,
    "link": "",
    "finalLink": ""
  }
]