[
  {
    "date": "2025-06-30",
    "symbol": "AWK",
    "reportedCurrency": "USD",
    "cik": "0001410636",
    "fillingDate": "2025-07-30",
    "acceptedDate": "2025-07-30 16:28:50",
    "calendarYear": "2025",
    "period": "Q2",
    "revenue": 1276000000,
    "costOfRevenue": 480000000,
    "grossProfit": 796000000,
    "grossProfitRatio": 0.6238244514,
    "researchAndDevelopmentExpenses": 0,
    "generalAndAdministrativeExpenses": 0,
    "sellingAndMarketingExpenses": 0,
    "sellingGeneralAndAdministrativeExpenses": 0,
    "otherExpenses": 307000000,
    "operatingExpenses": 307000000,
    "costAndExpenses": 787000000,
    "interestIncome": 22000000,
    "interestExpense": 151000000,
    "depreciationAndAmortization": 221000000,
    "ebitda": 748000000,
    "ebitdaratio": 0.5862068966,
    "operatingIncome": 489000000,
    "operatingIncomeRatio": 0.3832288401,
    "totalOtherIncomeExpensesNet": -113000000,
    "incomeBeforeTax": 376000000,
    "incomeBeforeTaxRatio": 0.2946708464,
    "incomeTaxExpense": 87000000,
    "netIncome": 289000000,
    "netIncomeRatio": 0.2264890282,
    "eps": 1.48,
    "epsdiluted": 1.48,
    "weightedAverageShsOut": 195000000,
    "weightedAverageShsOutDil": 195000000,
    "link": "https://www.sec.gov/Archives/edgar/data/1410636/000141063625000150/0001410636-25-000150-index.htm",
    "finalLink": "https://www.sec.gov/Archives/edgar/data/1410636/000141063625000150/awk-20250630.htm"
  },
  {
    "date": "2025-03-31",
    "symbol": "AWK",
    "reportedCurrency": "USD",
    "cik": "0001410636",
    "fillingDate": "2025-04-30",
    "acceptedDate": "2025-04-30 16:26:59",
    "calendarYear": "2025",
    "period": "Q1",
    "revenue": 1142000000,
    "costOfRevenue": 468000000,
    "grossProfit": 674000000,
    "grossProfitRatio": 0.5901926445,
    "researchAndDevelopmentExpenses": 0,
    "generalAndAdministrativeExpenses": 0,
    "sellingAndMarketingExpenses": 0,
    "sellingGeneralAndAdministrativeExpenses": 4000000,
    "otherExpenses": 299000000,
    "operatingExpenses": 303000000,
    "costAndExpenses": 771000000,
    "interestIncome": 22000000,
    "interestExpense": 144000000,
    "depreciationAndAmortization": 216000000,
    "ebitda": 630000000,
    "ebitdaratio": 0.5516637478,
    "operatingIncome": 371000000,
    "operatingIncomeRatio": 0.3248686515,
    "totalOtherIncomeExpensesNet": -101000000,
    "incomeBeforeTax": 270000000,
    "incomeBeforeTaxRatio": 0.2364273205,
    "incomeTaxExpense": 65000000,
    "netIncome": 205000000,
    "netIncomeRatio": 0.1795096322,
    "eps": 1.05,
    "epsdiluted": 1.05,
    "weightedAverageShsOut": 195000000,
    "weightedAverageShsOutDil": 195000000,
    "link": "https://www.sec.gov/Archives/edgar/data/1410636/000141063625000083/0001410636-25-000083-index.htm",
    "finalLink": "https://www.sec.gov/Archives/edgar/data/1410636/000141063625000083/awk-20250331.htm"
  },
  {
    "date": "2024-12-31",
    "symbol": "AWK",
    "reportedCurrency": "USD",
    "cik": "0001410636",
    "fillingDate": "2025-02-19",
    "acceptedDate": "2025-02-19 16:27:57",
    "calendarYear": "2024",
    "period": "Q4",
    "revenue": 1201000000,
    "costOfRevenue": 519000000,
    "grossProfit": 682000000,
    "grossProfitRatio": 0.5678601166,
    "researchAndDevelopmentExpenses": 0,
    "generalAndAdministrativeExpenses": 0,
    "sellingAndMarketingExpenses": 0,
    "sellingGeneralAndAdministrativeExpenses": 5000000,
    "otherExpenses": 277000000,
    "operatingExpenses": 282000000,
    "costAndExpenses": 801000000,
    "interestIncome": 23000000,
    "interestExpense": 136000000,
    "depreciationAndAmortization": 207000000,
    "ebitda": 646000000,
    "ebitdaratio": 0.5378850958,
    "operatingIncome": 400000000,
    "operatingIncomeRatio": 0.3330557868,
    "totalOtherIncomeExpensesNet": -97000000,
    "incomeBeforeTax": 303000000,
    "incomeBeforeTaxRatio": 0.2522897585,
    "incomeTaxExpense": 64000000,
    "netIncome": 239000000,
    "netIncomeRatio": 0.1990008326,
    "eps": 1.23,
    "epsdiluted": 1.23,
    "weightedAverageShsOut": 195000000,
    "weightedAverageShsOutDil": 195000000,
    "link": "https://www.sec.gov/Archives/edgar/data/1410636/000141063625000022/0001410636-25-000022-index.htm",
    "finalLink": "https://www.sec.gov/Archives/edgar/data/1410636/000141063625000022/awk-20241231.htm"
  },
  {
    "date": "2024-09-30",
    "symbol": "AWK",
    "reportedCurrency": "USD",
    "cik": "0001410636",
    "fillingDate": "2024-10-30",
    "acceptedDate": "2024-10-30 16:30:27",
    "calendarYear": "2024",
    "period": "Q3",
    "revenue": 1323000000,
    "costOfRevenue": 496000000,
    "grossProfit": 827000000,
    "grossProfitRatio": 0.6250944822,
    "researchAndDevelopmentExpenses": 0,
    "generalAndAdministrativeExpenses": 0,
    "sellingAndMarketingExpenses": 0,
    "sellingGeneralAndAdministrativeExpenses": 7000000,
    "otherExpenses": 277000000,
    "operatingExpenses": 284000000,
    "costAndExpenses": 780000000,
    "interestIncome": 22000000,
    "interestExpense": 132000000,
    "depreciationAndAmortization": 200000000,
    "ebitda": 785000000,
    "ebitdaratio": 0.5933484505,
    "operatingIncome": 543000000,
    "operatingIncomeRatio": 0.410430839,
    "totalOtherIncomeExpensesNet": -90000000,
    "incomeBeforeTax": 453000000,
    "incomeBeforeTaxRatio": 0.3424036281,
    "incomeTaxExpense": 103000000,
    "netIncome": 350000000,
    "netIncomeRatio": 0.2645502646,
    "eps": 1.79,
    "epsdiluted": 1.79,
    "weightedAverageShsOut": 195000000,
    "weightedAverageShsOutDil": 195000000,
    "link": "https://www.sec.gov/Archives/edgar/data/1410636/000141063624000187/0001410636-24-000187-index.htm",
    "finalLink": "https://www.sec.gov/Archives/edgar/data/1410636/000141063624000187/awk-20240930.htm"
  },
  {
    "date": "2024-06-30",
    "symbol": "AWK",
    "reportedCurrency": "USD",
    "cik": "0001410636",
    "fillingDate": "2024-07-31",
    "acceptedDate": "2024-07-31 16:27:20",
    "calendarYear": "2024",
    "period": "Q2",
    "revenue": 1149000000,
    "costOfRevenue": 427000000,
    "grossProfit": 722000000,
    "grossProfitRatio": 0.6283724978,
    "researchAndDevelopmentExpenses": 0,
    "generalAndAdministrativeExpenses": 0,
    "sellingAndMarketingExpenses": 0,
    "sellingGeneralAndAdministrativeExpenses": 7000000,
    "otherExpenses": 266000000,
    "operatingExpenses": 273000000,
    "costAndExpenses": 701000000,
    "interestIncome": 25000000,
    "interestExpense": 131000000,
    "depreciationAndAmortization": 193000000,
    "ebitda": 649000000,
    "ebitdaratio": 0.5648389904,
    "operatingIncome": 449000000,
    "operatingIncomeRatio": 0.3907745866,
    "totalOtherIncomeExpensesNet": -88000000,
    "incomeBeforeTax": 361000000,
    "incomeBeforeTaxRatio": 0.3141862489,
    "incomeTaxExpense": 84000000,
    "netIncome": 277000000,
    "netIncomeRatio": 0.2410791993,
    "eps": 1.42,
    "epsdiluted": 1.42,
    "weightedAverageShsOut": 195000000,
    "weightedAverageShsOutDil": 195000000,
    "link": "https://www.sec.gov/Archives/edgar/data/1410636/000141063624000134/0001410636-24-000134-index.htm",
    "finalLink": "https://www.sec.gov/Archives/edgar/data/1410636/000141063624000134/awk-20240630.htm"
  },
  {
    "date": "2024-03-31",
    "symbol": "AWK",
    "reportedCurrency": "USD",
    "cik": "0001410636",
    "fillingDate": "2024-05-01",
    "acceptedDate": "2024-05-01 16:29:03",
    "calendarYear": "2024",
    "period": "Q1",
    "revenue": 1011000000,
    "costOfRevenue": 416000000,
    "grossProfit": 595000000,
    "grossProfitRatio": 0.5885262117,
    "researchAndDevelopmentExpenses": 0,
    "generalAndAdministrativeExpenses": 0,
    "sellingAndMarketingExpenses": 0,
    "sellingGeneralAndAdministrativeExpenses": 9000000,
    "otherExpenses": 260000000,
    "operatingExpenses": 269000000,
    "costAndExpenses": 685000000,
    "interestIncome": 24000000,
    "interestExpense": 124000000,
    "depreciationAndAmortization": 188000000,
    "ebitda": 523000000,
    "ebitdaratio": 0.5173095945,
    "operatingIncome": 326000000,
    "operatingIncomeRatio": 0.3224530168,
    "totalOtherIncomeExpensesNet": -84000000,
    "incomeBeforeTax": 242000000,
    "incomeBeforeTaxRatio": 0.2393669634,
    "incomeTaxExpense": 57000000,
    "netIncome": 185000000,
    "netIncomeRatio": 0.1829871414,
    "eps": 0.95,
    "epsdiluted": 0.95,
    "weightedAverageShsOut": 195000000,
    "weightedAverageShsOutDil": 195000000,
    "link": "https://www.sec.gov/Archives/edgar/data/1410636/000141063624000092/0001410636-24-000092-index.htm",
    "finalLink": "https://www.sec.gov/Archives/edgar/data/1410636/000141063624000092/awk-20240331.htm"
  },
  {
    "date": "2023-12-31",
    "symbol": "AWK",
    "reportedCurrency": "USD",
    "cik": "0001410636",
    "fillingDate": "2024-02-14",
    "acceptedDate": "2024-02-14 16:28:14",
    "calendarYear": "2023",
    "period": "Q4",
    "revenue": 1032000000,
    "costOfRevenue": 472000000,
    "grossProfit": 560000000,
    "grossProfitRatio": 0.5426356589,
    "researchAndDevelopmentExpenses": 0,
    "generalAndAdministrativeExpenses": 0,
    "sellingAndMarketingExpenses": 0,
    "sellingGeneralAndAdministrativeExpenses": 6000000,
    "otherExpenses": 255000000,
    "operatingExpenses": 261000000,
    "costAndExpenses": 733000000,
    "interestIncome": 21000000,
    "interestExpense": 118000000,
    "depreciationAndAmortization": 181000000,
    "ebitda": 517000000,
    "ebitdaratio": 0.5009689922,
    "operatingIncome": 299000000,
    "operatingIncomeRatio": 0.2897286822,
    "totalOtherIncomeExpensesNet": -81000000,
    "incomeBeforeTax": 218000000,
    "incomeBeforeTaxRatio": 0.2112403101,
    "incomeTaxExpense": 47000000,
    "netIncome": 171000000,
    "netIncomeRatio": 0.1656976744,
    "eps": 0.88,
    "epsdiluted": 0.88,
    "weightedAverageShsOut": 195000000,
    "weightedAverageShsOutDil": 195000000,
    "link": "https://www.sec.gov/Archives/edgar/data/1410636/000141063624000050/0001410636-24-000050-index.htm",
    "finalLink": "https://www.sec.gov/Archives/edgar/data/1410636/000141063624000050/awk-20231231.htm"
  },
  {
    "date": "2023-09-30",
    "symbol": "AWK",
    "reportedCurrency": "USD",
    "cik": "0001410636",
    "fillingDate": "2023-11-01",
    "acceptedDate": "2023-11-01 16:28:20",
    "calendarYear": "2023",
    "period": "Q3",
    "revenue": 1167000000,
    "costOfRevenue": 436000000,
    "grossProfit": 731000000,
    "grossProfitRatio": 0.6263924593,
    "researchAndDevelopmentExpenses": 0,
    "generalAndAdministrativeExpenses": 0,
    "sellingAndMarketingExpenses": 0,
    "sellingGeneralAndAdministrativeExpenses": 9000000,
    "otherExpenses": 244000000,
    "operatingExpenses": 253000000,
    "costAndExpenses": 689000000,
    "interestIncome": 23000000,
    "interestExpense": 117000000,
    "depreciationAndAmortization": 177000000,
    "ebitda": 701000000,
    "ebitdaratio": 0.6006855184,
    "operatingIncome": 478000000,
    "operatingIncomeRatio": 0.4095972579,
    "totalOtherIncomeExpensesNet": -71000000,
    "incomeBeforeTax": 407000000,
    "incomeBeforeTaxRatio": 0.3487574979,
    "incomeTaxExpense": 84000000,
    "netIncome": 323000000,
    "netIncomeRatio": 0.2767780634,
    "eps": 1.66,
    "epsdiluted": 1.66,
    "weightedAverageShsOut": 195000000,
    "weightedAverageShsOutDil": 195000000,
    "link": "https://www.sec.gov/Archives/edgar/data/1410636/000141063623000122/0001410636-23-000122-index.htm",
    "finalLink": "https://www.sec.gov/Archives/edgar/data/1410636/000141063623000122/awk-20230930.htm"
  },
  {
    "date": "2023-06-30",
    "symbol": "AWK",
    "reportedCurrency": "USD",
    "cik": "0001410636",
    "fillingDate": "2023-07-26",
    "acceptedDate": "2023-07-26 16:27:42",
    "calendarYear": "2023",
    "period": "Q2",
    "revenue": 1097000000,
    "costOfRevenue": 419000000,
    "grossProfit": 678000000,
    "grossProfitRatio": 0.6180492252,
    "researchAndDevelopmentExpenses": 0,
    "generalAndAdministrativeExpenses": 0,
    "sellingAndMarketingExpenses": 0,
    "sellingGeneralAndAdministrativeExpenses": 8000000,
    "otherExpenses": 238000000,
    "operatingExpenses": 246000000,
    "costAndExpenses": 665000000,
    "interestIncome": 15000000,
    "interestExpense": 110000000,
    "depreciationAndAmortization": 174000000,
    "ebitda": 641000000,
    "ebitdaratio": 0.5843208751,
    "operatingIncome": 432000000,
    "operatingIncomeRatio": 0.3938012762,
    "totalOtherIncomeExpensesNet": -75000000,
    "incomeBeforeTax": 357000000,
    "incomeBeforeTaxRatio": 0.3254329991,
    "incomeTaxExpense": 77000000,
    "netIncome": 280000000,
    "netIncomeRatio": 0.2552415679,
    "eps": 1.44,
    "epsdiluted": 1.44,
    "weightedAverageShsOut": 195000000,
    "weightedAverageShsOutDil": 195000000,
    "link": "https://www.sec.gov/Archives/edgar/data/1410636/000141063623000116/0001410636-23-000116-index.htm",
    "finalLink": "https://www.sec.gov/Archives/edgar/data/1410636/000141063623000116/awk-20230630.htm"
  },
  {
    "date": "2023-03-31",
    "symbol": "AWK",
    "reportedCurrency": "USD",
    "cik": "0001410636",
    "fillingDate": "2023-04-26",
    "acceptedDate": "2023-04-26 16:28:52",
    "calendarYear": "2023",
    "period": "Q1",
    "revenue": 938000000,
    "costOfRevenue": 393000000,
    "grossProfit": 545000000,
    "grossProfitRatio": 0.5810234542,
    "researchAndDevelopmentExpenses": 0,
    "generalAndAdministrativeExpenses": 0,
    "sellingAndMarketingExpenses": 0,
    "sellingGeneralAndAdministrativeExpenses": 9000000,
    "otherExpenses": 241000000,
    "operatingExpenses": 250000000,
    "costAndExpenses": 643000000,
    "interestIncome": 14000000,
    "interestExpense": 115000000,
    "depreciationAndAmortization": 172000000,
    "ebitda": 501000000,
    "ebitdaratio": 0.5341151386,
    "operatingIncome": 295000000,
    "operatingIncomeRatio": 0.3144989339,
    "totalOtherIncomeExpensesNet": -81000000,
    "incomeBeforeTax": 214000000,
    "incomeBeforeTaxRatio": 0.2281449893,
    "incomeTaxExpense": 44000000,
    "netIncome": 170000000,
    "netIncomeRatio": 0.1812366738,
    "eps": 0.91,
    "epsdiluted": 0.91,
    "weightedAverageShsOut": 186000000,
    "weightedAverageShsOutDil": 186000000,
    "link": "https://www.sec.gov/Archives/edgar/data/1410636/000141063623000064/0001410636-23-000064-index.htm",
    "finalLink": "https://www.sec.gov/Archives/edgar/data/1410636/000141063623000064/awk-20230331.htm"
  },
  {
    "date": "2022-12-31",
    "symbol": "AWK",
    "reportedCurrency": "USD",
    "cik": "0001410636",
    "fillingDate": "2023-02-15",
    "acceptedDate": "2023-02-15 16:31:32",
    "calendarYear": "2022",
    "period": "Q4",
    "revenue": 931000000,
    "costOfRevenue": 433000000,
    "grossProfit": 498000000,
    "grossProfitRatio": 0.5349087003,
    "researchAndDevelopmentExpenses": 0,
    "generalAndAdministrativeExpenses": 0,
    "sellingAndMarketingExpenses": 0,
    "sellingGeneralAndAdministrativeExpenses": 19000000,
    "otherExpenses": 218000000,
    "operatingExpenses": 237000000,
    "costAndExpenses": 670000000,
    "interestIncome": 13000000,
    "interestExpense": 116000000,
    "depreciationAndAmortization": 164000000,
    "ebitda": 444000000,
    "ebitdaratio": 0.4769065521,
    "operatingIncome": 261000000,
    "operatingIncomeRatio": 0.2803437164,
    "totalOtherIncomeExpensesNet": -83000000,
    "incomeBeforeTax": 178000000,
    "incomeBeforeTaxRatio": 0.1911922664,
    "incomeTaxExpense": 31000000,
    "netIncome": 147000000,
    "netIncomeRatio": 0.1578947368,
    "eps": 0.81,
    "epsdiluted": 0.81,
    "weightedAverageShsOut": 182000000,
    "weightedAverageShsOutDil": 182000000,
    "link": "https://www.sec.gov/Archives/edgar/data/1410636/000141063623000020/0001410636-23-000020-index.htm",
    "finalLink": "https://www.sec.gov/Archives/edgar/data/1410636/000141063623000020/awk-20221231.htm"
  },
  {
    "date": "2022-09-30",
    "symbol": "AWK",
    "reportedCurrency": "USD",
    "cik": "0001410636",
    "fillingDate": "2022-10-31",
    "acceptedDate": "2022-10-31 16:31:08",
    "calendarYear": "2022",
    "period": "Q3",
    "revenue": 1082000000,
    "costOfRevenue": 416000000,
    "grossProfit": 666000000,
    "grossProfitRatio": 0.6155268022,
    "researchAndDevelopmentExpenses": 0,
    "generalAndAdministrativeExpenses": 0,
    "sellingAndMarketingExpenses": 0,
    "sellingGeneralAndAdministrativeExpenses": 19000000,
    "otherExpenses": 208000000,
    "operatingExpenses": 227000000,
    "costAndExpenses": 643000000,
    "interestIncome": 14000000,
    "interestExpense": 111000000,
    "depreciationAndAmortization": 164000000,
    "ebitda": 642000000,
    "ebitdaratio": 0.5933456562,
    "operatingIncome": 439000000,
    "operatingIncomeRatio": 0.4057301294,
    "totalOtherIncomeExpensesNet": -72000000,
    "incomeBeforeTax": 367000000,
    "incomeBeforeTaxRatio": 0.3391866913,
    "incomeTaxExpense": 70000000,
    "netIncome": 297000000,
    "netIncomeRatio": 0.2744916821,
    "eps": 1.63,
    "epsdiluted": 1.63,
    "weightedAverageShsOut": 182000000,
    "weightedAverageShsOutDil": 182000000,
    "link": "https://www.sec.gov/Archives/edgar/data/1410636/000141063622000155/0001410636-22-000155-index.htm",
    "finalLink": "https://www.sec.gov/Archives/edgar/data/1410636/000141063622000155/awk-20220930.htm"
  },
  {
    "date": "2022-06-30",
    "symbol": "AWK",
    "reportedCurrency": "USD",
    "cik": "0001410636",
    "fillingDate": "2022-07-27",
    "acceptedDate": "2022-07-27 16:32:43",
    "calendarYear": "2022",
    "period": "Q2",
    "revenue": 937000000,
    "costOfRevenue": 376000000,
    "grossProfit": 561000000,
    "grossProfitRatio": 0.598719317,
    "researchAndDevelopmentExpenses": 0,
    "generalAndAdministrativeExpenses": 0,
    "sellingAndMarketingExpenses": 0,
    "sellingGeneralAndAdministrativeExpenses": 20000000,
    "otherExpenses": 214000000,
    "operatingExpenses": 234000000,
    "costAndExpenses": 610000000,
    "interestIncome": 12000000,
    "interestExpense": 106000000,
    "depreciationAndAmortization": 163000000,
    "ebitda": 539000000,
    "ebitdaratio": 0.5752401281,
    "operatingIncome": 327000000,
    "operatingIncomeRatio": 0.3489861259,
    "totalOtherIncomeExpensesNet": -57000000,
    "incomeBeforeTax": 270000000,
    "incomeBeforeTaxRatio": 0.288153682,
    "incomeTaxExpense": 52000000,
    "netIncome": 218000000,
    "netIncomeRatio": 0.2326574173,
    "eps": 1.2,
    "epsdiluted": 1.2,
    "weightedAverageShsOut": 182000000,
    "weightedAverageShsOutDil": 182000000,
    "link": "https://www.sec.gov/Archives/edgar/data/1410636/000141063622000144/0001410636-22-000144-index.htm",
    "finalLink": "https://www.sec.gov/Archives/edgar/data/1410636/000141063622000144/awk-20220630.htm"
  },
  {
    "date": "2022-03-31",
    "symbol": "AWK",
    "reportedCurrency": "USD",
    "cik": "0001410636",
    "fillingDate": "2022-04-27",
    "acceptedDate": "2022-04-27 16:32:14",
    "calendarYear": "2022",
    "period": "Q1",
    "revenue": 842000000,
    "costOfRevenue": 364000000,
    "grossProfit": 478000000,
    "grossProfitRatio": 0.567695962,
    "researchAndDevelopmentExpenses": 0,
    "generalAndAdministrativeExpenses": 0,
    "sellingAndMarketingExpenses": 0,
    "sellingGeneralAndAdministrativeExpenses": 19000000,
    "otherExpenses": 213000000,
    "operatingExpenses": 232000000,
    "costAndExpenses": 596000000,
    "interestIncome": 13000000,
    "interestExpense": 100000000,
    "depreciationAndAmortization": 158000000,
    "ebitda": 451000000,
    "ebitdaratio": 0.5356294537,
    "operatingIncome": 246000000,
    "operatingIncomeRatio": 0.2921615202,
    "totalOtherIncomeExpensesNet": -53000000,
    "incomeBeforeTax": 193000000,
    "incomeBeforeTaxRatio": 0.229216152,
    "incomeTaxExpense": 35000000,
    "netIncome": 158000000,
    "netIncomeRatio": 0.1876484561,
    "eps": 0.87,
    "epsdiluted": 0.87,
    "weightedAverageShsOut": 182000000,
    "weightedAverageShsOutDil": 182000000,
    "link": "https://www.sec.gov/Archives/edgar/data/1410636/000141063622000091/0001410636-22-000091-index.htm",
    "finalLink": "https://www.sec.gov/Archives/edgar/data/1410636/000141063622000091/awk-20220331.htm"
  },
  {
    "date": "2021-12-31",
    "symbol": "AWK",
    "reportedCurrency": "USD",
    "cik": "0001410636",
    "fillingDate": "2022-02-16",
    "acceptedDate": "2022-02-16 16:32:28",
    "calendarYear": "2021",
    "period": "Q4",
    "revenue": 951000000,
    "costOfRevenue": 491000000,
    "grossProfit": 460000000,
    "grossProfitRatio": 0.483701367,
    "researchAndDevelopmentExpenses": 0,
    "generalAndAdministrativeExpenses": 0,
    "sellingAndMarketingExpenses": 0,
    "sellingGeneralAndAdministrativeExpenses": 19000000,
    "otherExpenses": 221000000,
    "operatingExpenses": 240000000,
    "costAndExpenses": 731000000,
    "interestIncome": 4000000,
    "interestExpense": 103000000,
    "depreciationAndAmortization": 160000000,
    "ebitda": 399000000,
    "ebitdaratio": 0.4195583596,
    "operatingIncome": 220000000,
    "operatingIncomeRatio": 0.2313354364,
    "totalOtherIncomeExpensesNet": 674000000,
    "incomeBeforeTax": 894000000,
    "incomeBeforeTaxRatio": 0.9400630915,
    "incomeTaxExpense": 249000000,
    "netIncome": 645000000,
    "netIncomeRatio": 0.6782334385,
    "eps": 3.56,
    "epsdiluted": 3.55,
    "weightedAverageShsOut": 182000000,
    "weightedAverageShsOutDil": 182000000,
    "link": "https://www.sec.gov/Archives/edgar/data/1410636/000141063622000048/0001410636-22-000048-index.htm",
    "finalLink": "https://www.sec.gov/Archives/edgar/data/1410636/000141063622000048/awk-20211231.htm"
  },
  {
    "date": "2021-09-30",
    "symbol": "AWK",
    "reportedCurrency": "USD",
    "cik": "0001410636",
    "fillingDate": "2021-11-02",
    "acceptedDate": "2021-11-02 16:31:17",
    "calendarYear": "2021",
    "period": "Q3",
    "revenue": 1092000000,
    "costOfRevenue": 436000000,
    "grossProfit": 656000000,
    "grossProfitRatio": 0.6007326007,
    "researchAndDevelopmentExpenses": 0,
    "generalAndAdministrativeExpenses": 0,
    "sellingAndMarketingExpenses": 0,
    "sellingGeneralAndAdministrativeExpenses": 20000000,
    "otherExpenses": 219000000,
    "operatingExpenses": 239000000,
    "costAndExpenses": 675000000,
    "interestIncome": 0,
    "interestExpense": 101000000,
    "depreciationAndAmortization": 161000000,
    "ebitda": 598000000,
    "ebitdaratio": 0.5476190476,
    "operatingIncome": 417000000,
    "operatingIncomeRatio": 0.3818681319,
    "totalOtherIncomeExpensesNet": -77000000,
    "incomeBeforeTax": 340000000,
    "incomeBeforeTaxRatio": 0.3113553114,
    "incomeTaxExpense": 62000000,
    "netIncome": 278000000,
    "netIncomeRatio": 0.2545787546,
    "eps": 1.53,
    "epsdiluted": 1.53,
    "weightedAverageShsOut": 182000000,
    "weightedAverageShsOutDil": 182000000,
    "link": "https://www.sec.gov/Archives/edgar/data/1410636/000141063621000199/0001410636-21-000199-index.htm",
    "finalLink": "https://www.sec.gov/Archives/edgar/data/1410636/000141063621000199/awk-20210930.htm"
  },
  {
    "date": "2021-06-30",
    "symbol": "AWK",
    "reportedCurrency": "USD",
    "cik": "0001410636",
    "fillingDate": "2021-08-02",
    "acceptedDate": "2021-08-02 16:32:07",
    "calendarYear": "2021",
    "period": "Q2",
    "revenue": 999000000,
    "costOfRevenue": 431000000,
    "grossProfit": 568000000,
    "grossProfitRatio": 0.5685685686,
    "researchAndDevelopmentExpenses": 0,
    "generalAndAdministrativeExpenses": 0,
    "sellingAndMarketingExpenses": 0,
    "sellingGeneralAndAdministrativeExpenses": 19000000,
    "otherExpenses": 219000000,
    "operatingExpenses": 238000000,
    "costAndExpenses": 669000000,
    "interestIncome": 0,
    "interestExpense": 101000000,
    "depreciationAndAmortization": 158000000,
    "ebitda": 507000000,
    "ebitdaratio": 0.5075075075,
    "operatingIncome": 330000000,
    "operatingIncomeRatio": 0.3303303303,
    "totalOtherIncomeExpensesNet": -79000000,
    "incomeBeforeTax": 251000000,
    "incomeBeforeTaxRatio": 0.2512512513,
    "incomeTaxExpense": 44000000,
    "netIncome": 207000000,
    "netIncomeRatio": 0.2072072072,
    "eps": 1.14,
    "epsdiluted": 1.14,
    "weightedAverageShsOut": 182000000,
    "weightedAverageShsOutDil": 182000000,
    "link": "https://www.sec.gov/Archives/edgar/data/1410636/000141063621000189/0001410636-21-000189-index.htm",
    "finalLink": "https://www.sec.gov/Archives/edgar/data/1410636/000141063621000189/awk-20210630.htm"
  },
  {
    "date": "2021-03-31",
    "symbol": "AWK",
    "reportedCurrency": "USD",
    "cik": "0001410636",
    "fillingDate": "2021-05-03",
    "acceptedDate": "2021-05-03 16:01:26",
    "calendarYear": "2021",
    "period": "Q1",
    "revenue": 888000000,
    "costOfRevenue": 419000000,
    "grossProfit": 469000000,
    "grossProfitRatio": 0.5281531532,
    "researchAndDevelopmentExpenses": 0,
    "generalAndAdministrativeExpenses": 0,
    "sellingAndMarketingExpenses": 0,
    "sellingGeneralAndAdministrativeExpenses": 20000000,
    "otherExpenses": 220000000,
    "operatingExpenses": 240000000,
    "costAndExpenses": 659000000,
    "interestIncome": 0,
    "interestExpense": 98000000,
    "depreciationAndAmortization": 157000000,
    "ebitda": 406000000,
    "ebitdaratio": 0.4572072072,
    "operatingIncome": 229000000,
    "operatingIncomeRatio": 0.2578828829,
    "totalOtherIncomeExpensesNet": -74000000,
    "incomeBeforeTax": 155000000,
    "incomeBeforeTaxRatio": 0.1745495495,
    "incomeTaxExpense": 22000000,
    "netIncome": 133000000,
    "netIncomeRatio": 0.1497747748,
    "eps": 0.73,
    "epsdiluted": 0.73,
    "weightedAverageShsOut": 181000000,
    "weightedAverageShsOutDil": 182000000,
    "link": "https://www.sec.gov/Archives/edgar/data/1410636/000141063621000147/0001410636-21-000147-index.htm",
    "finalLink": "https://www.sec.gov/Archives/edgar/data/1410636/000141063621000147/awk-20210331.htm"
  },
  {
    "date": "2020-12-31",
    "symbol": "AWK",
    "reportedCurrency": "USD",
    "cik": "0001410636",
    "fillingDate": "2021-02-24",
    "acceptedDate": "2021-02-24 16:32:18",
    "calendarYear": "2020",
    "period": "Q4",
    "revenue": 923000000,
    "costOfRevenue": 429000000,
    "grossProfit": 494000000,
    "grossProfitRatio": 0.5352112676,
    "researchAndDevelopmentExpenses": 0,
    "generalAndAdministrativeExpenses": 0,
    "sellingAndMarketingExpenses": 0,
    "sellingGeneralAndAdministrativeExpenses": 12000000,
    "otherExpenses": 219000000,
    "operatingExpenses": 231000000,
    "costAndExpenses": 660000000,
    "interestIncome": 0,
    "interestExpense": 99000000,
    "depreciationAndAmortization": 153000000,
    "ebitda": 416000000,
    "ebitdaratio": 0.4507042254,
    "operatingIncome": 263000000,
    "operatingIncomeRatio": 0.2849404117,
    "totalOtherIncomeExpensesNet": -82000000,
    "incomeBeforeTax": 181000000,
    "incomeBeforeTaxRatio": 0.196099675,
    "incomeTaxExpense": 36000000,
    "netIncome": 145000000,
    "netIncomeRatio": 0.1570964247,
    "eps": 0.8,
    "epsdiluted": 0.8,
    "weightedAverageShsOut": 181000000,
    "weightedAverageShsOutDil": 181000000,
    "link": "https://www.sec.gov/Archives/edgar/data/1410636/000141063621000101/0001410636-21-000101-index.htm",
    "finalLink": "https://www.sec.gov/Archives/edgar/data/1410636/000141063621000101/awk-20201231.htm"
  },
  {
    "date": "2020-09-30",
    "symbol": "AWK",
    "reportedCurrency": "USD",
    "cik": "0001410636",
    "fillingDate": "2020-11-04",
    "acceptedDate": "2020-11-04 16:31:11",
    "calendarYear": "2020",
    "period": "Q3",
    "revenue": 1079000000,
    "costOfRevenue": 419000000,
    "grossProfit": 660000000,
    "grossProfitRatio": 0.6116774791,
    "researchAndDevelopmentExpenses": 0,
    "generalAndAdministrativeExpenses": 0,
    "sellingAndMarketingExpenses": 0,
    "sellingGeneralAndAdministrativeExpenses": 12000000,
    "otherExpenses": 215000000,
    "operatingExpenses": 227000000,
    "costAndExpenses": 646000000,
    "interestIncome": 0,
    "interestExpense": 99000000,
    "depreciationAndAmortization": 154000000,
    "ebitda": 587000000,
    "ebitdaratio": 0.5440222428,
    "operatingIncome": 433000000,
    "operatingIncomeRatio": 0.4012974977,
    "totalOtherIncomeExpensesNet": -81000000,
    "incomeBeforeTax": 352000000,
    "incomeBeforeTaxRatio": 0.3262279889,
    "incomeTaxExpense": 88000000,
    "netIncome": 264000000,
    "netIncomeRatio": 0.2446709917,
    "eps": 1.46,
    "epsdiluted": 1.46,
    "weightedAverageShsOut": 181000000,
    "weightedAverageShsOutDil": 182000000,
    "link": "https://www.sec.gov/Archives/edgar/data/1410636/000141063620000145/0001410636-20-000145-index.htm",
    "finalLink": "https://www.sec.gov/Archives/edgar/data/1410636/000141063620000145/awk-20200930.htm"
  },
  {
    "date": "2020-06-30",
    "symbol": "AWK",
    "reportedCurrency": "USD",
    "cik": "0001410636",
    "fillingDate": "2020-08-05",
    "acceptedDate": "2020-08-05 16:31:59",
    "calendarYear": "2020",
    "period": "Q2",
    "revenue": 931000000,
    "costOfRevenue": 391000000,
    "grossProfit": 540000000,
    "grossProfitRatio": 0.5800214823,
    "researchAndDevelopmentExpenses": 0,
    "generalAndAdministrativeExpenses": 0,
    "sellingAndMarketingExpenses": 0,
    "sellingGeneralAndAdministrativeExpenses": 12000000,
    "otherExpenses": 215000000,
    "operatingExpenses": 227000000,
    "costAndExpenses": 618000000,
    "interestIncome": 0,
    "interestExpense": 101000000,
    "depreciationAndAmortization": 152000000,
    "ebitda": 465000000,
    "ebitdaratio": 0.4994629431,
    "operatingIncome": 313000000,
    "operatingIncomeRatio": 0.3361976369,
    "totalOtherIncomeExpensesNet": -81000000,
    "incomeBeforeTax": 232000000,
    "incomeBeforeTaxRatio": 0.2491944146,
    "incomeTaxExpense": 56000000,
    "netIncome": 176000000,
    "netIncomeRatio": 0.1890440387,
    "eps": 0.97,
    "epsdiluted": 0.97,
    "weightedAverageShsOut": 181000000,
    "weightedAverageShsOutDil": 181000000,
    "link": "https://www.sec.gov/Archives/edgar/data/1410636/000141063620000119/0001410636-20-000119-index.htm",
    "finalLink": "https://www.sec.gov/Archives/edgar/data/1410636/000141063620000119/awk-20200630.htm"
  },
  {
    "date": "2020-03-31",
    "symbol": "AWK",
    "reportedCurrency": "USD",
    "cik": "0001410636",
    "fillingDate": "2020-05-06",
    "acceptedDate": "2020-05-06 16:33:50",
    "calendarYear": "2020",
    "period": "Q1",
    "revenue": 844000000,
    "costOfRevenue": 383000000,
    "grossProfit": 461000000,
    "grossProfitRatio": 0.5462085308,
    "researchAndDevelopmentExpenses": 0,
    "generalAndAdministrativeExpenses": 0,
    "sellingAndMarketingExpenses": 0,
    "sellingGeneralAndAdministrativeExpenses": 13000000,
    "otherExpenses": 209000000,
    "operatingExpenses": 222000000,
    "costAndExpenses": 605000000,
    "interestIncome": 0,
    "interestExpense": 96000000,
    "depreciationAndAmortization": 145000000,
    "ebitda": 384000000,
    "ebitdaratio": 0.4549763033,
    "operatingIncome": 239000000,
    "operatingIncomeRatio": 0.2831753555,
    "totalOtherIncomeExpensesNet": -80000000,
    "incomeBeforeTax": 159000000,
    "incomeBeforeTaxRatio": 0.1883886256,
    "incomeTaxExpense": 35000000,
    "netIncome": 124000000,
    "netIncomeRatio": 0.1469194313,
    "eps": 0.69,
    "epsdiluted": 0.68,
    "weightedAverageShsOut": 181000000,
    "weightedAverageShsOutDil": 181000000,
    "link": "https://www.sec.gov/Archives/edgar/data/1410636/000141063620000080/0001410636-20-000080-index.htm",
    "finalLink": "https://www.sec.gov/Archives/edgar/data/1410636/000141063620000080/a331202010-qdocument.htm"
  },
  {
    "date": "2019-12-31",
    "symbol": "AWK",
    "reportedCurrency": "USD",
    "cik": "0001410636",
    "fillingDate": "2020-02-18",
    "acceptedDate": "2020-02-18 16:34:02",
    "calendarYear": "2019",
    "period": "Q4",
    "revenue": 902000000,
    "costOfRevenue": 412000000,
    "grossProfit": 490000000,
    "grossProfitRatio": 0.5432372506,
    "researchAndDevelopmentExpenses": 0,
    "generalAndAdministrativeExpenses": 0,
    "sellingAndMarketingExpenses": 0,
    "sellingGeneralAndAdministrativeExpenses": 4000000,
    "otherExpenses": 262000000,
    "operatingExpenses": 266000000,
    "costAndExpenses": 678000000,
    "interestIncome": 0,
    "interestExpense": 98000000,
    "depreciationAndAmortization": 152000000,
    "ebitda": 386000000,
    "ebitdaratio": 0.4279379157,
    "operatingIncome": 224000000,
    "operatingIncomeRatio": 0.2483370288,
    "totalOtherIncomeExpensesNet": -88000000,
    "incomeBeforeTax": 136000000,
    "incomeBeforeTaxRatio": 0.1507760532,
    "incomeTaxExpense": 38000000,
    "netIncome": 98000000,
    "netIncomeRatio": 0.1086474501,
    "eps": 0.54,
    "epsdiluted": 0.54,
    "weightedAverageShsOut": 181000000,
    "weightedAverageShsOutDil": 181000000,
    "link": "https://www.sec.gov/Archives/edgar/data/1410636/000141063620000040/0001410636-20-000040-index.htm",
    "finalLink": "https://www.sec.gov/Archives/edgar/data/1410636/000141063620000040/a12312019-awkx10kdocum.htm"
  },
  {
    "date": "2019-09-30",
    "symbol": "AWK",
    "reportedCurrency": "USD",
    "cik": "0001410636",
    "fillingDate": "2019-10-30",
    "acceptedDate": "2019-10-30 16:31:55",
    "calendarYear": "2019",
    "period": "Q3",
    "revenue": 1013000000,
    "costOfRevenue": 395000000,
    "grossProfit": 618000000,
    "grossProfitRatio": 0.6100691017,
    "researchAndDevelopmentExpenses": 0,
    "generalAndAdministrativeExpenses": 0,
    "sellingAndMarketingExpenses": 0,
    "sellingGeneralAndAdministrativeExpenses": 4000000,
    "otherExpenses": 208000000,
    "operatingExpenses": 212000000,
    "costAndExpenses": 607000000,
    "interestIncome": 0,
    "interestExpense": 97000000,
    "depreciationAndAmortization": 144000000,
    "ebitda": 550000000,
    "ebitdaratio": 0.5429417572,
    "operatingIncome": 406000000,
    "operatingIncomeRatio": 0.4007897335,
    "totalOtherIncomeExpensesNet": -88000000,
    "incomeBeforeTax": 318000000,
    "incomeBeforeTaxRatio": 0.3139190523,
    "incomeTaxExpense": 78000000,
    "netIncome": 240000000,
    "netIncomeRatio": 0.2369200395,
    "eps": 1.33,
    "epsdiluted": 1.33,
    "weightedAverageShsOut": 181000000,
    "weightedAverageShsOutDil": 181000000,
    "link": "https://www.sec.gov/Archives/edgar/data/1410636/000141063619000159/0001410636-19-000159-index.htm",
    "finalLink": "https://www.sec.gov/Archives/edgar/data/1410636/000141063619000159/a930201910-qdocument.htm"
  },
  {
    "date": "2019-06-30",
    "symbol": "AWK",
    "reportedCurrency": "USD",
    "cik": "0001410636",
    "fillingDate": "2019-07-31",
    "acceptedDate": "2019-07-31 16:31:53",
    "calendarYear": "2019",
    "period": "Q2",
    "revenue": 882000000,
    "costOfRevenue": 372000000,
    "grossProfit": 510000000,
    "grossProfitRatio": 0.5782312925,
    "researchAndDevelopmentExpenses": 0,
    "generalAndAdministrativeExpenses": 0,
    "sellingAndMarketingExpenses": 0,
    "sellingGeneralAndAdministrativeExpenses": 4000000,
    "otherExpenses": 204000000,
    "operatingExpenses": 208000000,
    "costAndExpenses": 580000000,
    "interestIncome": 0,
    "interestExpense": 94000000,
    "depreciationAndAmortization": 142000000,
    "ebitda": 463000000,
    "ebitdaratio": 0.5249433107,
    "operatingIncome": 302000000,
    "operatingIncomeRatio": 0.3424036281,
    "totalOtherIncomeExpensesNet": -75000000,
    "incomeBeforeTax": 227000000,
    "incomeBeforeTaxRatio": 0.2573696145,
    "incomeTaxExpense": 57000000,
    "netIncome": 170000000,
    "netIncomeRatio": 0.1927437642,
    "eps": 0.94,
    "epsdiluted": 0.94,
    "weightedAverageShsOut": 181000000,
    "weightedAverageShsOutDil": 181000000,
    "link": "https://www.sec.gov/Archives/edgar/data/1410636/000141063619000147/0001410636-19-000147-index.htm",
    "finalLink": "https://www.sec.gov/Archives/edgar/data/1410636/000141063619000147/a630201910-qdocument.htm"
  },
  {
    "date": "2019-03-31",
    "symbol": "AWK",
    "reportedCurrency": "USD",
    "cik": "0001410636",
    "fillingDate": "2019-05-01",
    "acceptedDate": "2019-05-01 16:02:47",
    "calendarYear": "2019",
    "period": "Q1",
    "revenue": 813000000,
    "costOfRevenue": 365000000,
    "grossProfit": 448000000,
    "grossProfitRatio": 0.5510455105,
    "researchAndDevelopmentExpenses": 0,
    "generalAndAdministrativeExpenses": 0,
    "sellingAndMarketingExpenses": 0,
    "sellingGeneralAndAdministrativeExpenses": 4000000,
    "otherExpenses": 206000000,
    "operatingExpenses": 210000000,
    "costAndExpenses": 575000000,
    "interestIncome": 0,
    "interestExpense": 93000000,
    "depreciationAndAmortization": 144000000,
    "ebitda": 389000000,
    "ebitdaratio": 0.4784747847,
    "operatingIncome": 238000000,
    "operatingIncomeRatio": 0.2927429274,
    "totalOtherIncomeExpensesNet": -86000000,
    "incomeBeforeTax": 152000000,
    "incomeBeforeTaxRatio": 0.1869618696,
    "incomeTaxExpense": 39000000,
    "netIncome": 113000000,
    "netIncomeRatio": 0.1389913899,
    "eps": 0.62,
    "epsdiluted": 0.62,
    "weightedAverageShsOut": 181000000,
    "weightedAverageShsOutDil": 181000000,
    "link": "https://www.sec.gov/Archives/edgar/data/1410636/000141063619000080/0001410636-19-000080-index.htm",
    "finalLink": "https://www.sec.gov/Archives/edgar/data/1410636/000141063619000080/a331201910-qdocument.htm"
  },
  {
    "date": "2018-12-31",
    "symbol": "AWK",
    "reportedCurrency": "USD",
    "cik": "0001410636",
    "fillingDate": "2019-02-19",
    "acceptedDate": "2019-02-19 16:32:26",
    "calendarYear": "2018",
    "period": "Q4",
    "revenue": 850000000,
    "costOfRevenue": 394000000,
    "grossProfit": 456000000,
    "grossProfitRatio": 0.5364705882,
    "researchAndDevelopmentExpenses": 0,
    "generalAndAdministrativeExpenses": 0,
    "sellingAndMarketingExpenses": 0,
    "sellingGeneralAndAdministrativeExpenses": 10000000,
    "otherExpenses": 198000000,
    "operatingExpenses": 208000000,
    "costAndExpenses": 602000000,
    "interestIncome": 0,
    "interestExpense": 91000000,
    "depreciationAndAmortization": 141000000,
    "ebitda": 389000000,
    "ebitdaratio": 0.4576470588,
    "operatingIncome": 248000000,
    "operatingIncomeRatio": 0.2917647059,
    "totalOtherIncomeExpensesNet": -78000000,
    "incomeBeforeTax": 170000000,
    "incomeBeforeTaxRatio": 0.2,
    "incomeTaxExpense": 58000000,
    "netIncome": 112000000,
    "netIncomeRatio": 0.1317647059,
    "eps": 0.62,
    "epsdiluted": 0.62,
    "weightedAverageShsOut": 181000000,
    "weightedAverageShsOutDil": 181000000,
    "link": "https://www.sec.gov/Archives/edgar/data/1410636/000141063619000041/0001410636-19-000041-index.htm",
    "finalLink": "https://www.sec.gov/Archives/edgar/data/1410636/000141063619000041/a12312018-awkx10kdocument.htm"
  },
  {
    "date": "2018-09-30",
    "symbol": "AWK",
    "reportedCurrency": "USD",
    "cik": "0001410636",
    "fillingDate": "2018-10-31",
    "acceptedDate": "2018-10-31 16:35:09",
    "calendarYear": "2018",
    "period": "Q3",
    "revenue": 976000000,
    "costOfRevenue": 390000000,
    "grossProfit": 586000000,
    "grossProfitRatio": 0.6004098361,
    "researchAndDevelopmentExpenses": 0,
    "generalAndAdministrativeExpenses": 0,
    "sellingAndMarketingExpenses": 0,
    "sellingGeneralAndAdministrativeExpenses": 5000000,
    "otherExpenses": 246000000,
    "operatingExpenses": 251000000,
    "costAndExpenses": 641000000,
    "interestIncome": 0,
    "interestExpense": 89000000,
    "depreciationAndAmortization": 141000000,
    "ebitda": 485000000,
    "ebitdaratio": 0.4969262295,
    "operatingIncome": 335000000,
    "operatingIncomeRatio": 0.3432377049,
    "totalOtherIncomeExpensesNet": -80000000,
    "incomeBeforeTax": 255000000,
    "incomeBeforeTaxRatio": 0.2612704918,
    "incomeTaxExpense": 70000000,
    "netIncome": 187000000,
    "netIncomeRatio": 0.1915983607,
    "eps": 1.04,
    "epsdiluted": 1.04,
    "weightedAverageShsOut": 181000000,
    "weightedAverageShsOutDil": 181000000,
    "link": "https://www.sec.gov/Archives/edgar/data/1410636/000141063618000169/0001410636-18-000169-index.htm",
    "finalLink": "https://www.sec.gov/Archives/edgar/data/1410636/000141063618000169/a930201810-qdocument.htm"
  },
  {
    "date": "2018-06-30",
    "symbol": "AWK",
    "reportedCurrency": "USD",
    "cik": "0001410636",
    "fillingDate": "2018-08-01",
    "acceptedDate": "2018-08-01 16:31:50",
    "calendarYear": "2018",
    "period": "Q2",
    "revenue": 853000000,
    "costOfRevenue": 348000000,
    "grossProfit": 505000000,
    "grossProfitRatio": 0.592028136,
    "researchAndDevelopmentExpenses": 0,
    "generalAndAdministrativeExpenses": 0,
    "sellingAndMarketingExpenses": 0,
    "sellingGeneralAndAdministrativeExpenses": 2000000,
    "otherExpenses": 201000000,
    "operatingExpenses": 203000000,
    "costAndExpenses": 551000000,
    "interestIncome": 0,
    "interestExpense": 86000000,
    "depreciationAndAmortization": 134000000,
    "ebitda": 436000000,
    "ebitdaratio": 0.511137163,
    "operatingIncome": 302000000,
    "operatingIncomeRatio": 0.3540445487,
    "totalOtherIncomeExpensesNet": -80000000,
    "incomeBeforeTax": 222000000,
    "incomeBeforeTaxRatio": 0.2602579132,
    "incomeTaxExpense": 60000000,
    "netIncome": 162000000,
    "netIncomeRatio": 0.1899179367,
    "eps": 0.9,
    "epsdiluted": 0.9,
    "weightedAverageShsOut": 179000000,
    "weightedAverageShsOutDil": 179000000,
    "link": "https://www.sec.gov/Archives/edgar/data/1410636/000141063618000143/0001410636-18-000143-index.htm",
    "finalLink": "https://www.sec.gov/Archives/edgar/data/1410636/000141063618000143/a630201810-qdocument.htm"
  },
  {
    "date": "2018-03-31",
    "symbol": "AWK",
    "reportedCurrency": "USD",
    "cik": "0001410636",
    "fillingDate": "2018-05-02",
    "acceptedDate": "2018-05-02 16:33:42",
    "calendarYear": "2018",
    "period": "Q1",
    "revenue": 761000000,
    "costOfRevenue": 347000000,
    "grossProfit": 414000000,
    "grossProfitRatio": 0.544021025,
    "researchAndDevelopmentExpenses": 0,
    "generalAndAdministrativeExpenses": 0,
    "sellingAndMarketingExpenses": 0,
    "sellingGeneralAndAdministrativeExpenses": 3000000,
    "otherExpenses": 194000000,
    "operatingExpenses": 197000000,
    "costAndExpenses": 546000000,
    "interestIncome": 0,
    "interestExpense": 84000000,
    "depreciationAndAmortization": 129000000,
    "ebitda": 353000000,
    "ebitdaratio": 0.4638633377,
    "operatingIncome": 217000000,
    "operatingIncomeRatio": 0.285151117,
    "totalOtherIncomeExpensesNet": -77000000,
    "incomeBeforeTax": 140000000,
    "incomeBeforeTaxRatio": 0.1839684625,
    "incomeTaxExpense": 34000000,
    "netIncome": 106000000,
    "netIncomeRatio": 0.1392904074,
    "eps": 0.6,
    "epsdiluted": 0.59,
    "weightedAverageShsOut": 178000000,
    "weightedAverageShsOutDil": 179000000,
    "link": "https://www.sec.gov/Archives/edgar/data/1410636/000141063618000111/0001410636-18-000111-index.htm",
    "finalLink": "https://www.sec.gov/Archives/edgar/data/1410636/000141063618000111/a331201810-qdocument.htm"
  },
  {
    "date": "2017-12-31",
    "symbol": "AWK",
    "reportedCurrency": "USD",
    "cik": "0001410636",
    "fillingDate": "2018-02-20",
    "acceptedDate": "2018-02-20 16:33:54",
    "calendarYear": "2017",
    "period": "Q4",
    "revenue": 821000000,
    "costOfRevenue": 368000000,
    "grossProfit": 453000000,
    "grossProfitRatio": 0.5517661389,
    "researchAndDevelopmentExpenses": 0,
    "generalAndAdministrativeExpenses": 0,
    "sellingAndMarketingExpenses": 0,
    "sellingGeneralAndAdministrativeExpenses": 2000000,
    "otherExpenses": 172000000,
    "operatingExpenses": 174000000,
    "costAndExpenses": 542000000,
    "interestIncome": 0,
    "interestExpense": 83000000,
    "depreciationAndAmortization": 114000000,
    "ebitda": 386000000,
    "ebitdaratio": 0.4701583435,
    "operatingIncome": 279000000,
    "operatingIncomeRatio": 0.3398294762,
    "totalOtherIncomeExpensesNet": -78000000,
    "incomeBeforeTax": 201000000,
    "incomeBeforeTaxRatio": 0.2448233861,
    "incomeTaxExpense": 202000000,
    "netIncome": -1000000,
    "netIncomeRatio": -0.0012180268,
    "eps": -0.0056,
    "epsdiluted": -0.0056,
    "weightedAverageShsOut": 178000000,
    "weightedAverageShsOutDil": 179000000,
    "link": "https://www.sec.gov/Archives/edgar/data/1410636/000141063618000076/0001410636-18-000076-index.htm",
    "finalLink": "https://www.sec.gov/Archives/edgar/data/1410636/000141063618000076/a12312017-awkx10kdocument.htm"
  },
  {
    "date": "2017-09-30",
    "symbol": "AWK",
    "reportedCurrency": "USD",
    "cik": "0001410636",
    "fillingDate": "2017-11-01",
    "acceptedDate": "2017-11-01 16:31:24",
    "calendarYear": "2017",
    "period": "Q3",
    "revenue": 936000000,
    "costOfRevenue": 324000000,
    "grossProfit": 612000000,
    "grossProfitRatio": 0.6538461538,
    "researchAndDevelopmentExpenses": 0,
    "generalAndAdministrativeExpenses": 0,
    "sellingAndMarketingExpenses": 0,
    "sellingGeneralAndAdministrativeExpenses": 2000000,
    "otherExpenses": 180000000,
    "operatingExpenses": 182000000,
    "costAndExpenses": 504000000,
    "interestIncome": 0,
    "interestExpense": 89000000,
    "depreciationAndAmortization": 128000000,
    "ebitda": 557000000,
    "ebitdaratio": 0.5950854701,
    "operatingIncome": 430000000,
    "operatingIncomeRatio": 0.4594017094,
    "totalOtherIncomeExpensesNet": -92000000,
    "incomeBeforeTax": 340000000,
    "incomeBeforeTaxRatio": 0.3632478632,
    "incomeTaxExpense": 137000000,
    "netIncome": 203000000,
    "netIncomeRatio": 0.2168803419,
    "eps": 1.14,
    "epsdiluted": 1.13,
    "weightedAverageShsOut": 178000000,
    "weightedAverageShsOutDil": 179000000,
    "link": "https://www.sec.gov/Archives/edgar/data/1410636/000141063617000011/0001410636-17-000011-index.htm",
    "finalLink": "https://www.sec.gov/Archives/edgar/data/1410636/000141063617000011/a930201710-qdocument.htm"
  },
  {
    "date": "2017-06-30",
    "symbol": "AWK",
    "reportedCurrency": "USD",
    "cik": "0001410636",
    "fillingDate": "2017-08-02",
    "acceptedDate": "2017-08-02 16:35:22",
    "calendarYear": "2017",
    "period": "Q2",
    "revenue": 844000000,
    "costOfRevenue": 349000000,
    "grossProfit": 495000000,
    "grossProfitRatio": 0.586492891,
    "researchAndDevelopmentExpenses": 0,
    "generalAndAdministrativeExpenses": 0,
    "sellingAndMarketingExpenses": 0,
    "sellingGeneralAndAdministrativeExpenses": 2000000,
    "otherExpenses": 185000000,
    "operatingExpenses": 187000000,
    "costAndExpenses": 534000000,
    "interestIncome": 0,
    "interestExpense": 85000000,
    "depreciationAndAmortization": 126000000,
    "ebitda": 437000000,
    "ebitdaratio": 0.5177725118,
    "operatingIncome": 310000000,
    "operatingIncomeRatio": 0.3672985782,
    "totalOtherIncomeExpensesNet": -84000000,
    "incomeBeforeTax": 226000000,
    "incomeBeforeTaxRatio": 0.2677725118,
    "incomeTaxExpense": 95000000,
    "netIncome": 131000000,
    "netIncomeRatio": 0.1552132701,
    "eps": 0.74,
    "epsdiluted": 0.73,
    "weightedAverageShsOut": 178000000,
    "weightedAverageShsOutDil": 179000000,
    "link": "https://www.sec.gov/Archives/edgar/data/1410636/000156459017014936/0001564590-17-014936-index.htm",
    "finalLink": "https://www.sec.gov/Archives/edgar/data/1410636/000156459017014936/awk-10q_20170630.htm"
  },
  {
    "date": "2017-03-31",
    "symbol": "AWK",
    "reportedCurrency": "USD",
    "cik": "0001410636",
    "fillingDate": "2017-05-03",
    "acceptedDate": "2017-05-03 16:31:35",
    "calendarYear": "2017",
    "period": "Q1",
    "revenue": 756000000,
    "costOfRevenue": 337000000,
    "grossProfit": 419000000,
    "grossProfitRatio": 0.5542328042,
    "researchAndDevelopmentExpenses": 0,
    "generalAndAdministrativeExpenses": 0,
    "sellingAndMarketingExpenses": 0,
    "sellingGeneralAndAdministrativeExpenses": 3000000,
    "otherExpenses": 189000000,
    "operatingExpenses": 192000000,
    "costAndExpenses": 529000000,
    "interestIncome": 0,
    "interestExpense": 85000000,
    "depreciationAndAmortization": 124000000,
    "ebitda": 351000000,
    "ebitdaratio": 0.4642857143,
    "operatingIncome": 227000000,
    "operatingIncomeRatio": 0.3002645503,
    "totalOtherIncomeExpensesNet": -82000000,
    "incomeBeforeTax": 145000000,
    "incomeBeforeTaxRatio": 0.1917989418,
    "incomeTaxExpense": 52000000,
    "netIncome": 93000000,
    "netIncomeRatio": 0.123015873,
    "eps": 0.52,
    "epsdiluted": 0.52,
    "weightedAverageShsOut": 178000000,
    "weightedAverageShsOutDil": 179000000,
    "link": "https://www.sec.gov/Archives/edgar/data/1410636/000156459017008399/0001564590-17-008399-index.htm",
    "finalLink": "https://www.sec.gov/Archives/edgar/data/1410636/000156459017008399/awk-10q_20170331.htm"
  },
  {
    "date": "2016-12-31",
    "symbol": "AWK",
    "reportedCurrency": "USD",
    "cik": "0001410636",
    "fillingDate": "2017-02-21",
    "acceptedDate": "2017-02-21 16:32:56",
    "calendarYear": "2016",
    "period": "Q4",
    "revenue": 802000000,
    "costOfRevenue": 373000000,
    "grossProfit": 429000000,
    "grossProfitRatio": 0.5349127182,
    "researchAndDevelopmentExpenses": 5000000,
    "generalAndAdministrativeExpenses": 0,
    "sellingAndMarketingExpenses": 0,
    "sellingGeneralAndAdministrativeExpenses": 14000000,
    "otherExpenses": 162000000,
    "operatingExpenses": 181000000,
    "costAndExpenses": 556000000,
    "interestIncome": 0,
    "interestExpense": 83000000,
    "depreciationAndAmortization": 120000000,
    "ebitda": 369000000,
    "ebitdaratio": 0.4600997506,
    "operatingIncome": 248000000,
    "operatingIncomeRatio": 0.3092269327,
    "totalOtherIncomeExpensesNet": -82000000,
    "incomeBeforeTax": 166000000,
    "incomeBeforeTaxRatio": 0.2069825436,
    "incomeTaxExpense": 65000000,
    "netIncome": 101000000,
    "netIncomeRatio": 0.1259351621,
    "eps": 0.57,
    "epsdiluted": 0.57,
    "weightedAverageShsOut": 178000000,
    "weightedAverageShsOutDil": 178000000,
    "link": "https://www.sec.gov/Archives/edgar/data/1410636/000156459017001899/0001564590-17-001899-index.htm",
    "finalLink": "https://www.sec.gov/Archives/edgar/data/1410636/000156459017001899/awk-10k_20161231.htm"
  },
  {
    "date": "2016-09-30",
    "symbol": "AWK",
    "reportedCurrency": "USD",
    "cik": "0001410636",
    "fillingDate": "2016-11-02",
    "acceptedDate": "2016-11-02 16:31:41",
    "calendarYear": "2016",
    "period": "Q3",
    "revenue": 930000000,
    "costOfRevenue": 432000000,
    "grossProfit": 498000000,
    "grossProfitRatio": 0.535483871,
    "researchAndDevelopmentExpenses": 0,
    "generalAndAdministrativeExpenses": 0,
    "sellingAndMarketingExpenses": 0,
    "sellingGeneralAndAdministrativeExpenses": 0,
    "otherExpenses": 179000000,
    "operatingExpenses": 179000000,
    "costAndExpenses": 611000000,
    "interestIncome": 0,
    "interestExpense": 81000000,
    "depreciationAndAmortization": 119000000,
    "ebitda": 445000000,
    "ebitdaratio": 0.4784946237,
    "operatingIncome": 319000000,
    "operatingIncomeRatio": 0.3430107527,
    "totalOtherIncomeExpensesNet": -76000000,
    "incomeBeforeTax": 243000000,
    "incomeBeforeTaxRatio": 0.2612903226,
    "incomeTaxExpense": 95000000,
    "netIncome": 148000000,
    "netIncomeRatio": 0.1591397849,
    "eps": 0.83,
    "epsdiluted": 0.83,
    "weightedAverageShsOut": 178000000,
    "weightedAverageShsOutDil": 178000000,
    "link": "https://www.sec.gov/Archives/edgar/data/1410636/000156459016027010/0001564590-16-027010-index.htm",
    "finalLink": "https://www.sec.gov/Archives/edgar/data/1410636/000156459016027010/awk-10q_20160930.htm"
  },
  {
    "date": "2016-06-30",
    "symbol": "AWK",
    "reportedCurrency": "USD",
    "cik": "0001410636",
    "fillingDate": "2016-08-03",
    "acceptedDate": "2016-08-03 16:33:26",
    "calendarYear": "2016",
    "period": "Q2",
    "revenue": 827000000,
    "costOfRevenue": 351000000,
    "grossProfit": 476000000,
    "grossProfitRatio": 0.5755743652,
    "researchAndDevelopmentExpenses": 0,
    "generalAndAdministrativeExpenses": 0,
    "sellingAndMarketingExpenses": 0,
    "sellingGeneralAndAdministrativeExpenses": 0,
    "otherExpenses": 177000000,
    "operatingExpenses": 177000000,
    "costAndExpenses": 530000000,
    "interestIncome": 0,
    "interestExpense": 0,
    "depreciationAndAmortization": 115000000,
    "ebitda": 412000000,
    "ebitdaratio": 0.4981862152,
    "operatingIncome": 299000000,
    "operatingIncomeRatio": 0.361547763,
    "totalOtherIncomeExpensesNet": -74000000,
    "incomeBeforeTax": 225000000,
    "incomeBeforeTaxRatio": 0.2720677146,
    "incomeTaxExpense": 88000000,
    "netIncome": 137000000,
    "netIncomeRatio": 0.1656590085,
    "eps": 0.77,
    "epsdiluted": 0.77,
    "weightedAverageShsOut": 178000000,
    "weightedAverageShsOutDil": 178000000,
    "link": "https://www.sec.gov/Archives/edgar/data/1410636/000156459016022379/0001564590-16-022379-index.htm",
    "finalLink": "https://www.sec.gov/Archives/edgar/data/1410636/000156459016022379/awk-10q_20160630.htm"
  },
  {
    "date": "2016-03-31",
    "symbol": "AWK",
    "reportedCurrency": "USD",
    "cik": "0001410636",
    "fillingDate": "2016-05-04",
    "acceptedDate": "2016-05-04 17:08:27",
    "calendarYear": "2016",
    "period": "Q1",
    "revenue": 743000000,
    "costOfRevenue": 348000000,
    "grossProfit": 395000000,
    "grossProfitRatio": 0.531628533,
    "researchAndDevelopmentExpenses": 0,
    "generalAndAdministrativeExpenses": 0,
    "sellingAndMarketingExpenses": 0,
    "sellingGeneralAndAdministrativeExpenses": 0,
    "otherExpenses": 181000000,
    "operatingExpenses": 181000000,
    "costAndExpenses": 530000000,
    "interestIncome": 0,
    "interestExpense": 0,
    "depreciationAndAmortization": 116000000,
    "ebitda": 329000000,
    "ebitdaratio": 0.4427994616,
    "operatingIncome": 214000000,
    "operatingIncomeRatio": 0.2880215343,
    "totalOtherIncomeExpensesNet": -78000000,
    "incomeBeforeTax": 136000000,
    "incomeBeforeTaxRatio": 0.1830417227,
    "incomeTaxExpense": 54000000,
    "netIncome": 82000000,
    "netIncomeRatio": 0.1103633917,
    "eps": 0.46,
    "epsdiluted": 0.46,
    "weightedAverageShsOut": 178000000,
    "weightedAverageShsOutDil": 179000000,
    "link": "https://www.sec.gov/Archives/edgar/data/1410636/000156459016017693/0001564590-16-017693-index.htm",
    "finalLink": "https://www.sec.gov/Archives/edgar/data/1410636/000156459016017693/awk-10q_20160331.htm"
  },
  {
    "date": "2015-12-31",
    "symbol": "AWK",
    "reportedCurrency": "USD",
    "cik": "0001410636",
    "fillingDate": "2016-02-25",
    "acceptedDate": "2016-02-24 20:10:46",
    "calendarYear": "2015",
    "period": "Q4",
    "revenue": 783000000,
    "costOfRevenue": 380000000,
    "grossProfit": 403000000,
    "grossProfitRatio": 0.5146871009,
    "researchAndDevelopmentExpenses": 3000000,
    "generalAndAdministrativeExpenses": 0,
    "sellingAndMarketingExpenses": 0,
    "sellingGeneralAndAdministrativeExpenses": 14000000,
    "otherExpenses": 154000000,
    "operatingExpenses": 171000000,
    "costAndExpenses": 551000000,
    "interestIncome": 0,
    "interestExpense": 234484000,
    "depreciationAndAmortization": 112000000,
    "ebitda": 344000000,
    "ebitdaratio": 0.4393358876,
    "operatingIncome": 232000000,
    "operatingIncomeRatio": 0.2962962963,
    "totalOtherIncomeExpensesNet": -74214000,
    "incomeBeforeTax": 158000000,
    "incomeBeforeTaxRatio": 0.2017879949,
    "incomeTaxExpense": 59000000,
    "netIncome": 98988000,
    "netIncomeRatio": 0.1264214559,
    "eps": 0.55,
    "epsdiluted": 0.55,
    "weightedAverageShsOut": 179000000,
    "weightedAverageShsOutDil": 180000000,
    "link": "https://www.sec.gov/Archives/edgar/data/1410636/000156459016013247/0001564590-16-013247-index.htm",
    "finalLink": "https://www.sec.gov/Archives/edgar/data/1410636/000156459016013247/awk-10k_20151231.htm"
  },
  {
    "date": "2015-09-30",
    "symbol": "AWK",
    "reportedCurrency": "USD",
    "cik": "0001410636",
    "fillingDate": "2015-11-04",
    "acceptedDate": "2015-11-04 17:22:52",
    "calendarYear": "2015",
    "period": "Q3",
    "revenue": 896206000,
    "costOfRevenue": 363610000,
    "grossProfit": 532596000,
    "grossProfitRatio": 0.5942785476,
    "researchAndDevelopmentExpenses": 0,
    "generalAndAdministrativeExpenses": 0,
    "sellingAndMarketingExpenses": 0,
    "sellingGeneralAndAdministrativeExpenses": 0,
    "otherExpenses": 171488000,
    "operatingExpenses": 171488000,
    "costAndExpenses": 535098000,
    "interestIncome": 0,
    "interestExpense": 0,
    "depreciationAndAmortization": 111196000,
    "ebitda": 472000000,
    "ebitdaratio": 0.5266646284,
    "operatingIncome": 361283000,
    "operatingIncomeRatio": 0.4031249512,
    "totalOtherIncomeExpensesNet": -74000000,
    "incomeBeforeTax": 287085000,
    "incomeBeforeTaxRatio": 0.3203337179,
    "incomeTaxExpense": 113191000,
    "netIncome": 174000000,
    "netIncomeRatio": 0.194151791,
    "eps": 0.97,
    "epsdiluted": 0.96,
    "weightedAverageShsOut": 179000000,
    "weightedAverageShsOutDil": 180000000,
    "link": "https://www.sec.gov/Archives/edgar/data/1410636/000156459015009409/0001564590-15-009409-index.htm",
    "finalLink": "https://www.sec.gov/Archives/edgar/data/1410636/000156459015009409/awk-10q_20150930.htm"
  },
  {
    "date": "2015-06-30",
    "symbol": "AWK",
    "reportedCurrency": "USD",
    "cik": "0001410636",
    "fillingDate": "2015-08-05",
    "acceptedDate": "2015-08-05 16:32:03",
    "calendarYear": "2015",
    "period": "Q2",
    "revenue": 782121000,
    "costOfRevenue": 336624000,
    "grossProfit": 445497000,
    "grossProfitRatio": 0.5696011231,
    "researchAndDevelopmentExpenses": 0,
    "generalAndAdministrativeExpenses": 0,
    "sellingAndMarketingExpenses": 0,
    "sellingGeneralAndAdministrativeExpenses": 0,
    "otherExpenses": 168000000,
    "operatingExpenses": 168000000,
    "costAndExpenses": 505769000,
    "interestIncome": 0,
    "interestExpense": 0,
    "depreciationAndAmortization": 108923000,
    "ebitda": 386000000,
    "ebitdaratio": 0.4935297735,
    "operatingIncome": 277561000,
    "operatingIncomeRatio": 0.3548824287,
    "totalOtherIncomeExpensesNet": -74000000,
    "incomeBeforeTax": 203627000,
    "incomeBeforeTaxRatio": 0.2603522984,
    "incomeTaxExpense": 80552000,
    "netIncome": 123000000,
    "netIncomeRatio": 0.1572646688,
    "eps": 0.69,
    "epsdiluted": 0.68,
    "weightedAverageShsOut": 179564000,
    "weightedAverageShsOutDil": 180371000,
    "link": "https://www.sec.gov/Archives/edgar/data/1410636/000156459015006249/0001564590-15-006249-index.htm",
    "finalLink": "https://www.sec.gov/Archives/edgar/data/1410636/000156459015006249/awk-10q_20150630.htm"
  },
  {
    "date": "2015-03-31",
    "symbol": "AWK",
    "reportedCurrency": "USD",
    "cik": "0001410636",
    "fillingDate": "2015-05-06",
    "acceptedDate": "2015-05-06 17:22:08",
    "calendarYear": "2015",
    "period": "Q1",
    "revenue": 698078000,
    "costOfRevenue": 323832000,
    "grossProfit": 374246000,
    "grossProfitRatio": 0.5361091454,
    "researchAndDevelopmentExpenses": 0,
    "generalAndAdministrativeExpenses": 0,
    "sellingAndMarketingExpenses": 0,
    "sellingGeneralAndAdministrativeExpenses": 0,
    "otherExpenses": 170000000,
    "operatingExpenses": 170000000,
    "costAndExpenses": 494905000,
    "interestIncome": 0,
    "interestExpense": 0,
    "depreciationAndAmortization": 107377000,
    "ebitda": 310000000,
    "ebitdaratio": 0.4440764499,
    "operatingIncome": 204301000,
    "operatingIncomeRatio": 0.292662138,
    "totalOtherIncomeExpensesNet": -71000000,
    "incomeBeforeTax": 133502000,
    "incomeBeforeTaxRatio": 0.1912422394,
    "incomeTaxExpense": 53459000,
    "netIncome": 80000000,
    "netIncomeRatio": 0.1146003742,
    "eps": 0.45,
    "epsdiluted": 0.44,
    "weightedAverageShsOut": 179000000,
    "weightedAverageShsOutDil": 180000000,
    "link": "https://www.sec.gov/Archives/edgar/data/1410636/000156459015003448/0001564590-15-003448-index.htm",
    "finalLink": "https://www.sec.gov/Archives/edgar/data/1410636/000156459015003448/awk-10q_20150331.htm"
  },
  {
    "date": "2014-12-31",
    "symbol": "AWK",
    "reportedCurrency": "USD",
    "cik": "0001410636",
    "fillingDate": "2015-02-25",
    "acceptedDate": "2015-02-24 18:40:19",
    "calendarYear": "2014",
    "period": "Q4",
    "revenue": 731378000,
    "costOfRevenue": 345487000,
    "grossProfit": 385891000,
    "grossProfitRatio": 0.5276218317,
    "researchAndDevelopmentExpenses": 3000000,
    "generalAndAdministrativeExpenses": 0,
    "sellingAndMarketingExpenses": 0,
    "sellingGeneralAndAdministrativeExpenses": 15000000,
    "otherExpenses": 144830000,
    "operatingExpenses": 162830000,
    "costAndExpenses": 509629000,
    "interestIncome": 2411000,
    "interestExpense": 77556000,
    "depreciationAndAmortization": 105686000,
    "ebitda": 332388000,
    "ebitdaratio": 0.454468141,
    "operatingIncome": 223061000,
    "operatingIncomeRatio": 0.3049872979,
    "totalOtherIncomeExpensesNet": -73915000,
    "incomeBeforeTax": 149146000,
    "incomeBeforeTaxRatio": 0.2039246464,
    "incomeTaxExpense": 55200000,
    "netIncome": 93501000,
    "netIncomeRatio": 0.1278422375,
    "eps": 0.52,
    "epsdiluted": 0.52,
    "weightedAverageShsOut": 179150000,
    "weightedAverageShsOutDil": 180142000,
    "link": "https://www.sec.gov/Archives/edgar/data/1410636/000156459015000905/0001564590-15-000905-index.htm",
    "finalLink": "https://www.sec.gov/Archives/edgar/data/1410636/000156459015000905/awk-10k_20141231.htm"
  },
  {
    "date": "2014-09-30",
    "symbol": "AWK",
    "reportedCurrency": "USD",
    "cik": "0001410636",
    "fillingDate": "2014-11-05",
    "acceptedDate": "2014-11-05 16:59:32",
    "calendarYear": "2014",
    "period": "Q3",
    "revenue": 846169000,
    "costOfRevenue": 341348000,
    "grossProfit": 504821000,
    "grossProfitRatio": 0.5965959519,
    "researchAndDevelopmentExpenses": 0,
    "generalAndAdministrativeExpenses": 0,
    "sellingAndMarketingExpenses": 0,
    "sellingGeneralAndAdministrativeExpenses": 0,
    "otherExpenses": 167596000,
    "operatingExpenses": 167596000,
    "costAndExpenses": 508944000,
    "interestIncome": 3527000,
    "interestExpense": 78972000,
    "depreciationAndAmortization": 106458000,
    "ebitda": 444335000,
    "ebitdaratio": 0.5251137775,
    "operatingIncome": 337285000,
    "operatingIncomeRatio": 0.3986024068,
    "totalOtherIncomeExpensesNet": -73472000,
    "incomeBeforeTax": 263813000,
    "incomeBeforeTaxRatio": 0.3117734164,
    "incomeTaxExpense": 107205000,
    "netIncome": 152185000,
    "netIncomeRatio": 0.179851779,
    "eps": 0.85,
    "epsdiluted": 0.85,
    "weightedAverageShsOut": 178992000,
    "weightedAverageShsOutDil": 179948000,
    "link": "https://www.sec.gov/Archives/edgar/data/1410636/000156459014005041/0001564590-14-005041-index.htm",
    "finalLink": "https://www.sec.gov/Archives/edgar/data/1410636/000156459014005041/awk-10q_20140930.htm"
  },
  {
    "date": "2014-06-30",
    "symbol": "AWK",
    "reportedCurrency": "USD",
    "cik": "0001410636",
    "fillingDate": "2014-08-06",
    "acceptedDate": "2014-08-06 17:08:51",
    "calendarYear": "2014",
    "period": "Q2",
    "revenue": 759159000,
    "costOfRevenue": 342974000,
    "grossProfit": 416185000,
    "grossProfitRatio": 0.5482184891,
    "researchAndDevelopmentExpenses": 0,
    "generalAndAdministrativeExpenses": 0,
    "sellingAndMarketingExpenses": 0,
    "sellingGeneralAndAdministrativeExpenses": 0,
    "otherExpenses": 162756000,
    "operatingExpenses": 162756000,
    "costAndExpenses": 505730000,
    "interestIncome": 2126000,
    "interestExpense": 75794000,
    "depreciationAndAmortization": 105862000,
    "ebitda": 360304000,
    "ebitdaratio": 0.4746094033,
    "operatingIncome": 253774000,
    "operatingIncomeRatio": 0.3342830685,
    "totalOtherIncomeExpensesNet": -72284000,
    "incomeBeforeTax": 181489000,
    "incomeBeforeTaxRatio": 0.239065861,
    "incomeTaxExpense": 72190000,
    "netIncome": 109299000,
    "netIncomeRatio": 0.1439737921,
    "eps": 0.61,
    "epsdiluted": 0.61,
    "weightedAverageShsOut": 178863000,
    "weightedAverageShsOutDil": 179693000,
    "link": "https://www.sec.gov/Archives/edgar/data/1410636/000156459014003227/0001564590-14-003227-index.htm",
    "finalLink": "https://www.sec.gov/Archives/edgar/data/1410636/000156459014003227/awk-10q_20140630.htm"
  },
  {
    "date": "2014-03-31",
    "symbol": "AWK",
    "reportedCurrency": "USD",
    "cik": "0001410636",
    "fillingDate": "2014-05-07",
    "acceptedDate": "2014-05-07 16:43:25",
    "calendarYear": "2014",
    "period": "Q1",
    "revenue": 681946000,
    "costOfRevenue": 329275000,
    "grossProfit": 352671000,
    "grossProfitRatio": 0.5171538509,
    "researchAndDevelopmentExpenses": 0,
    "generalAndAdministrativeExpenses": 0,
    "sellingAndMarketingExpenses": 0,
    "sellingGeneralAndAdministrativeExpenses": 0,
    "otherExpenses": 166845000,
    "operatingExpenses": 166845000,
    "costAndExpenses": 496120000,
    "interestIncome": 3377000,
    "interestExpense": 76937000,
    "depreciationAndAmortization": 106078000,
    "ebitda": 293310000,
    "ebitdaratio": 0.4301073692,
    "operatingIncome": 187442000,
    "operatingIncomeRatio": 0.2748634056,
    "totalOtherIncomeExpensesNet": -73090000,
    "incomeBeforeTax": 113006000,
    "incomeBeforeTaxRatio": 0.165711068,
    "incomeTaxExpense": 44883000,
    "netIncome": 68123000,
    "netIncomeRatio": 0.0998950063,
    "eps": 0.38,
    "epsdiluted": 0.38,
    "weightedAverageShsOut": 178539000,
    "weightedAverageShsOutDil": 179457000,
    "link": "https://www.sec.gov/Archives/edgar/data/1410636/000156459014001874/0001564590-14-001874-index.htm",
    "finalLink": "https://www.sec.gov/Archives/edgar/data/1410636/000156459014001874/awk-10q_20140331.htm"
  },
  {
    "date": "2013-12-31",
    "symbol": "AWK",
    "reportedCurrency": "USD",
    "cik": "0001410636",
    "fillingDate": "2014-02-27",
    "acceptedDate": "2014-02-26 19:32:42",
    "calendarYear": "2013",
    "period": "Q4",
    "revenue": 712260000,
    "costOfRevenue": 333591000,
    "grossProfit": 378669000,
    "grossProfitRatio": 0.5316443434,
    "researchAndDevelopmentExpenses": 2900000,
    "generalAndAdministrativeExpenses": 0,
    "sellingAndMarketingExpenses": 0,
    "sellingGeneralAndAdministrativeExpenses": 15830000,
    "otherExpenses": 143720000,
    "operatingExpenses": 162450000,
    "costAndExpenses": 496041000,
    "interestIncome": 3138000,
    "interestExpense": 78042000,
    "depreciationAndAmortization": 103969000,
    "ebitda": 321006000,
    "ebitdaratio": 0.450686547,
    "operatingIncome": 217795000,
    "operatingIncomeRatio": 0.3057801926,
    "totalOtherIncomeExpensesNet": -115906000,
    "incomeBeforeTax": 99948000,
    "incomeBeforeTaxRatio": 0.1403251622,
    "incomeTaxExpense": 40255000,
    "netIncome": 59693000,
    "netIncomeRatio": 0.0838078791,
    "eps": 0.33,
    "epsdiluted": 0.33,
    "weightedAverageShsOut": 178237000,
    "weightedAverageShsOutDil": 179469000,
    "link": "https://www.sec.gov/Archives/edgar/data/1410636/000156459014000381/0001564590-14-000381-index.htm",
    "finalLink": "https://www.sec.gov/Archives/edgar/data/1410636/000156459014000381/awk-10k_20131231.htm"
  },
  {
    "date": "2013-09-30",
    "symbol": "AWK",
    "reportedCurrency": "USD",
    "cik": "0001410636",
    "fillingDate": "2013-11-06",
    "acceptedDate": "2013-11-06 17:31:08",
    "calendarYear": "2013",
    "period": "Q3",
    "revenue": 829196000,
    "costOfRevenue": 343610000,
    "grossProfit": 485586000,
    "grossProfitRatio": 0.5856106397,
    "researchAndDevelopmentExpenses": 0,
    "generalAndAdministrativeExpenses": 0,
    "sellingAndMarketingExpenses": 0,
    "sellingGeneralAndAdministrativeExpenses": 0,
    "otherExpenses": 160943000,
    "operatingExpenses": 160943000,
    "costAndExpenses": 504553000,
    "interestIncome": 2935000,
    "interestExpense": 80324000,
    "depreciationAndAmortization": 102734000,
    "ebitda": 425921000,
    "ebitdaratio": 0.5136553963,
    "operatingIncome": 323875000,
    "operatingIncomeRatio": 0.3905891972,
    "totalOtherIncomeExpensesNet": -74883000,
    "incomeBeforeTax": 248992000,
    "incomeBeforeTaxRatio": 0.3002812363,
    "incomeTaxExpense": 98327000,
    "netIncome": 150665000,
    "netIncomeRatio": 0.1817001047,
    "eps": 0.85,
    "epsdiluted": 0.84,
    "weightedAverageShsOut": 177965000,
    "weightedAverageShsOutDil": 179154000,
    "link": "https://www.sec.gov/Archives/edgar/data/1410636/000156459013001006/0001564590-13-001006-index.htm",
    "finalLink": "https://www.sec.gov/Archives/edgar/data/1410636/000156459013001006/awk-10q_20130930.htm"
  },
  {
    "date": "2013-06-30",
    "symbol": "AWK",
    "reportedCurrency": "USD",
    "cik": "0001410636",
    "fillingDate": "2013-08-07",
    "acceptedDate": "2013-08-07 17:23:39",
    "calendarYear": "2013",
    "period": "Q2",
    "revenue": 724265000,
    "costOfRevenue": 323320000,
    "grossProfit": 400945000,
    "grossProfitRatio": 0.5535888107,
    "researchAndDevelopmentExpenses": 0,
    "generalAndAdministrativeExpenses": 0,
    "sellingAndMarketingExpenses": 0,
    "sellingGeneralAndAdministrativeExpenses": 0,
    "otherExpenses": 159172000,
    "operatingExpenses": 159172000,
    "costAndExpenses": 482492000,
    "interestIncome": 2845000,
    "interestExpense": 80602000,
    "depreciationAndAmortization": 101366000,
    "ebitda": 349687000,
    "ebitdaratio": 0.4828163725,
    "operatingIncome": 241887000,
    "operatingIncomeRatio": 0.3339758238,
    "totalOtherIncomeExpensesNet": -74168000,
    "incomeBeforeTax": 167719000,
    "incomeBeforeTaxRatio": 0.2315713171,
    "incomeTaxExpense": 66456000,
    "netIncome": 101263000,
    "netIncomeRatio": 0.1398148468,
    "eps": 0.57,
    "epsdiluted": 0.57,
    "weightedAverageShsOut": 177716000,
    "weightedAverageShsOutDil": 178910000,
    "link": "https://www.sec.gov/Archives/edgar/data/1410636/000156459013000226/0001564590-13-000226-index.htm",
    "finalLink": "https://www.sec.gov/Archives/edgar/data/1410636/000156459013000226/awk-10q_20130630.htm"
  },
  {
    "date": "2013-03-31",
    "symbol": "AWK",
    "reportedCurrency": "USD",
    "cik": "0001410636",
    "fillingDate": "2013-05-07",
    "acceptedDate": "2013-05-07 17:09:17",
    "calendarYear": "2013",
    "period": "Q1",
    "revenue": 636137000,
    "costOfRevenue": 312203000,
    "grossProfit": 323934000,
    "grossProfitRatio": 0.5092204981,
    "researchAndDevelopmentExpenses": 0,
    "generalAndAdministrativeExpenses": 0,
    "sellingAndMarketingExpenses": 0,
    "sellingGeneralAndAdministrativeExpenses": 0,
    "otherExpenses": 159795000,
    "operatingExpenses": 159795000,
    "costAndExpenses": 471998000,
    "interestIncome": 2835000,
    "interestExpense": 80949000,
    "depreciationAndAmortization": 99649000,
    "ebitda": 263788000,
    "ebitdaratio": 0.4146716824,
    "operatingIncome": 164233000,
    "operatingIncomeRatio": 0.2581723748,
    "totalOtherIncomeExpensesNet": -75422000,
    "incomeBeforeTax": 88811000,
    "incomeBeforeTaxRatio": 0.1396098639,
    "incomeTaxExpense": 31168000,
    "netIncome": 57643000,
    "netIncomeRatio": 0.0906141287,
    "eps": 0.32,
    "epsdiluted": 0.32,
    "weightedAverageShsOut": 177327000,
    "weightedAverageShsOutDil": 178465000,
    "link": "https://www.sec.gov/Archives/edgar/data/1410636/000119312513204722/0001193125-13-204722-index.htm",
    "finalLink": "https://www.sec.gov/Archives/edgar/data/1410636/000119312513204722/d522605d10q.htm"
  },
  {
    "date": "2012-12-31",
    "symbol": "AWK",
    "reportedCurrency": "USD",
    "cik": "0001410636",
    "fillingDate": "2013-03-01",
    "acceptedDate": "2013-03-01 06:06:23",
    "calendarYear": "2012",
    "period": "Q4",
    "revenue": 680913000,
    "costOfRevenue": 357333000,
    "grossProfit": 323580000,
    "grossProfitRatio": 0.4752148953,
    "researchAndDevelopmentExpenses": 2800000,
    "generalAndAdministrativeExpenses": 0,
    "sellingAndMarketingExpenses": 0,
    "sellingGeneralAndAdministrativeExpenses": 16943000,
    "otherExpenses": 137056000,
    "operatingExpenses": 156799000,
    "costAndExpenses": 514132000,
    "interestIncome": 4182000,
    "interestExpense": 77525000,
    "depreciationAndAmortization": 100851000,
    "ebitda": 267632000,
    "ebitdaratio": 0.3930487448,
    "operatingIncome": 166963000,
    "operatingIncomeRatio": 0.2452046003,
    "totalOtherIncomeExpensesNet": -72639000,
    "incomeBeforeTax": 94324000,
    "incomeBeforeTaxRatio": 0.1385257735,
    "incomeTaxExpense": 40100000,
    "netIncome": 55478000,
    "netIncomeRatio": 0.0814759007,
    "eps": 0.31,
    "epsdiluted": 0.31,
    "weightedAverageShsOut": 176907000,
    "weightedAverageShsOutDil": 178113000,
    "link": "https://www.sec.gov/Archives/edgar/data/1410636/000119312513085812/0001193125-13-085812-index.htm",
    "finalLink": "https://www.sec.gov/Archives/edgar/data/1410636/000119312513085812/d444550d10k.htm"
  },
  {
    "date": "2012-09-30",
    "symbol": "AWK",
    "reportedCurrency": "USD",
    "cik": "0001410636",
    "fillingDate": "2012-11-07",
    "acceptedDate": "2012-11-07 17:08:20",
    "calendarYear": "2012",
    "period": "Q3",
    "revenue": 831815000,
    "costOfRevenue": 355126000,
    "grossProfit": 476689000,
    "grossProfitRatio": 0.5730709352,
    "researchAndDevelopmentExpenses": 0,
    "generalAndAdministrativeExpenses": 0,
    "sellingAndMarketingExpenses": 0,
    "sellingGeneralAndAdministrativeExpenses": 0,
    "otherExpenses": 149049000,
    "operatingExpenses": 149049000,
    "costAndExpenses": 859301000,
    "interestIncome": 2837000,
    "interestExpense": 77938000,
    "depreciationAndAmortization": 96219000,
    "ebitda": 430696000,
    "ebitdaratio": 0.5177785926,
    "operatingIncome": 327640000,
    "operatingIncomeRatio": 0.3938856597,
    "totalOtherIncomeExpensesNet": -72616000,
    "incomeBeforeTax": 255024000,
    "incomeBeforeTaxRatio": 0.3065874022,
    "incomeTaxExpense": 100913000,
    "netIncome": 153812000,
    "netIncomeRatio": 0.1849113084,
    "eps": 0.87,
    "epsdiluted": 0.86,
    "weightedAverageShsOut": 176621000,
    "weightedAverageShsOutDil": 177841000,
    "link": "https://www.sec.gov/Archives/edgar/data/1410636/000119312512457734/0001193125-12-457734-index.htm",
    "finalLink": "https://www.sec.gov/Archives/edgar/data/1410636/000119312512457734/d417295d10q.htm"
  },
  {
    "date": "2012-06-30",
    "symbol": "AWK",
    "reportedCurrency": "USD",
    "cik": "0001410636",
    "fillingDate": "2012-08-02",
    "acceptedDate": "2012-08-02 16:54:52",
    "calendarYear": "2012",
    "period": "Q2",
    "revenue": 745607000,
    "costOfRevenue": 327577000,
    "grossProfit": 418030000,
    "grossProfitRatio": 0.56065729,
    "researchAndDevelopmentExpenses": 0,
    "generalAndAdministrativeExpenses": 0,
    "sellingAndMarketingExpenses": 0,
    "sellingGeneralAndAdministrativeExpenses": 0,
    "otherExpenses": 147398000,
    "operatingExpenses": 147398000,
    "costAndExpenses": 475188000,
    "interestIncome": 2821000,
    "interestExpense": 81100000,
    "depreciationAndAmortization": 92329000,
    "ebitda": 372145000,
    "ebitdaratio": 0.499116827,
    "operatingIncome": 270632000,
    "operatingIncomeRatio": 0.3629686953,
    "totalOtherIncomeExpensesNet": -73367000,
    "incomeBeforeTax": 197265000,
    "incomeBeforeTaxRatio": 0.2645696728,
    "incomeTaxExpense": 80602000,
    "netIncome": 107026000,
    "netIncomeRatio": 0.1435421073,
    "eps": 0.61,
    "epsdiluted": 0.6,
    "weightedAverageShsOut": 176331000,
    "weightedAverageShsOutDil": 177491000,
    "link": "https://www.sec.gov/Archives/edgar/data/1410636/000119312512332103/0001193125-12-332103-index.htm",
    "finalLink": "https://www.sec.gov/Archives/edgar/data/1410636/000119312512332103/d369178d10q.htm"
  },
  {
    "date": "2012-03-31",
    "symbol": "AWK",
    "reportedCurrency": "USD",
    "cik": "0001410636",
    "fillingDate": "2012-05-02",
    "acceptedDate": "2012-05-02 16:57:38",
    "calendarYear": "2012",
    "period": "Q1",
    "revenue": 618554000,
    "costOfRevenue": 310004000,
    "grossProfit": 308550000,
    "grossProfitRatio": 0.4988246782,
    "researchAndDevelopmentExpenses": 0,
    "generalAndAdministrativeExpenses": 0,
    "sellingAndMarketingExpenses": 0,
    "sellingGeneralAndAdministrativeExpenses": 0,
    "otherExpenses": 148812000,
    "operatingExpenses": 148812000,
    "costAndExpenses": 459229000,
    "interestIncome": 2812000,
    "interestExpense": 81015000,
    "depreciationAndAmortization": 92104000,
    "ebitda": 259215000,
    "ebitdaratio": 0.4190660799,
    "operatingIncome": 159738000,
    "operatingIncomeRatio": 0.2582442277,
    "totalOtherIncomeExpensesNet": -75093000,
    "incomeBeforeTax": 84645000,
    "incomeBeforeTaxRatio": 0.1368433475,
    "incomeTaxExpense": 35393000,
    "netIncome": 41754000,
    "netIncomeRatio": 0.0675025948,
    "eps": 0.24,
    "epsdiluted": 0.24,
    "weightedAverageShsOut": 175914000,
    "weightedAverageShsOutDil": 177028000,
    "link": "https://www.sec.gov/Archives/edgar/data/1410636/000119312512204941/0001193125-12-204941-index.htm",
    "finalLink": "https://www.sec.gov/Archives/edgar/data/1410636/000119312512204941/d324204d10q.htm"
  },
  {
    "date": "2011-12-31",
    "symbol": "AWK",
    "reportedCurrency": "USD",
    "cik": "0001410636",
    "fillingDate": "2012-02-28",
    "acceptedDate": "2012-02-28 15:14:21",
    "calendarYear": "2011",
    "period": "Q4",
    "revenue": 623716000,
    "costOfRevenue": 0,
    "grossProfit": 623716000,
    "grossProfitRatio": 1,
    "researchAndDevelopmentExpenses": 0,
    "generalAndAdministrativeExpenses": 0,
    "sellingAndMarketingExpenses": 0,
    "sellingGeneralAndAdministrativeExpenses": 0,
    "otherExpenses": 446230000,
    "operatingExpenses": 446230000,
    "costAndExpenses": 446230000,
    "interestIncome": 3002000,
    "interestExpense": 82091000,
    "depreciationAndAmortization": 88794000,
    "ebitda": 273108000,
    "ebitdaratio": 0.437872365,
    "operatingIncome": 177140000,
    "operatingIncomeRatio": 0.2840074649,
    "totalOtherIncomeExpensesNet": -74917000,
    "incomeBeforeTax": 102223000,
    "incomeBeforeTaxRatio": 0.1638935028,
    "incomeTaxExpense": 41082000,
    "netIncome": 40293000,
    "netIncomeRatio": 0.0646015174,
    "eps": 0.23,
    "epsdiluted": 0.23,
    "weightedAverageShsOut": 175914000,
    "weightedAverageShsOutDil": 177028000,
    "link": "https://www.sec.gov/Archives/edgar/data/1410636/000119312512084903/0001193125-12-084903-index.htm",
    "finalLink": "https://www.sec.gov/Archives/edgar/data/1410636/000119312512084903/d265318d10k.htm"
  },
  {
    "date": "2011-09-30",
    "symbol": "AWK",
    "reportedCurrency": "USD",
    "cik": "0001410636",
    "fillingDate": "2011-11-02",
    "acceptedDate": "2011-11-02 16:39:41",
    "calendarYear": "2011",
    "period": "Q3",
    "revenue": 766450000,
    "costOfRevenue": 345757000,
    "grossProfit": 420693000,
    "grossProfitRatio": 0.5488851197,
    "researchAndDevelopmentExpenses": 0,
    "generalAndAdministrativeExpenses": 0,
    "sellingAndMarketingExpenses": 0,
    "sellingGeneralAndAdministrativeExpenses": 0,
    "otherExpenses": 478015000,
    "operatingExpenses": 478015000,
    "costAndExpenses": 479460000,
    "interestIncome": 2601000,
    "interestExpense": 81203000,
    "depreciationAndAmortization": 88424000,
    "ebitda": 376416000,
    "ebitdaratio": 0.491116185,
    "operatingIncome": 281317000,
    "operatingIncomeRatio": 0.3670389458,
    "totalOtherIncomeExpensesNet": -74519000,
    "incomeBeforeTax": 206759000,
    "incomeBeforeTaxRatio": 0.2697618892,
    "incomeTaxExpense": 78354000,
    "netIncome": 137422000,
    "netIncomeRatio": 0.1792967578,
    "eps": 0.78,
    "epsdiluted": 0.78,
    "weightedAverageShsOut": 175547000,
    "weightedAverageShsOutDil": 176593000,
    "link": "https://www.sec.gov/Archives/edgar/data/1410636/000119312511292885/0001193125-11-292885-index.htm",
    "finalLink": "https://www.sec.gov/Archives/edgar/data/1410636/000119312511292885/d236523d10q.htm"
  },
  {
    "date": "2011-06-30",
    "symbol": "AWK",
    "reportedCurrency": "USD",
    "cik": "0001410636",
    "fillingDate": "2011-08-03",
    "acceptedDate": "2011-08-03 16:46:18",
    "calendarYear": "2011",
    "period": "Q2",
    "revenue": 674248000,
    "costOfRevenue": 332310000,
    "grossProfit": 341938000,
    "grossProfitRatio": 0.5071398061,
    "researchAndDevelopmentExpenses": 0,
    "generalAndAdministrativeExpenses": 0,
    "sellingAndMarketingExpenses": 0,
    "sellingGeneralAndAdministrativeExpenses": 0,
    "otherExpenses": 464307000,
    "operatingExpenses": 464307000,
    "costAndExpenses": 464307000,
    "interestIncome": 2663000,
    "interestExpense": 81167000,
    "depreciationAndAmortization": 86584000,
    "ebitda": 294649000,
    "ebitdaratio": 0.4370038917,
    "operatingIncome": 201160000,
    "operatingIncomeRatio": 0.2983471957,
    "totalOtherIncomeExpensesNet": -75311000,
    "incomeBeforeTax": 125813000,
    "incomeBeforeTaxRatio": 0.1865975131,
    "incomeTaxExpense": 51160000,
    "netIncome": 81110000,
    "netIncomeRatio": 0.1202969827,
    "eps": 0.46,
    "epsdiluted": 0.46,
    "weightedAverageShsOut": 175469000,
    "weightedAverageShsOutDil": 176419000,
    "link": "https://www.sec.gov/Archives/edgar/data/1410636/000119312511208312/0001193125-11-208312-index.htm",
    "finalLink": "https://www.sec.gov/Archives/edgar/data/1410636/000119312511208312/d10q.htm"
  },
  {
    "date": "2011-03-31",
    "symbol": "AWK",
    "reportedCurrency": "USD",
    "cik": "0001410636",
    "fillingDate": "2011-05-04",
    "acceptedDate": "2011-05-04 16:41:42",
    "calendarYear": "2011",
    "period": "Q1",
    "revenue": 610936000,
    "costOfRevenue": 320571000,
    "grossProfit": 290365000,
    "grossProfitRatio": 0.4752789163,
    "researchAndDevelopmentExpenses": 0,
    "generalAndAdministrativeExpenses": 0,
    "sellingAndMarketingExpenses": 0,
    "sellingGeneralAndAdministrativeExpenses": 0,
    "otherExpenses": 457042000,
    "operatingExpenses": 457042000,
    "costAndExpenses": 457042000,
    "interestIncome": 2676000,
    "interestExpense": 79158000,
    "depreciationAndAmortization": 88019000,
    "ebitda": 234362000,
    "ebitdaratio": 0.3836113766,
    "operatingIncome": 144873000,
    "operatingIncomeRatio": 0.2371328584,
    "totalOtherIncomeExpensesNet": -76229000,
    "incomeBeforeTax": 70113000,
    "incomeBeforeTaxRatio": 0.1147632485,
    "incomeTaxExpense": 28649000,
    "netIncome": 47332000,
    "netIncomeRatio": 0.0774745636,
    "eps": 0.27,
    "epsdiluted": 0.27,
    "weightedAverageShsOut": 175259000,
    "weightedAverageShsOutDil": 176048000,
    "link": "https://www.sec.gov/Archives/edgar/data/1410636/000119312511126204/0001193125-11-126204-index.htm",
    "finalLink": "https://www.sec.gov/Archives/edgar/data/1410636/000119312511126204/d10q.htm"
  },
  {
    "date": "2010-12-31",
    "symbol": "AWK",
    "reportedCurrency": "USD",
    "cik": "0001410636",
    "fillingDate": "2011-02-28",
    "acceptedDate": "2011-02-25 20:58:29",
    "calendarYear": "2010",
    "period": "Q4",
    "revenue": 664384000,
    "costOfRevenue": 0,
    "grossProfit": 664384000,
    "grossProfitRatio": 1,
    "researchAndDevelopmentExpenses": 0,
    "generalAndAdministrativeExpenses": 0,
    "sellingAndMarketingExpenses": 0,
    "sellingGeneralAndAdministrativeExpenses": 0,
    "otherExpenses": 512296000,
    "operatingExpenses": 512296000,
    "costAndExpenses": 512296000,
    "interestIncome": 0,
    "interestExpense": 82736000,
    "depreciationAndAmortization": 122494000,
    "ebitda": 280086000,
    "ebitdaratio": 0.4215724641,
    "operatingIncome": 152088000,
    "operatingIncomeRatio": 0.2289158077,
    "totalOtherIncomeExpensesNet": -77232000,
    "incomeBeforeTax": 74856000,
    "incomeBeforeTaxRatio": 0.1126697813,
    "incomeTaxExpense": 34702000,
    "netIncome": 40154000,
    "netIncomeRatio": 0.0604379395,
    "eps": 0.23,
    "epsdiluted": 0.23,
    "weightedAverageShsOut": 175259000,
    "weightedAverageShsOutDil": 176048000,
    "link": "https://www.sec.gov/Archives/edgar/data/1410636/000119312511047938/0001193125-11-047938-index.htm",
    "finalLink": "https://www.sec.gov/Archives/edgar/data/1410636/000119312511047938/d10k.htm"
  },
  {
    "date": "2010-09-30",
    "symbol": "AWK",
    "reportedCurrency": "USD",
    "cik": "0001410636",
    "fillingDate": "2010-11-03",
    "acceptedDate": "2010-11-03 16:26:37",
    "calendarYear": "2010",
    "period": "Q3",
    "revenue": 786946000,
    "costOfRevenue": 378034000,
    "grossProfit": 408912000,
    "grossProfitRatio": 0.5196188811,
    "researchAndDevelopmentExpenses": 0,
    "generalAndAdministrativeExpenses": 0,
    "sellingAndMarketingExpenses": 0,
    "sellingGeneralAndAdministrativeExpenses": 0,
    "otherExpenses": 512991000,
    "operatingExpenses": 512991000,
    "costAndExpenses": 512991000,
    "interestIncome": 2531000,
    "interestExpense": 77099000,
    "depreciationAndAmortization": 79431000,
    "ebitda": 353386000,
    "ebitdaratio": 0.4490600372,
    "operatingIncome": 273955000,
    "operatingIncomeRatio": 0.3481242677,
    "totalOtherIncomeExpensesNet": -71232000,
    "incomeBeforeTax": 202723000,
    "incomeBeforeTaxRatio": 0.2576072564,
    "incomeTaxExpense": 78609000,
    "netIncome": 124114000,
    "netIncomeRatio": 0.1577160313,
    "eps": 0.71,
    "epsdiluted": 0.71,
    "weightedAverageShsOut": 174859000,
    "weightedAverageShsOutDil": 175062000,
    "link": "https://www.sec.gov/Archives/edgar/data/1410636/000119312510246179/0001193125-10-246179-index.htm",
    "finalLink": "https://www.sec.gov/Archives/edgar/data/1410636/000119312510246179/d10q.htm"
  },
  {
    "date": "2010-06-30",
    "symbol": "AWK",
    "reportedCurrency": "USD",
    "cik": "0001410636",
    "fillingDate": "2010-08-04",
    "acceptedDate": "2010-08-04 16:34:35",
    "calendarYear": "2010",
    "period": "Q2",
    "revenue": 671223000,
    "costOfRevenue": 344863000,
    "grossProfit": 326360000,
    "grossProfitRatio": 0.4862169503,
    "researchAndDevelopmentExpenses": 0,
    "generalAndAdministrativeExpenses": 0,
    "sellingAndMarketingExpenses": 0,
    "sellingGeneralAndAdministrativeExpenses": 0,
    "otherExpenses": 475240000,
    "operatingExpenses": 475240000,
    "costAndExpenses": 475240000,
    "interestIncome": 2614000,
    "interestExpense": 81348000,
    "depreciationAndAmortization": 65817000,
    "ebitda": 280011000,
    "ebitdaratio": 0.4171653832,
    "operatingIncome": 195983000,
    "operatingIncomeRatio": 0.2919789697,
    "totalOtherIncomeExpensesNet": -74411000,
    "incomeBeforeTax": 121572000,
    "incomeBeforeTaxRatio": 0.1811201344,
    "incomeTaxExpense": 48821000,
    "netIncome": 72751000,
    "netIncomeRatio": 0.1083857377,
    "eps": 0.42,
    "epsdiluted": 0.42,
    "weightedAverageShsOut": 174774000,
    "weightedAverageShsOutDil": 174850000,
    "link": "https://www.sec.gov/Archives/edgar/data/1410636/000119312510177283/0001193125-10-177283-index.htm",
    "finalLink": "https://www.sec.gov/Archives/edgar/data/1410636/000119312510177283/d10q.htm"
  },
  {
    "date": "2010-03-31",
    "symbol": "AWK",
    "reportedCurrency": "USD",
    "cik": "0001410636",
    "fillingDate": "2010-05-04",
    "acceptedDate": "2010-05-04 16:26:17",
    "calendarYear": "2010",
    "period": "Q1",
    "revenue": 588053000,
    "costOfRevenue": 330423000,
    "grossProfit": 257630000,
    "grossProfitRatio": 0.4381067693,
    "researchAndDevelopmentExpenses": 0,
    "generalAndAdministrativeExpenses": 0,
    "sellingAndMarketingExpenses": 0,
    "sellingGeneralAndAdministrativeExpenses": 0,
    "otherExpenses": 461988000,
    "operatingExpenses": 461988000,
    "costAndExpenses": 461988000,
    "interestIncome": 2305000,
    "interestExpense": 81020000,
    "depreciationAndAmortization": 76232000,
    "ebitda": 211406000,
    "ebitdaratio": 0.3595016095,
    "operatingIncome": 126065000,
    "operatingIncomeRatio": 0.2143769354,
    "totalOtherIncomeExpensesNet": -77716000,
    "incomeBeforeTax": 50285000,
    "incomeBeforeTaxRatio": 0.0855109999,
    "incomeTaxExpense": 19477000,
    "netIncome": 30808000,
    "netIncomeRatio": 0.0523898356,
    "eps": 0.18,
    "epsdiluted": 0.18,
    "weightedAverageShsOut": 174721000,
    "weightedAverageShsOutDil": 174797000,
    "link": "https://www.sec.gov/Archives/edgar/data/1410636/000119312510106573/0001193125-10-106573-index.htm",
    "finalLink": "https://www.sec.gov/Archives/edgar/data/1410636/000119312510106573/d10q.htm"
  },
  {
    "date": "2009-12-31",
    "symbol": "AWK",
    "reportedCurrency": "USD",
    "cik": "0001410636",
    "fillingDate": "2010-03-01",
    "acceptedDate": "2010-03-01 13:46:36",
    "calendarYear": "2009",
    "period": "Q4",
    "revenue": 597837000,
    "costOfRevenue": 0,
    "grossProfit": 597837000,
    "grossProfitRatio": 1,
    "researchAndDevelopmentExpenses": 0,
    "generalAndAdministrativeExpenses": 0,
    "sellingAndMarketingExpenses": 0,
    "sellingGeneralAndAdministrativeExpenses": 0,
    "otherExpenses": 460456000,
    "operatingExpenses": 460456000,
    "costAndExpenses": 460456000,
    "interestIncome": 0,
    "interestExpense": 76754000,
    "depreciationAndAmortization": 87803000,
    "ebitda": 227473000,
    "ebitdaratio": 0.3804933452,
    "operatingIncome": 137381000,
    "operatingIncomeRatio": 0.2297967506,
    "totalOtherIncomeExpensesNet": -74465000,
    "incomeBeforeTax": 62916000,
    "incomeBeforeTaxRatio": 0.105239388,
    "incomeTaxExpense": 26545000,
    "netIncome": 36371000,
    "netIncomeRatio": 0.0608376531,
    "eps": 0.21,
    "epsdiluted": 0.21,
    "weightedAverageShsOut": 174721000,
    "weightedAverageShsOutDil": 174797000,
    "link": "https://www.sec.gov/Archives/edgar/data/1410636/000119312510044392/0001193125-10-044392-index.htm",
    "finalLink": "https://www.sec.gov/Archives/edgar/data/1410636/000119312510044392/d10k.htm"
  },
  {
    "date": "2009-09-30",
    "symbol": "AWK",
    "reportedCurrency": "USD",
    "cik": "0001410636",
    "fillingDate": "2009-11-09",
    "acceptedDate": "2009-11-09 11:37:00",
    "calendarYear": "2009",
    "period": "Q3",
    "revenue": 679956000,
    "costOfRevenue": 340862000,
    "grossProfit": 339094000,
    "grossProfitRatio": 0.4986999159,
    "researchAndDevelopmentExpenses": 0,
    "generalAndAdministrativeExpenses": 0,
    "sellingAndMarketingExpenses": 0,
    "sellingGeneralAndAdministrativeExpenses": 0,
    "otherExpenses": 465550000,
    "operatingExpenses": 465550000,
    "costAndExpenses": 465550000,
    "interestIncome": 0,
    "interestExpense": 74124000,
    "depreciationAndAmortization": 74854000,
    "ebitda": 290779000,
    "ebitdaratio": 0.4276438475,
    "operatingIncome": 214406000,
    "operatingIncomeRatio": 0.3153233445,
    "totalOtherIncomeExpensesNet": -72605000,
    "incomeBeforeTax": 141801000,
    "incomeBeforeTaxRatio": 0.2085443764,
    "incomeTaxExpense": 50165000,
    "netIncome": 91636000,
    "netIncomeRatio": 0.1347675438,
    "eps": 0.52,
    "epsdiluted": 0.52,
    "weightedAverageShsOut": 174595000,
    "weightedAverageShsOutDil": 174691000,
    "link": "https://www.sec.gov/Archives/edgar/data/1410636/000119312509228817/0001193125-09-228817-index.htm",
    "finalLink": "https://www.sec.gov/Archives/edgar/data/1410636/000119312509228817/d10q.htm"
  },
  {
    "date": "2009-06-30",
    "symbol": "AWK",
    "reportedCurrency": "USD",
    "cik": "0001410636",
    "fillingDate": "2009-08-06",
    "acceptedDate": "2009-08-06 11:41:41",
    "calendarYear": "2009",
    "period": "Q2",
    "revenue": 612740000,
    "costOfRevenue": 330597000,
    "grossProfit": 282143000,
    "grossProfitRatio": 0.460461207,
    "researchAndDevelopmentExpenses": 0,
    "generalAndAdministrativeExpenses": 0,
    "sellingAndMarketingExpenses": 0,
    "sellingGeneralAndAdministrativeExpenses": 0,
    "otherExpenses": 455548000,
    "operatingExpenses": 455548000,
    "costAndExpenses": 455548000,
    "interestIncome": 2413000,
    "interestExpense": 73688000,
    "depreciationAndAmortization": 73242000,
    "ebitda": 235469000,
    "ebitdaratio": 0.3842886053,
    "operatingIncome": 157192000,
    "operatingIncomeRatio": 0.2565394784,
    "totalOtherIncomeExpensesNet": -71066000,
    "incomeBeforeTax": 86126000,
    "incomeBeforeTaxRatio": 0.1405588014,
    "incomeTaxExpense": 34137000,
    "netIncome": 51989000,
    "netIncomeRatio": 0.0848467539,
    "eps": 0.32,
    "epsdiluted": 0.32,
    "weightedAverageShsOut": 163229000,
    "weightedAverageShsOutDil": 163301000,
    "link": "https://www.sec.gov/Archives/edgar/data/1410636/000119312509166688/0001193125-09-166688-index.htm",
    "finalLink": "https://www.sec.gov/Archives/edgar/data/1410636/000119312509166688/d10q.htm"
  },
  {
    "date": "2009-03-31",
    "symbol": "AWK",
    "reportedCurrency": "USD",
    "cik": "0001410636",
    "fillingDate": "2009-05-06",
    "acceptedDate": "2009-05-06 12:14:58",
    "calendarYear": "2009",
    "period": "Q1",
    "revenue": 550170000,
    "costOfRevenue": 314402000,
    "grossProfit": 235768000,
    "grossProfitRatio": 0.4285366341,
    "researchAndDevelopmentExpenses": 0,
    "generalAndAdministrativeExpenses": 0,
    "sellingAndMarketingExpenses": 0,
    "sellingGeneralAndAdministrativeExpenses": 0,
    "otherExpenses": 435540000,
    "operatingExpenses": 435540000,
    "costAndExpenses": 1199942000,
    "interestIncome": 2549000,
    "interestExpense": 74528000,
    "depreciationAndAmortization": 78852000,
    "ebitda": -249128000,
    "ebitdaratio": -0.4528200374,
    "operatingIncome": -335370000,
    "operatingIncomeRatio": -0.6095752222,
    "totalOtherIncomeExpensesNet": 247264000,
    "incomeBeforeTax": -402508000,
    "incomeBeforeTaxRatio": -0.7316065943,
    "incomeTaxExpense": 10571000,
    "netIncome": -413079000,
    "netIncomeRatio": -0.7508206554,
    "eps": -2.58,
    "epsdiluted": -2.58,
    "weightedAverageShsOut": 160011000,
    "weightedAverageShsOutDil": 160011000,
    "link": "https://www.sec.gov/Archives/edgar/data/1410636/000119312509101146/0001193125-09-101146-index.htm",
    "finalLink": "https://www.sec.gov/Archives/edgar/data/1410636/000119312509101146/d10q.htm"
  },
  {
    "date": "2008-12-31",
    "symbol": "AWK",
    "reportedCurrency": "USD",
    "cik": "0001410636",
    "fillingDate": "2009-02-27",
    "acceptedDate": "2009-02-27 13:40:29",
    "calendarYear": "2008",
    "period": "Q4",
    "revenue": 568551000,
    "costOfRevenue": 0,
    "grossProfit": 568551000,
    "grossProfitRatio": 1,
    "researchAndDevelopmentExpenses": 0,
    "generalAndAdministrativeExpenses": 0,
    "sellingAndMarketingExpenses": 0,
    "sellingGeneralAndAdministrativeExpenses": 0,
    "otherExpenses": 445357000,
    "operatingExpenses": 445357000,
    "costAndExpenses": 445357000,
    "interestIncome": 0,
    "interestExpense": 0,
    "depreciationAndAmortization": 111839000,
    "ebitda": 235033000,
    "ebitdaratio": 0.4133894761,
    "operatingIncome": 123194000,
    "operatingIncomeRatio": 0.2166806496,
    "totalOtherIncomeExpensesNet": -58741000,
    "incomeBeforeTax": 64453000,
    "incomeBeforeTaxRatio": 0.1133636209,
    "incomeTaxExpense": 28215000,
    "netIncome": 36182000,
    "netIncomeRatio": 0.0636389699,
    "eps": 0.23,
    "epsdiluted": 0.23,
    "weightedAverageShsOut": 159988000,
    "weightedAverageShsOutDil": 160011000,
    "link": "https://www.sec.gov/Archives/edgar/data/1410636/000119312509040650/0001193125-09-040650-index.htm",
    "finalLink": "https://www.sec.gov/Archives/edgar/data/1410636/000119312509040650/d10k.htm"
  },
  {
    "date": "2008-09-30",
    "symbol": "AWK",
    "reportedCurrency": "USD",
    "cik": "0001410636",
    "fillingDate": "2008-11-06",
    "acceptedDate": "2008-11-06 14:05:14",
    "calendarYear": "2008",
    "period": "Q3",
    "revenue": 672193000,
    "costOfRevenue": 342226000,
    "grossProfit": 329967000,
    "grossProfitRatio": 0.4908813391,
    "researchAndDevelopmentExpenses": 0,
    "generalAndAdministrativeExpenses": 0,
    "sellingAndMarketingExpenses": 0,
    "sellingGeneralAndAdministrativeExpenses": 0,
    "otherExpenses": 457223000,
    "operatingExpenses": 457223000,
    "costAndExpenses": 459982000,
    "interestIncome": 0,
    "interestExpense": 0,
    "depreciationAndAmortization": 47970000,
    "ebitda": 280587000,
    "ebitdaratio": 0.4174202945,
    "operatingIncome": 212211000,
    "operatingIncomeRatio": 0.3156995089,
    "totalOtherIncomeExpensesNet": -66449000,
    "incomeBeforeTax": 145762000,
    "incomeBeforeTaxRatio": 0.2168454596,
    "incomeTaxExpense": 57549000,
    "netIncome": 88158000,
    "netIncomeRatio": 0.1311498335,
    "eps": 0.55,
    "epsdiluted": 0.55,
    "weightedAverageShsOut": 159949000,
    "weightedAverageShsOutDil": 160000000,
    "link": "https://www.sec.gov/Archives/edgar/data/1410636/000119312508227647/0001193125-08-227647-index.htm",
    "finalLink": "https://www.sec.gov/Archives/edgar/data/1410636/000119312508227647/d10q.htm"
  },
  {
    "date": "2008-06-30",
    "symbol": "AWK",
    "reportedCurrency": "USD",
    "cik": "0001410636",
    "fillingDate": "2008-08-12",
    "acceptedDate": "2008-08-12 11:53:31",
    "calendarYear": "2008",
    "period": "Q2",
    "revenue": 589369000,
    "costOfRevenue": 330575000,
    "grossProfit": 258794000,
    "grossProfitRatio": 0.4391035158,
    "researchAndDevelopmentExpenses": 0,
    "generalAndAdministrativeExpenses": 0,
    "sellingAndMarketingExpenses": 0,
    "sellingGeneralAndAdministrativeExpenses": 0,
    "otherExpenses": 446193000,
    "operatingExpenses": 446193000,
    "costAndExpenses": 448952000,
    "interestIncome": 0,
    "interestExpense": 0,
    "depreciationAndAmortization": 77564000,
    "ebitda": 217981000,
    "ebitdaratio": 0.3698548787,
    "operatingIncome": 142658000,
    "operatingIncomeRatio": 0.242052093,
    "totalOtherIncomeExpensesNet": -64753000,
    "incomeBeforeTax": 75664000,
    "incomeBeforeTaxRatio": 0.1283813706,
    "incomeTaxExpense": 30166000,
    "netIncome": 45498000,
    "netIncomeRatio": 0.0771978166,
    "eps": 0.28,
    "epsdiluted": 0.28,
    "weightedAverageShsOut": 159932000,
    "weightedAverageShsOutDil": 159976000,
    "link": "https://www.sec.gov/Archives/edgar/data/1410636/000119312508174452/0001193125-08-174452-index.htm",
    "finalLink": "https://www.sec.gov/Archives/edgar/data/1410636/000119312508174452/d10q.htm"
  },
  {
    "date": "2008-03-31",
    "symbol": "AWK",
    "reportedCurrency": "USD",
    "cik": "0001410636",
    "fillingDate": "2008-05-14",
    "acceptedDate": "2008-05-14 15:47:25",
    "calendarYear": "2008",
    "period": "Q1",
    "revenue": 506815000,
    "costOfRevenue": 311261000,
    "grossProfit": 195554000,
    "grossProfitRatio": 0.3858488798,
    "researchAndDevelopmentExpenses": 0,
    "generalAndAdministrativeExpenses": 0,
    "sellingAndMarketingExpenses": 0,
    "sellingGeneralAndAdministrativeExpenses": 0,
    "otherExpenses": 1178561000,
    "operatingExpenses": 1178561000,
    "costAndExpenses": 1178561000,
    "interestIncome": 0,
    "interestExpense": 0,
    "depreciationAndAmortization": 74065000,
    "ebitda": -597681000,
    "ebitdaratio": -1.1792883005,
    "operatingIncome": -670358000,
    "operatingIncomeRatio": -1.3226877658,
    "totalOtherIncomeExpensesNet": -66172000,
    "incomeBeforeTax": -736530000,
    "incomeBeforeTaxRatio": -1.4532521729,
    "incomeTaxExpense": -4102000,
    "netIncome": -732428000,
    "netIncomeRatio": -1.4451584898,
    "eps": -4.58,
    "epsdiluted": -4.58,
    "weightedAverageShsOut": 160000000,
    "weightedAverageShsOutDil": 160000000,
    "link": "https://www.sec.gov/Archives/edgar/data/1410636/000119312508114600/0001193125-08-114600-index.htm",
    "finalLink": "https://www.sec.gov/Archives/edgar/data/1410636/000119312508114600/d10q.htm"
  },
  {
    "date": "2007-12-31",
    "symbol": "AWK",
    "reportedCurrency": "USD",
    "cik": "0001410636",
    "fillingDate": "2007-12-31",
    "acceptedDate": "2007-12-30 19:00:00",
    "calendarYear": "2007",
    "period": "Q4",
    "revenue": 553554000,
    "costOfRevenue": 0,
    "grossProfit": 553554000,
    "grossProfitRatio": 1,
    "researchAndDevelopmentExpenses": 0,
    "generalAndAdministrativeExpenses": 0,
    "sellingAndMarketingExpenses": 0,
    "sellingGeneralAndAdministrativeExpenses": 0,
    "otherExpenses": 553554000,
    "operatingExpenses": 553554000,
    "costAndExpenses": 553554000,
    "interestIncome": 0,
    "interestExpense": 0,
    "depreciationAndAmortization": 0,
    "ebitda": -1657725000,
    "ebitdaratio": -2.9946942846,
    "operatingIncome": -1657725000,
    "operatingIncomeRatio": -2.9946942846,
    "totalOtherIncomeExpensesNet": 1657725000,
    "incomeBeforeTax": 0,
    "incomeBeforeTaxRatio": 0,
    "incomeTaxExpense": 85707000,
    "netIncome": -85707000,
    "netIncomeRatio": -0.154830423,
    "eps": -0.54,
    "epsdiluted": -0.54,
    "weightedAverageShsOut": 160000000,
    "weightedAverageShsOutDil": 160000000,
    "link": "",
    "finalLink": ""
  },
  {
    "date": "2007-09-30",
    "symbol": "AWK",
    "reportedCurrency": "USD",
    "cik": "0001410636",
    "fillingDate": "2007-09-30",
    "acceptedDate": "2007-09-29 20:00:00",
    "calendarYear": "2007",
    "period": "Q3",
    "revenue": 553554000,
    "costOfRevenue": 0,
    "grossProfit": 553554000,
    "grossProfitRatio": 1,
    "researchAndDevelopmentExpenses": 0,
    "generalAndAdministrativeExpenses": 0,
    "sellingAndMarketingExpenses": 0,
    "sellingGeneralAndAdministrativeExpenses": 0,
    "otherExpenses": 0,
    "operatingExpenses": 0,
    "costAndExpenses": 553554000,
    "interestIncome": 0,
    "interestExpense": 0,
    "depreciationAndAmortization": 0,
    "ebitda": 553554000,
    "ebitdaratio": 1,
    "operatingIncome": 553554000,
    "operatingIncomeRatio": 1,
    "totalOtherIncomeExpensesNet": -553554000,
    "incomeBeforeTax": 0,
    "incomeBeforeTaxRatio": 0,
    "incomeTaxExpense": 85707000,
    "netIncome": -85707000,
    "netIncomeRatio": -0.154830423,
    "eps": -0.54,
    "epsdiluted": -0.54,
    "weightedAverageShsOut": 158716667,
    "weightedAverageShsOutDil": 158716667,
    "link": "",
    "finalLink": ""
  },
  {
    "date": "2007-06-30",
    "symbol": "AWK",
    "reportedCurrency": "USD",
    "cik": "0001410636",
    "fillingDate": "2007-06-30",
    "acceptedDate": "2007-06-29 20:00:00",
    "calendarYear": "2007",
    "period": "Q2",
    "revenue": 553554000,
    "costOfRevenue": 0,
    "grossProfit": 553554000,
    "grossProfitRatio": 1,
    "researchAndDevelopmentExpenses": 0,
    "generalAndAdministrativeExpenses": 0,
    "sellingAndMarketingExpenses": 0,
    "sellingGeneralAndAdministrativeExpenses": 0,
    "otherExpenses": 0,
    "operatingExpenses": 0,
    "costAndExpenses": 553554000,
    "interestIncome": 0,
    "interestExpense": 0,
    "depreciationAndAmortization": 0,
    "ebitda": 553554000,
    "ebitdaratio": 1,
    "operatingIncome": 553554000,
    "operatingIncomeRatio": 1,
    "totalOtherIncomeExpensesNet": -553554000,
    "incomeBeforeTax": 0,
    "incomeBeforeTaxRatio": 0,
    "incomeTaxExpense": 85707000,
    "netIncome": -85707000,
    "netIncomeRatio": -0.154830423,
    "eps": -0.54,
    "epsdiluted": -0.54,
    "weightedAverageShsOut": 158716667,
    "weightedAverageShsOutDil": 158716667,
    "link": "",
    "finalLink": ""
  },
  {
    "date": "2007-03-31",
    "symbol": "AWK",
    "reportedCurrency": "USD",
    "cik": "0001410636",
    "fillingDate": "2007-03-31",
    "acceptedDate": "2007-03-30 20:00:00",
    "calendarYear": "2007",
    "period": "Q1",
    "revenue": 553554000,
    "costOfRevenue": 0,
    "grossProfit": 553554000,
    "grossProfitRatio": 1,
    "researchAndDevelopmentExpenses": 0,
    "generalAndAdministrativeExpenses": 0,
    "sellingAndMarketingExpenses": 0,
    "sellingGeneralAndAdministrativeExpenses": 0,
    "otherExpenses": 0,
    "operatingExpenses": 0,
    "costAndExpenses": 553554000,
    "interestIncome": 0,
    "interestExpense": 0,
    "depreciationAndAmortization": 0,
    "ebitda": 553554000,
    "ebitdaratio": 1,
    "operatingIncome": 553554000,
    "operatingIncomeRatio": 1,
    "totalOtherIncomeExpensesNet": -553554000,
    "incomeBeforeTax": 0,
    "incomeBeforeTaxRatio": 0,
    "incomeTaxExpense": 85707000,
    "netIncome": -85707000,
    "netIncomeRatio": -0.154830423,
    "eps": -0.54,
    "epsdiluted": -0.54,
    "weightedAverageShsOut": 158716667,
    "weightedAverageShsOutDil": 158716667,
    "link": "",
    "finalLink": ""
  },
  {
    "date": "2006-12-31",
    "symbol": "AWK",
    "reportedCurrency": "USD",
    "cik": "0001410636",
    "fillingDate": "2006-12-31",
    "acceptedDate": "2006-12-30 19:00:00",
    "calendarYear": "2006",
    "period": "Q4",
    "revenue": 523267000,
    "costOfRevenue": 0,
    "grossProfit": 523267000,
    "grossProfitRatio": 1,
    "researchAndDevelopmentExpenses": 0,
    "generalAndAdministrativeExpenses": 0,
    "sellingAndMarketingExpenses": 0,
    "sellingGeneralAndAdministrativeExpenses": 0,
    "otherExpenses": 523267000,
    "operatingExpenses": 523267000,
    "costAndExpenses": 523267000,
    "interestIncome": 0,
    "interestExpense": 0,
    "depreciationAndAmortization": 0,
    "ebitda": -1316290000,
    "ebitdaratio": -2.5155226682,
    "operatingIncome": -1316290000,
    "operatingIncomeRatio": -2.5155226682,
    "totalOtherIncomeExpensesNet": 1316290000,
    "incomeBeforeTax": 0,
    "incomeBeforeTaxRatio": 0,
    "incomeTaxExpense": 40560000,
    "netIncome": -40560000,
    "netIncomeRatio": -0.0775130096,
    "eps": -0.26,
    "epsdiluted": -0.26,
    "weightedAverageShsOut": 158716667,
    "weightedAverageShsOutDil": 158716667,
    "link": "",
    "finalLink": ""
  },
  {
    "date": "2006-09-30",
    "symbol": "AWK",
    "reportedCurrency": "USD",
    "cik": "0001410636",
    "fillingDate": "2006-09-30",
    "acceptedDate": "2006-09-29 20:00:00",
    "calendarYear": "2006",
    "period": "Q3",
    "revenue": 523267000,
    "costOfRevenue": 0,
    "grossProfit": 523267000,
    "grossProfitRatio": 1,
    "researchAndDevelopmentExpenses": 0,
    "generalAndAdministrativeExpenses": 0,
    "sellingAndMarketingExpenses": 0,
    "sellingGeneralAndAdministrativeExpenses": 0,
    "otherExpenses": 0,
    "operatingExpenses": 0,
    "costAndExpenses": 523267000,
    "interestIncome": 0,
    "interestExpense": 0,
    "depreciationAndAmortization": 0,
    "ebitda": 523267000,
    "ebitdaratio": 1,
    "operatingIncome": 523267000,
    "operatingIncomeRatio": 1,
    "totalOtherIncomeExpensesNet": -523267000,
    "incomeBeforeTax": 0,
    "incomeBeforeTaxRatio": 0,
    "incomeTaxExpense": 40561000,
    "netIncome": -40561000,
    "netIncomeRatio": -0.0775149207,
    "eps": -0.25,
    "epsdiluted": -0.25,
    "weightedAverageShsOut": 162244000,
    "weightedAverageShsOutDil": 162244000,
    "link": "",
    "finalLink": ""
  },
  {
    "date": "2006-06-30",
    "symbol": "AWK",
    "reportedCurrency": "USD",
    "cik": "0001410636",
    "fillingDate": "2006-06-30",
    "acceptedDate": "2006-06-29 20:00:00",
    "calendarYear": "2006",
    "period": "Q2",
    "revenue": 523267000,
    "costOfRevenue": 0,
    "grossProfit": 523267000,
    "grossProfitRatio": 1,
    "researchAndDevelopmentExpenses": 0,
    "generalAndAdministrativeExpenses": 0,
    "sellingAndMarketingExpenses": 0,
    "sellingGeneralAndAdministrativeExpenses": 0,
    "otherExpenses": 0,
    "operatingExpenses": 0,
    "costAndExpenses": 523267000,
    "interestIncome": 0,
    "interestExpense": 0,
    "depreciationAndAmortization": 0,
    "ebitda": 523267000,
    "ebitdaratio": 1,
    "operatingIncome": 523267000,
    "operatingIncomeRatio": 1,
    "totalOtherIncomeExpensesNet": -523267000,
    "incomeBeforeTax": 0,
    "incomeBeforeTaxRatio": 0,
    "incomeTaxExpense": 40561000,
    "netIncome": -40561000,
    "netIncomeRatio": -0.0775149207,
    "eps": -0.25,
    "epsdiluted": -0.25,
    "weightedAverageShsOut": 162244000,
    "weightedAverageShsOutDil": 162244000,
    "link": "",
    "finalLink": ""
  },
  {
    "date": "2006-03-31",
    "symbol": "AWK",
    "reportedCurrency": "USD",
    "cik": "0001410636",
    "fillingDate": "2006-03-31",
    "acceptedDate": "2006-03-30 19:00:00",
    "calendarYear": "2006",
    "period": "Q1",
    "revenue": 523267000,
    "costOfRevenue": 0,
    "grossProfit": 523267000,
    "grossProfitRatio": 1,
    "researchAndDevelopmentExpenses": 0,
    "generalAndAdministrativeExpenses": 0,
    "sellingAndMarketingExpenses": 0,
    "sellingGeneralAndAdministrativeExpenses": 0,
    "otherExpenses": 0,
    "operatingExpenses": 0,
    "costAndExpenses": 523267000,
    "interestIncome": 0,
    "interestExpense": 0,
    "depreciationAndAmortization": 0,
    "ebitda": 523267000,
    "ebitdaratio": 1,
    "operatingIncome": 523267000,
    "operatingIncomeRatio": 1,
    "totalOtherIncomeExpensesNet": -523267000,
    "incomeBeforeTax": 0,
    "incomeBeforeTaxRatio": 0,
    "incomeTaxExpense": 40561000,
    "netIncome": -40561000,
    "netIncomeRatio": -0.0775149207,
    "eps": -0.25,
    "epsdiluted": -0.25,
    "weightedAverageShsOut": 160000000,
    "weightedAverageShsOutDil": 160000000,
    "link": "",
    "finalLink": ""
  },
  {
    "date": "2002-09-30",
    "symbol": "AWK",
    "reportedCurrency": "USD",
    "cik": "0001410636",
    "fillingDate": "2002-09-30",
    "acceptedDate": "2002-09-29 20:00:00",
    "calendarYear": "2002",
    "period": "Q3",
    "revenue": 483457000,
    "costOfRevenue": 242955000,
    "grossProfit": 240502000,
    "grossProfitRatio": 0.4974630629,
    "researchAndDevelopmentExpenses": 0,
    "generalAndAdministrativeExpenses": 0,
    "sellingAndMarketingExpenses": 0,
    "sellingGeneralAndAdministrativeExpenses": 0,
    "otherExpenses": 336078000,
    "operatingExpenses": 336078000,
    "costAndExpenses": 579033000,
    "interestIncome": 0,
    "interestExpense": 0,
    "depreciationAndAmortization": -62647000,
    "ebitda": -37816000,
    "ebitdaratio": -0.0782199865,
    "operatingIncome": -95576000,
    "operatingIncomeRatio": -0.1976928662,
    "totalOtherIncomeExpensesNet": 189192000,
    "incomeBeforeTax": 93616000,
    "incomeBeforeTaxRatio": 0.1936387311,
    "incomeTaxExpense": 38428000,
    "netIncome": 55188000,
    "netIncomeRatio": 0.1141528616,
    "eps": 0.55,
    "epsdiluted": 0.55,
    "weightedAverageShsOut": 100062000,
    "weightedAverageShsOutDil": 100062000,
    "link": "",
    "finalLink": ""
  },
  {
    "date": "2002-06-30",
    "symbol": "AWK",
    "reportedCurrency": "USD",
    "cik": "0001410636",
    "fillingDate": "2002-06-30",
    "acceptedDate": "2002-06-29 20:00:00",
    "calendarYear": "2002",
    "period": "Q2",
    "revenue": 424014000,
    "costOfRevenue": 222299000,
    "grossProfit": 201715000,
    "grossProfitRatio": 0.4757272166,
    "researchAndDevelopmentExpenses": 0,
    "generalAndAdministrativeExpenses": 0,
    "sellingAndMarketingExpenses": 0,
    "sellingGeneralAndAdministrativeExpenses": 0,
    "otherExpenses": 316724000,
    "operatingExpenses": 316724000,
    "costAndExpenses": 539023000,
    "interestIncome": 0,
    "interestExpense": 0,
    "depreciationAndAmortization": -64207000,
    "ebitda": -56058000,
    "ebitdaratio": -0.1322078988,
    "operatingIncome": -115009000,
    "operatingIncomeRatio": -0.2712386855,
    "totalOtherIncomeExpensesNet": 246075000,
    "incomeBeforeTax": 131066000,
    "incomeBeforeTaxRatio": 0.3091077181,
    "incomeTaxExpense": 64401000,
    "netIncome": 66665000,
    "netIncomeRatio": 0.1572235822,
    "eps": 0.67,
    "epsdiluted": 0.66,
    "weightedAverageShsOut": 100034000,
    "weightedAverageShsOutDil": 100034000,
    "link": "",
    "finalLink": ""
  },
  {
    "date": "2002-03-31",
    "symbol": "AWK",
    "reportedCurrency": "USD",
    "cik": "0001410636",
    "fillingDate": "2002-03-31",
    "acceptedDate": "2002-03-30 19:00:00",
    "calendarYear": "2002",
    "period": "Q1",
    "revenue": 384740000,
    "costOfRevenue": 209252000,
    "grossProfit": 175488000,
    "grossProfitRatio": 0.4561210168,
    "researchAndDevelopmentExpenses": 0,
    "generalAndAdministrativeExpenses": 0,
    "sellingAndMarketingExpenses": 0,
    "sellingGeneralAndAdministrativeExpenses": 0,
    "otherExpenses": 299037000,
    "operatingExpenses": 299037000,
    "costAndExpenses": 508289000,
    "interestIncome": 0,
    "interestExpense": 0,
    "depreciationAndAmortization": -59458000,
    "ebitda": -68522000,
    "ebitdaratio": -0.1780994958,
    "operatingIncome": -123549000,
    "operatingIncomeRatio": -0.321123356,
    "totalOtherIncomeExpensesNet": 151219000,
    "incomeBeforeTax": 27670000,
    "incomeBeforeTaxRatio": 0.0719186983,
    "incomeTaxExpense": 12457000,
    "netIncome": 17746000,
    "netIncomeRatio": 0.0461246556,
    "eps": 0.18,
    "epsdiluted": 0.18,
    "weightedAverageShsOut": 100032346,
    "weightedAverageShsOutDil": 100032346,
    "link": "",
    "finalLink": ""
  },
  {
    "date": "2001-12-31",
    "symbol": "AWK",
    "reportedCurrency": "USD",
    "cik": "0001410636",
    "fillingDate": "2001-12-31",
    "acceptedDate": "2001-12-30 19:00:00",
    "calendarYear": "2001",
    "period": "Q4",
    "revenue": 363626000,
    "costOfRevenue": 186360000,
    "grossProfit": 177266000,
    "grossProfitRatio": 0.4874953936,
    "researchAndDevelopmentExpenses": 0,
    "generalAndAdministrativeExpenses": 0,
    "sellingAndMarketingExpenses": 0,
    "sellingGeneralAndAdministrativeExpenses": 0,
    "otherExpenses": 266712000,
    "operatingExpenses": 266712000,
    "costAndExpenses": 453072000,
    "interestIncome": 0,
    "interestExpense": 0,
    "depreciationAndAmortization": -52617000,
    "ebitda": -42501000,
    "ebitdaratio": -0.1168810811,
    "operatingIncome": -89446000,
    "operatingIncomeRatio": -0.2459835105,
    "totalOtherIncomeExpensesNet": 143029000,
    "incomeBeforeTax": 53583000,
    "incomeBeforeTaxRatio": 0.1473574497,
    "incomeTaxExpense": 20719000,
    "netIncome": 32718000,
    "netIncomeRatio": 0.0899770643,
    "eps": 0.33,
    "epsdiluted": 0.33,
    "weightedAverageShsOut": 99999000,
    "weightedAverageShsOutDil": 100032346,
    "link": "",
    "finalLink": ""
  },
  {
    "date": "2001-09-30",
    "symbol": "AWK",
    "reportedCurrency": "USD",
    "cik": "0001410636",
    "fillingDate": "2001-09-30",
    "acceptedDate": "2001-09-29 20:00:00",
    "calendarYear": "2001",
    "period": "Q3",
    "revenue": 394956000,
    "costOfRevenue": 166890000,
    "grossProfit": 228066000,
    "grossProfitRatio": 0.5774466016,
    "researchAndDevelopmentExpenses": 0,
    "generalAndAdministrativeExpenses": 0,
    "sellingAndMarketingExpenses": 0,
    "sellingGeneralAndAdministrativeExpenses": 0,
    "otherExpenses": 247452000,
    "operatingExpenses": 247452000,
    "costAndExpenses": 414342000,
    "interestIncome": 0,
    "interestExpense": 0,
    "depreciationAndAmortization": -59151000,
    "ebitda": 28127000,
    "ebitdaratio": 0.0712155278,
    "operatingIncome": -19386000,
    "operatingIncomeRatio": -0.0490839486,
    "totalOtherIncomeExpensesNet": 117135000,
    "incomeBeforeTax": 97749000,
    "incomeBeforeTaxRatio": 0.2474933917,
    "incomeTaxExpense": 41972000,
    "netIncome": 55631000,
    "netIncomeRatio": 0.1408536647,
    "eps": 0.56,
    "epsdiluted": 0.56,
    "weightedAverageShsOut": 99723000,
    "weightedAverageShsOutDil": 99723000,
    "link": "",
    "finalLink": ""
  },
  {
    "date": "2001-06-30",
    "symbol": "AWK",
    "reportedCurrency": "USD",
    "cik": "0001410636",
    "fillingDate": "2001-06-30",
    "acceptedDate": "2001-06-29 20:00:00",
    "calendarYear": "2001",
    "period": "Q2",
    "revenue": 363878000,
    "costOfRevenue": 160476000,
    "grossProfit": 203402000,
    "grossProfitRatio": 0.5589840551,
    "researchAndDevelopmentExpenses": 0,
    "generalAndAdministrativeExpenses": 0,
    "sellingAndMarketingExpenses": 0,
    "sellingGeneralAndAdministrativeExpenses": 0,
    "otherExpenses": 238720000,
    "operatingExpenses": 238720000,
    "costAndExpenses": 399196000,
    "interestIncome": 0,
    "interestExpense": 0,
    "depreciationAndAmortization": -41385000,
    "ebitda": 10461000,
    "ebitdaratio": 0.0287486465,
    "operatingIncome": -35318000,
    "operatingIncomeRatio": -0.0970600036,
    "totalOtherIncomeExpensesNet": 116529000,
    "incomeBeforeTax": 81211000,
    "incomeBeforeTaxRatio": 0.2231819456,
    "incomeTaxExpense": 31830000,
    "netIncome": 49235000,
    "netIncomeRatio": 0.1353063389,
    "eps": 0.5,
    "epsdiluted": 0.5,
    "weightedAverageShsOut": 99256000,
    "weightedAverageShsOutDil": 99256000,
    "link": "",
    "finalLink": ""
  },
  {
    "date": "2001-03-31",
    "symbol": "AWK",
    "reportedCurrency": "USD",
    "cik": "0001410636",
    "fillingDate": "2001-03-31",
    "acceptedDate": "2001-03-30 19:00:00",
    "calendarYear": "2001",
    "period": "Q1",
    "revenue": 316427000,
    "costOfRevenue": 150823000,
    "grossProfit": 165604000,
    "grossProfitRatio": 0.5233560979,
    "researchAndDevelopmentExpenses": 0,
    "generalAndAdministrativeExpenses": 0,
    "sellingAndMarketingExpenses": 0,
    "sellingGeneralAndAdministrativeExpenses": 0,
    "otherExpenses": 228494000,
    "operatingExpenses": 228494000,
    "costAndExpenses": 379317000,
    "interestIncome": 0,
    "interestExpense": 0,
    "depreciationAndAmortization": -48044000,
    "ebitda": -18530000,
    "ebitdaratio": -0.0585601102,
    "operatingIncome": -62890000,
    "operatingIncomeRatio": -0.1987504227,
    "totalOtherIncomeExpensesNet": 102154000,
    "incomeBeforeTax": 39264000,
    "incomeBeforeTaxRatio": 0.1240854921,
    "incomeTaxExpense": 15803000,
    "netIncome": 23315000,
    "netIncomeRatio": 0.0736820815,
    "eps": 0.24,
    "epsdiluted": 0.24,
    "weightedAverageShsOut": 98873000,
    "weightedAverageShsOutDil": 98873000,
    "link": "",
    "finalLink": ""
  },
  {
    "date": "2000-12-31",
    "symbol": "AWK",
    "reportedCurrency": "USD",
    "cik": "0001410636",
    "fillingDate": "2000-12-31",
    "acceptedDate": "2000-12-30 19:00:00",
    "calendarYear": "2000",
    "period": "Q4",
    "revenue": 332297000,
    "costOfRevenue": 145791000,
    "grossProfit": 186506000,
    "grossProfitRatio": 0.5612629666,
    "researchAndDevelopmentExpenses": 0,
    "generalAndAdministrativeExpenses": 0,
    "sellingAndMarketingExpenses": 0,
    "sellingGeneralAndAdministrativeExpenses": 0,
    "otherExpenses": 220632000,
    "operatingExpenses": 220632000,
    "costAndExpenses": 366423000,
    "interestIncome": 0,
    "interestExpense": 0,
    "depreciationAndAmortization": -46232000,
    "ebitda": 12106000,
    "ebitdaratio": 0.0364312648,
    "operatingIncome": -34126000,
    "operatingIncomeRatio": -0.1026972859,
    "totalOtherIncomeExpensesNet": 96561000,
    "incomeBeforeTax": 62435000,
    "incomeBeforeTaxRatio": 0.1878891474,
    "incomeTaxExpense": 24327000,
    "netIncome": 37396000,
    "netIncomeRatio": 0.1125378803,
    "eps": 0.39,
    "epsdiluted": 0.39,
    "weightedAverageShsOut": 98120000,
    "weightedAverageShsOutDil": 98873000,
    "link": "",
    "finalLink": ""
  },
  {
    "date": "2000-09-30",
    "symbol": "AWK",
    "reportedCurrency": "USD",
    "cik": "0001410636",
    "fillingDate": "2000-09-30",
    "acceptedDate": "2000-09-29 20:00:00",
    "calendarYear": "2000",
    "period": "Q3",
    "revenue": 364125000,
    "costOfRevenue": 148215000,
    "grossProfit": 215910000,
    "grossProfitRatio": 0.5929557158,
    "researchAndDevelopmentExpenses": 0,
    "generalAndAdministrativeExpenses": 0,
    "sellingAndMarketingExpenses": 0,
    "sellingGeneralAndAdministrativeExpenses": 0,
    "otherExpenses": 228681000,
    "operatingExpenses": 228681000,
    "costAndExpenses": 376896000,
    "interestIncome": 0,
    "interestExpense": 0,
    "depreciationAndAmortization": -43556000,
    "ebitda": 35753000,
    "ebitdaratio": 0.0981888088,
    "operatingIncome": -12771000,
    "operatingIncomeRatio": -0.0350731205,
    "totalOtherIncomeExpensesNet": 96990000,
    "incomeBeforeTax": 84219000,
    "incomeBeforeTaxRatio": 0.2312914521,
    "incomeTaxExpense": 33488000,
    "netIncome": 49735000,
    "netIncomeRatio": 0.1365877103,
    "eps": 0.51,
    "epsdiluted": 0.51,
    "weightedAverageShsOut": 98139000,
    "weightedAverageShsOutDil": 98139000,
    "link": "",
    "finalLink": ""
  },
  {
    "date": "2000-06-30",
    "symbol": "AWK",
    "reportedCurrency": "USD",
    "cik": "0001410636",
    "fillingDate": "2000-06-30",
    "acceptedDate": "2000-06-29 20:00:00",
    "calendarYear": "2000",
    "period": "Q2",
    "revenue": 346409000,
    "costOfRevenue": 154270000,
    "grossProfit": 192139000,
    "grossProfitRatio": 0.5546593766,
    "researchAndDevelopmentExpenses": 0,
    "generalAndAdministrativeExpenses": 0,
    "sellingAndMarketingExpenses": 0,
    "sellingGeneralAndAdministrativeExpenses": 0,
    "otherExpenses": 227106000,
    "operatingExpenses": 227106000,
    "costAndExpenses": 381376000,
    "interestIncome": 0,
    "interestExpense": 0,
    "depreciationAndAmortization": -43844000,
    "ebitda": 6096000,
    "ebitdaratio": 0.0175976952,
    "operatingIncome": -34967000,
    "operatingIncomeRatio": -0.1009413728,
    "totalOtherIncomeExpensesNet": 109178000,
    "incomeBeforeTax": 74211000,
    "incomeBeforeTaxRatio": 0.2142294224,
    "incomeTaxExpense": 29072000,
    "netIncome": 44143000,
    "netIncomeRatio": 0.1274302919,
    "eps": 0.45,
    "epsdiluted": 0.45,
    "weightedAverageShsOut": 97816000,
    "weightedAverageShsOutDil": 97816000,
    "link": "",
    "finalLink": ""
  },
  {
    "date": "2000-03-31",
    "symbol": "AWK",
    "reportedCurrency": "USD",
    "cik": "0001410636",
    "fillingDate": "2000-03-31",
    "acceptedDate": "2000-03-30 19:00:00",
    "calendarYear": "2000",
    "period": "Q1",
    "revenue": 307759000,
    "costOfRevenue": 144358000,
    "grossProfit": 163401000,
    "grossProfitRatio": 0.5309381692,
    "researchAndDevelopmentExpenses": 0,
    "generalAndAdministrativeExpenses": 0,
    "sellingAndMarketingExpenses": 0,
    "sellingGeneralAndAdministrativeExpenses": 0,
    "otherExpenses": 217993000,
    "operatingExpenses": 217993000,
    "costAndExpenses": 362351000,
    "interestIncome": 0,
    "interestExpense": 0,
    "depreciationAndAmortization": -42927000,
    "ebitda": -14086000,
    "ebitdaratio": -0.0457695794,
    "operatingIncome": -54592000,
    "operatingIncomeRatio": -0.1773855517,
    "totalOtherIncomeExpensesNet": 100094000,
    "incomeBeforeTax": 45502000,
    "incomeBeforeTaxRatio": 0.1478494536,
    "incomeTaxExpense": 18419000,
    "netIncome": 26087000,
    "netIncomeRatio": 0.0847643773,
    "eps": 0.27,
    "epsdiluted": 0.27,
    "weightedAverageShsOut": 97479000,
    "weightedAverageShsOutDil": 97479000,
    "link": "",
    "finalLink": ""
  },
  {
    "date": "1999-12-31",
    "symbol": "AWK",
    "reportedCurrency": "USD",
    "cik": "0001410636",
    "fillingDate": "1999-12-31",
    "acceptedDate": "1999-12-30 19:00:00",
    "calendarYear": "1999",
    "period": "Q4",
    "revenue": 310857000,
    "costOfRevenue": 139163000,
    "grossProfit": 171694000,
    "grossProfitRatio": 0.5523247024,
    "researchAndDevelopmentExpenses": 0,
    "generalAndAdministrativeExpenses": 0,
    "sellingAndMarketingExpenses": 0,
    "sellingGeneralAndAdministrativeExpenses": 0,
    "otherExpenses": 211763000,
    "operatingExpenses": 211763000,
    "costAndExpenses": 350926000,
    "interestIncome": 0,
    "interestExpense": 0,
    "depreciationAndAmortization": -43126000,
    "ebitda": 3057000,
    "ebitdaratio": 0.0098341038,
    "operatingIncome": -40069000,
    "operatingIncomeRatio": -0.1288984967,
    "totalOtherIncomeExpensesNet": 92418000,
    "incomeBeforeTax": 52349000,
    "incomeBeforeTaxRatio": 0.1684021914,
    "incomeTaxExpense": 19800000,
    "netIncome": 31565000,
    "netIncomeRatio": 0.1015418665,
    "eps": 0.33,
    "epsdiluted": 0.33,
    "weightedAverageShsOut": 97249000,
    "weightedAverageShsOutDil": 97479000,
    "link": "",
    "finalLink": ""
  },
  {
    "date": "1999-09-30",
    "symbol": "AWK",
    "reportedCurrency": "USD",
    "cik": "0001410636",
    "fillingDate": "1999-09-30",
    "acceptedDate": "1999-09-29 20:00:00",
    "calendarYear": "1999",
    "period": "Q3",
    "revenue": 353600000,
    "costOfRevenue": 146400000,
    "grossProfit": 207200000,
    "grossProfitRatio": 0.5859728507,
    "researchAndDevelopmentExpenses": 0,
    "generalAndAdministrativeExpenses": 0,
    "sellingAndMarketingExpenses": 0,
    "sellingGeneralAndAdministrativeExpenses": 0,
    "otherExpenses": 217900000,
    "operatingExpenses": 217900000,
    "costAndExpenses": 364300000,
    "interestIncome": 0,
    "interestExpense": 0,
    "depreciationAndAmortization": -40400000,
    "ebitda": 40209000,
    "ebitdaratio": 0.1137132353,
    "operatingIncome": 135700000,
    "operatingIncomeRatio": 0.3837669683,
    "totalOtherIncomeExpensesNet": -48300000,
    "incomeBeforeTax": 87400000,
    "incomeBeforeTaxRatio": 0.2471719457,
    "incomeTaxExpense": 34600000,
    "netIncome": 52800000,
    "netIncomeRatio": 0.149321267,
    "eps": 0.54,
    "epsdiluted": 0.54,
    "weightedAverageShsOut": 96672000,
    "weightedAverageShsOutDil": 96672000,
    "link": "",
    "finalLink": ""
  },
  {
    "date": "1999-06-30",
    "symbol": "AWK",
    "reportedCurrency": "USD",
    "cik": "0001410636",
    "fillingDate": "1999-06-30",
    "acceptedDate": "1999-06-29 20:00:00",
    "calendarYear": "1999",
    "period": "Q2",
    "revenue": 319000000,
    "costOfRevenue": 130100000,
    "grossProfit": 188900000,
    "grossProfitRatio": 0.5921630094,
    "researchAndDevelopmentExpenses": 0,
    "generalAndAdministrativeExpenses": 0,
    "sellingAndMarketingExpenses": 0,
    "sellingGeneralAndAdministrativeExpenses": 0,
    "otherExpenses": 208300000,
    "operatingExpenses": 208300000,
    "costAndExpenses": 338400000,
    "interestIncome": 0,
    "interestExpense": 0,
    "depreciationAndAmortization": -47400000,
    "ebitda": 45109000,
    "ebitdaratio": 0.1414075235,
    "operatingIncome": 110700000,
    "operatingIncomeRatio": 0.3470219436,
    "totalOtherIncomeExpensesNet": -54800000,
    "incomeBeforeTax": 55900000,
    "incomeBeforeTaxRatio": 0.1752351097,
    "incomeTaxExpense": 22800000,
    "netIncome": 32100000,
    "netIncomeRatio": 0.1006269592,
    "eps": 0.33,
    "epsdiluted": 0.33,
    "weightedAverageShsOut": 96341000,
    "weightedAverageShsOutDil": 96341000,
    "link": "",
    "finalLink": ""
  },
  {
    "date": "1999-03-31",
    "symbol": "AWK",
    "reportedCurrency": "USD",
    "cik": "0001410636",
    "fillingDate": "1999-03-31",
    "acceptedDate": "1999-03-30 19:00:00",
    "calendarYear": "1999",
    "period": "Q1",
    "revenue": 237000000,
    "costOfRevenue": 108100000,
    "grossProfit": 128900000,
    "grossProfitRatio": 0.5438818565,
    "researchAndDevelopmentExpenses": 0,
    "generalAndAdministrativeExpenses": 0,
    "sellingAndMarketingExpenses": 0,
    "sellingGeneralAndAdministrativeExpenses": 0,
    "otherExpenses": 168100000,
    "operatingExpenses": 168100000,
    "costAndExpenses": 276200000,
    "interestIncome": 0,
    "interestExpense": 0,
    "depreciationAndAmortization": -34700000,
    "ebitda": -23464000,
    "ebitdaratio": -0.0990042194,
    "operatingIncome": -60162000,
    "operatingIncomeRatio": -0.2538481013,
    "totalOtherIncomeExpensesNet": 73470000,
    "incomeBeforeTax": 32600000,
    "incomeBeforeTaxRatio": 0.1375527426,
    "incomeTaxExpense": 12900000,
    "netIncome": 19426000,
    "netIncomeRatio": 0.0819662447,
    "eps": 0.2,
    "epsdiluted": 0.2,
    "weightedAverageShsOut": 97130000,
    "weightedAverageShsOutDil": 97130000,
    "link": "",
    "finalLink": ""
  },
  {
    "date": "1998-12-31",
    "symbol": "AWK",
    "reportedCurrency": "USD",
    "cik": "0001410636",
    "fillingDate": "1998-12-31",
    "acceptedDate": "1998-12-30 19:00:00",
    "calendarYear": "1998",
    "period": "Q4",
    "revenue": 253300000,
    "costOfRevenue": 115100000,
    "grossProfit": 138200000,
    "grossProfitRatio": 0.545598105,
    "researchAndDevelopmentExpenses": 0,
    "generalAndAdministrativeExpenses": 0,
    "sellingAndMarketingExpenses": 0,
    "sellingGeneralAndAdministrativeExpenses": 0,
    "otherExpenses": 172300000,
    "operatingExpenses": 172300000,
    "costAndExpenses": 287400000,
    "interestIncome": 0,
    "interestExpense": 0,
    "depreciationAndAmortization": -34200000,
    "ebitda": -20615000,
    "ebitdaratio": -0.0813857086,
    "operatingIncome": -34100000,
    "operatingIncomeRatio": -0.1346229767,
    "totalOtherIncomeExpensesNet": 79600000,
    "incomeBeforeTax": 45500000,
    "incomeBeforeTaxRatio": 0.1796288985,
    "incomeTaxExpense": 17800000,
    "netIncome": 26700000,
    "netIncomeRatio": 0.1054086064,
    "eps": 0.34,
    "epsdiluted": 0.34,
    "weightedAverageShsOut": 81304348,
    "weightedAverageShsOutDil": 81304348,
    "link": "",
    "finalLink": ""
  },
  {
    "date": "1998-09-30",
    "symbol": "AWK",
    "reportedCurrency": "USD",
    "cik": "0001410636",
    "fillingDate": "1998-09-30",
    "acceptedDate": "1998-09-29 20:00:00",
    "calendarYear": "1998",
    "period": "Q3",
    "revenue": 282500000,
    "costOfRevenue": 113000000,
    "grossProfit": 169500000,
    "grossProfitRatio": 0.6,
    "researchAndDevelopmentExpenses": 0,
    "generalAndAdministrativeExpenses": 0,
    "sellingAndMarketingExpenses": 0,
    "sellingGeneralAndAdministrativeExpenses": 0,
    "otherExpenses": 170100000,
    "operatingExpenses": 170100000,
    "costAndExpenses": 283100000,
    "interestIncome": 0,
    "interestExpense": 0,
    "depreciationAndAmortization": -33700000,
    "ebitda": 12485000,
    "ebitdaratio": 0.0441946903,
    "operatingIncome": -6200000,
    "operatingIncomeRatio": -0.0219469027,
    "totalOtherIncomeExpensesNet": 88600000,
    "incomeBeforeTax": 76000000,
    "incomeBeforeTaxRatio": 0.2690265487,
    "incomeTaxExpense": 29400000,
    "netIncome": 52600000,
    "netIncomeRatio": 0.1861946903,
    "eps": 0.55,
    "epsdiluted": 0.55,
    "weightedAverageShsOut": 97454545,
    "weightedAverageShsOutDil": 97454545,
    "link": "",
    "finalLink": ""
  },
  {
    "date": "1998-06-30",
    "symbol": "AWK",
    "reportedCurrency": "USD",
    "cik": "0001410636",
    "fillingDate": "1998-06-30",
    "acceptedDate": "1998-06-29 20:00:00",
    "calendarYear": "1998",
    "period": "Q2",
    "revenue": 256000000,
    "costOfRevenue": 108800000,
    "grossProfit": 147200000,
    "grossProfitRatio": 0.575,
    "researchAndDevelopmentExpenses": 0,
    "generalAndAdministrativeExpenses": 0,
    "sellingAndMarketingExpenses": 0,
    "sellingGeneralAndAdministrativeExpenses": 0,
    "otherExpenses": 162800000,
    "operatingExpenses": 162800000,
    "costAndExpenses": 271600000,
    "interestIncome": 0,
    "interestExpense": 0,
    "depreciationAndAmortization": -31100000,
    "ebitda": -5115000,
    "ebitdaratio": -0.0199804687,
    "operatingIncome": -21300000,
    "operatingIncomeRatio": -0.083203125,
    "totalOtherIncomeExpensesNet": 81100000,
    "incomeBeforeTax": 57400000,
    "incomeBeforeTaxRatio": 0.22421875,
    "incomeTaxExpense": 22300000,
    "netIncome": 38600000,
    "netIncomeRatio": 0.15078125,
    "eps": 0.42,
    "epsdiluted": 0.42,
    "weightedAverageShsOut": 91904762,
    "weightedAverageShsOutDil": 91904762,
    "link": "",
    "finalLink": ""
  },
  {
    "date": "1998-03-31",
    "symbol": "AWK",
    "reportedCurrency": "USD",
    "cik": "0001410636",
    "fillingDate": "1998-03-31",
    "acceptedDate": "1998-03-30 19:00:00",
    "calendarYear": "1998",
    "period": "Q1",
    "revenue": 226000000,
    "costOfRevenue": 100200000,
    "grossProfit": 125800000,
    "grossProfitRatio": 0.5566371681,
    "researchAndDevelopmentExpenses": 0,
    "generalAndAdministrativeExpenses": 0,
    "sellingAndMarketingExpenses": 0,
    "sellingGeneralAndAdministrativeExpenses": 0,
    "otherExpenses": 154500000,
    "operatingExpenses": 154500000,
    "costAndExpenses": 254700000,
    "interestIncome": 0,
    "interestExpense": 0,
    "depreciationAndAmortization": -30800000,
    "ebitda": -18615000,
    "ebitdaratio": -0.0823672566,
    "operatingIncome": -28700000,
    "operatingIncomeRatio": -0.1269911504,
    "totalOtherIncomeExpensesNet": 64200000,
    "incomeBeforeTax": 35500000,
    "incomeBeforeTaxRatio": 0.157079646,
    "incomeTaxExpense": 13900000,
    "netIncome": 20600000,
    "netIncomeRatio": 0.0911504425,
    "eps": 0.26,
    "epsdiluted": 0.26,
    "weightedAverageShsOut": 79230769,
    "weightedAverageShsOutDil": 79230769,
    "link": "",
    "finalLink": ""
  },
  {
    "date": "1997-12-31",
    "symbol": "AWK",
    "reportedCurrency": "USD",
    "cik": "0001410636",
    "fillingDate": "1997-12-31",
    "acceptedDate": "1997-12-30 19:00:00",
    "calendarYear": "1997",
    "period": "Q4",
    "revenue": 236900000,
    "costOfRevenue": 108500000,
    "grossProfit": 128400000,
    "grossProfitRatio": 0.5420008442,
    "researchAndDevelopmentExpenses": 0,
    "generalAndAdministrativeExpenses": 0,
    "sellingAndMarketingExpenses": 0,
    "sellingGeneralAndAdministrativeExpenses": 0,
    "otherExpenses": 159900000,
    "operatingExpenses": 159900000,
    "costAndExpenses": 268400000,
    "interestIncome": 0,
    "interestExpense": 0,
    "depreciationAndAmortization": -29500000,
    "ebitda": -21966000,
    "ebitdaratio": -0.0927226678,
    "operatingIncome": -31500000,
    "operatingIncomeRatio": -0.1329674968,
    "totalOtherIncomeExpensesNet": 74200000,
    "incomeBeforeTax": 42700000,
    "incomeBeforeTaxRatio": 0.180244829,
    "incomeTaxExpense": 16800000,
    "netIncome": 24900000,
    "netIncomeRatio": 0.1051076404,
    "eps": 0.33,
    "epsdiluted": 0.33,
    "weightedAverageShsOut": 79230769,
    "weightedAverageShsOutDil": 79230769,
    "link": "",
    "finalLink": ""
  },
  {
    "date": "1997-09-30",
    "symbol": "AWK",
    "reportedCurrency": "USD",
    "cik": "0001410636",
    "fillingDate": "1997-09-30",
    "acceptedDate": "1997-09-29 20:00:00",
    "calendarYear": "1997",
    "period": "Q3",
    "revenue": 266000000,
    "costOfRevenue": 111400000,
    "grossProfit": 154600000,
    "grossProfitRatio": 0.5812030075,
    "researchAndDevelopmentExpenses": 0,
    "generalAndAdministrativeExpenses": 0,
    "sellingAndMarketingExpenses": 0,
    "sellingGeneralAndAdministrativeExpenses": 0,
    "otherExpenses": 161500000,
    "operatingExpenses": 161500000,
    "costAndExpenses": 272900000,
    "interestIncome": 0,
    "interestExpense": 0,
    "depreciationAndAmortization": -28300000,
    "ebitda": 1234000,
    "ebitdaratio": 0.0046390977,
    "operatingIncome": -6900000,
    "operatingIncomeRatio": -0.0259398496,
    "totalOtherIncomeExpensesNet": 77300000,
    "incomeBeforeTax": 70400000,
    "incomeBeforeTaxRatio": 0.2646616541,
    "incomeTaxExpense": 26900000,
    "netIncome": 42500000,
    "netIncomeRatio": 0.1597744361,
    "eps": 0.54,
    "epsdiluted": 0.54,
    "weightedAverageShsOut": 78703704,
    "weightedAverageShsOutDil": 78703704,
    "link": "",
    "finalLink": ""
  },
  {
    "date": "1997-06-30",
    "symbol": "AWK",
    "reportedCurrency": "USD",
    "cik": "0001410636",
    "fillingDate": "1997-06-30",
    "acceptedDate": "1997-06-29 20:00:00",
    "calendarYear": "1997",
    "period": "Q2",
    "revenue": 237900000,
    "costOfRevenue": 103300000,
    "grossProfit": 134600000,
    "grossProfitRatio": 0.5657839428,
    "researchAndDevelopmentExpenses": 0,
    "generalAndAdministrativeExpenses": 0,
    "sellingAndMarketingExpenses": 0,
    "sellingGeneralAndAdministrativeExpenses": 0,
    "otherExpenses": 151800000,
    "operatingExpenses": 151800000,
    "costAndExpenses": 255100000,
    "interestIncome": 0,
    "interestExpense": 0,
    "depreciationAndAmortization": -26900000,
    "ebitda": -10266000,
    "ebitdaratio": -0.0431525851,
    "operatingIncome": -17200000,
    "operatingIncomeRatio": -0.0722992854,
    "totalOtherIncomeExpensesNet": 68500000,
    "incomeBeforeTax": 51300000,
    "incomeBeforeTaxRatio": 0.2156368222,
    "incomeTaxExpense": 19700000,
    "netIncome": 30600000,
    "netIncomeRatio": 0.1286254729,
    "eps": 0.39,
    "epsdiluted": 0.39,
    "weightedAverageShsOut": 78461538,
    "weightedAverageShsOutDil": 78461538,
    "link": "",
    "finalLink": ""
  },
  {
    "date": "1997-03-31",
    "symbol": "AWK",
    "reportedCurrency": "USD",
    "cik": "0001410636",
    "fillingDate": "1997-03-31",
    "acceptedDate": "1997-03-30 19:00:00",
    "calendarYear": "1997",
    "period": "Q1",
    "revenue": 213400000,
    "costOfRevenue": 98300000,
    "grossProfit": 115100000,
    "grossProfitRatio": 0.5393626992,
    "researchAndDevelopmentExpenses": 0,
    "generalAndAdministrativeExpenses": 0,
    "sellingAndMarketingExpenses": 0,
    "sellingGeneralAndAdministrativeExpenses": 0,
    "otherExpenses": 148700000,
    "operatingExpenses": 148700000,
    "costAndExpenses": 247000000,
    "interestIncome": 0,
    "interestExpense": 0,
    "depreciationAndAmortization": -27800000,
    "ebitda": -25766000,
    "ebitdaratio": -0.1207403936,
    "operatingIncome": -33600000,
    "operatingIncomeRatio": -0.1574507966,
    "totalOtherIncomeExpensesNet": 62900000,
    "incomeBeforeTax": 29300000,
    "incomeBeforeTaxRatio": 0.1373008435,
    "incomeTaxExpense": 11300000,
    "netIncome": 17000000,
    "netIncomeRatio": 0.0796626054,
    "eps": 0.22,
    "epsdiluted": 0.22,
    "weightedAverageShsOut": 77272727,
    "weightedAverageShsOutDil": 77272727,
    "link": "",
    "finalLink": ""
  },
  {
    "date": "1996-12-31",
    "symbol": "AWK",
    "reportedCurrency": "USD",
    "cik": "0001410636",
    "fillingDate": "1996-12-31",
    "acceptedDate": "1996-12-30 19:00:00",
    "calendarYear": "1996",
    "period": "Q4",
    "revenue": 220200000,
    "costOfRevenue": 103500000,
    "grossProfit": 116700000,
    "grossProfitRatio": 0.529972752,
    "researchAndDevelopmentExpenses": 0,
    "generalAndAdministrativeExpenses": 0,
    "sellingAndMarketingExpenses": 0,
    "sellingGeneralAndAdministrativeExpenses": 0,
    "otherExpenses": 150300000,
    "operatingExpenses": 150300000,
    "costAndExpenses": 253800000,
    "interestIncome": 0,
    "interestExpense": 0,
    "depreciationAndAmortization": -26300000,
    "ebitda": 413800000,
    "ebitdaratio": 1.8792007266,
    "operatingIncome": -33600000,
    "operatingIncomeRatio": -0.1525885559,
    "totalOtherIncomeExpensesNet": 69400000,
    "incomeBeforeTax": 35800000,
    "incomeBeforeTaxRatio": 0.1625794732,
    "incomeTaxExpense": 13900000,
    "netIncome": 20900000,
    "netIncomeRatio": 0.0949137148,
    "eps": 0.28,
    "epsdiluted": 0.28,
    "weightedAverageShsOut": 74631290,
    "weightedAverageShsOutDil": 77272727,
    "link": "",
    "finalLink": ""
  },
  {
    "date": "1996-09-30",
    "symbol": "AWK",
    "reportedCurrency": "USD",
    "cik": "0001410636",
    "fillingDate": "1996-09-30",
    "acceptedDate": "1996-09-29 20:00:00",
    "calendarYear": "1996",
    "period": "Q3",
    "revenue": 247600000,
    "costOfRevenue": 109700000,
    "grossProfit": 137900000,
    "grossProfitRatio": 0.5569466882,
    "researchAndDevelopmentExpenses": 0,
    "generalAndAdministrativeExpenses": 0,
    "sellingAndMarketingExpenses": 0,
    "sellingGeneralAndAdministrativeExpenses": 0,
    "otherExpenses": 156400000,
    "operatingExpenses": 156400000,
    "costAndExpenses": 266100000,
    "interestIncome": 0,
    "interestExpense": 0,
    "depreciationAndAmortization": -26300000,
    "ebitda": 427500000,
    "ebitdaratio": 1.7265751212,
    "operatingIncome": -18500000,
    "operatingIncomeRatio": -0.0747172859,
    "totalOtherIncomeExpensesNet": 77400000,
    "incomeBeforeTax": 58900000,
    "incomeBeforeTaxRatio": 0.2378836834,
    "incomeTaxExpense": 22600000,
    "netIncome": 35300000,
    "netIncomeRatio": 0.1425686591,
    "eps": 0.45,
    "epsdiluted": 0.45,
    "weightedAverageShsOut": 78444444,
    "weightedAverageShsOutDil": 78444444,
    "link": "",
    "finalLink": ""
  },
  {
    "date": "1996-06-30",
    "symbol": "AWK",
    "reportedCurrency": "USD",
    "cik": "0001410636",
    "fillingDate": "1996-06-30",
    "acceptedDate": "1996-06-29 20:00:00",
    "calendarYear": "1996",
    "period": "Q2",
    "revenue": 228600000,
    "costOfRevenue": 106400000,
    "grossProfit": 122200000,
    "grossProfitRatio": 0.5345581802,
    "researchAndDevelopmentExpenses": 0,
    "generalAndAdministrativeExpenses": 0,
    "sellingAndMarketingExpenses": 0,
    "sellingGeneralAndAdministrativeExpenses": 0,
    "otherExpenses": 152100000,
    "operatingExpenses": 152100000,
    "costAndExpenses": 258500000,
    "interestIncome": 0,
    "interestExpense": 0,
    "depreciationAndAmortization": -25300000,
    "ebitda": 416400000,
    "ebitdaratio": 1.8215223097,
    "operatingIncome": -29900000,
    "operatingIncomeRatio": -0.1307961505,
    "totalOtherIncomeExpensesNet": 73000000,
    "incomeBeforeTax": 43100000,
    "incomeBeforeTaxRatio": 0.1885389326,
    "incomeTaxExpense": 16600000,
    "netIncome": 25500000,
    "netIncomeRatio": 0.1115485564,
    "eps": 0.35,
    "epsdiluted": 0.35,
    "weightedAverageShsOut": 72857143,
    "weightedAverageShsOutDil": 72857143,
    "link": "",
    "finalLink": ""
  },
  {
    "date": "1996-03-31",
    "symbol": "AWK",
    "reportedCurrency": "USD",
    "cik": "0001410636",
    "fillingDate": "1996-03-31",
    "acceptedDate": "1996-03-30 19:00:00",
    "calendarYear": "1996",
    "period": "Q1",
    "revenue": 198200000,
    "costOfRevenue": 98500000,
    "grossProfit": 99700000,
    "grossProfitRatio": 0.5030272452,
    "researchAndDevelopmentExpenses": 0,
    "generalAndAdministrativeExpenses": 0,
    "sellingAndMarketingExpenses": 0,
    "sellingGeneralAndAdministrativeExpenses": 0,
    "otherExpenses": 143100000,
    "operatingExpenses": 143100000,
    "costAndExpenses": 241600000,
    "interestIncome": 0,
    "interestExpense": 0,
    "depreciationAndAmortization": -24000000,
    "ebitda": 401800000,
    "ebitdaratio": 2.0272452069,
    "operatingIncome": -43400000,
    "operatingIncomeRatio": -0.2189707366,
    "totalOtherIncomeExpensesNet": 71000000,
    "incomeBeforeTax": 27600000,
    "incomeBeforeTaxRatio": 0.1392532795,
    "incomeTaxExpense": 10600000,
    "netIncome": 16000000,
    "netIncomeRatio": 0.0807265388,
    "eps": 0.23,
    "epsdiluted": 0.23,
    "weightedAverageShsOut": 69565217,
    "weightedAverageShsOutDil": 69565217,
    "link": "",
    "finalLink": ""
  },
  {
    "date": "1995-12-31",
    "symbol": "AWK",
    "reportedCurrency": "USD",
    "cik": "0001410636",
    "fillingDate": "1995-12-31",
    "acceptedDate": "1995-12-30 19:00:00",
    "calendarYear": "1995",
    "period": "Q4",
    "revenue": 198300000,
    "costOfRevenue": 103000000,
    "grossProfit": 95300000,
    "grossProfitRatio": 0.4805849723,
    "researchAndDevelopmentExpenses": 0,
    "generalAndAdministrativeExpenses": 0,
    "sellingAndMarketingExpenses": 0,
    "sellingGeneralAndAdministrativeExpenses": 0,
    "otherExpenses": 144300000,
    "operatingExpenses": 144300000,
    "costAndExpenses": 247300000,
    "interestIncome": 0,
    "interestExpense": 0,
    "depreciationAndAmortization": -22500000,
    "ebitda": -26700000,
    "ebitdaratio": -0.1346444781,
    "operatingIncome": -49000000,
    "operatingIncomeRatio": -0.247100353,
    "totalOtherIncomeExpensesNet": 79200000,
    "incomeBeforeTax": 30200000,
    "incomeBeforeTaxRatio": 0.1522945033,
    "incomeTaxExpense": 11700000,
    "netIncome": 17500000,
    "netIncomeRatio": 0.0882501261,
    "eps": 0.27,
    "epsdiluted": 0.27,
    "weightedAverageShsOut": 69025772,
    "weightedAverageShsOutDil": 69565217,
    "link": "",
    "finalLink": ""
  },
  {
    "date": "1995-09-30",
    "symbol": "AWK",
    "reportedCurrency": "USD",
    "cik": "0001410636",
    "fillingDate": "1995-09-30",
    "acceptedDate": "1995-09-29 20:00:00",
    "calendarYear": "1995",
    "period": "Q3",
    "revenue": 223000000,
    "costOfRevenue": 104100000,
    "grossProfit": 118900000,
    "grossProfitRatio": 0.5331838565,
    "researchAndDevelopmentExpenses": 0,
    "generalAndAdministrativeExpenses": 0,
    "sellingAndMarketingExpenses": 0,
    "sellingGeneralAndAdministrativeExpenses": 0,
    "otherExpenses": 145100000,
    "operatingExpenses": 145100000,
    "costAndExpenses": 249200000,
    "interestIncome": 0,
    "interestExpense": 0,
    "depreciationAndAmortization": -21900000,
    "ebitda": -4300000,
    "ebitdaratio": -0.0192825112,
    "operatingIncome": -26200000,
    "operatingIncomeRatio": -0.1174887892,
    "totalOtherIncomeExpensesNet": 79100000,
    "incomeBeforeTax": 52900000,
    "incomeBeforeTaxRatio": 0.2372197309,
    "incomeTaxExpense": 20300000,
    "netIncome": 31600000,
    "netIncomeRatio": 0.1417040359,
    "eps": 0.47,
    "epsdiluted": 0.47,
    "weightedAverageShsOut": 67234043,
    "weightedAverageShsOutDil": 67234043,
    "link": "",
    "finalLink": ""
  },
  {
    "date": "1995-06-30",
    "symbol": "AWK",
    "reportedCurrency": "USD",
    "cik": "0001410636",
    "fillingDate": "1995-06-30",
    "acceptedDate": "1995-06-29 20:00:00",
    "calendarYear": "1995",
    "period": "Q2",
    "revenue": 200700000,
    "costOfRevenue": 97000000,
    "grossProfit": 103700000,
    "grossProfitRatio": 0.5166915795,
    "researchAndDevelopmentExpenses": 0,
    "generalAndAdministrativeExpenses": 0,
    "sellingAndMarketingExpenses": 0,
    "sellingGeneralAndAdministrativeExpenses": 0,
    "otherExpenses": 137200000,
    "operatingExpenses": 137200000,
    "costAndExpenses": 234200000,
    "interestIncome": 0,
    "interestExpense": 0,
    "depreciationAndAmortization": -21300000,
    "ebitda": -12200000,
    "ebitdaratio": -0.0607872446,
    "operatingIncome": -33500000,
    "operatingIncomeRatio": -0.1669157947,
    "totalOtherIncomeExpensesNet": 78100000,
    "incomeBeforeTax": 44600000,
    "incomeBeforeTaxRatio": 0.2222222222,
    "incomeTaxExpense": 17200000,
    "netIncome": 26400000,
    "netIncomeRatio": 0.1315396114,
    "eps": 0.4,
    "epsdiluted": 0.4,
    "weightedAverageShsOut": 66000000,
    "weightedAverageShsOutDil": 66000000,
    "link": "",
    "finalLink": ""
  },
  {
    "date": "1995-03-31",
    "symbol": "AWK",
    "reportedCurrency": "USD",
    "cik": "0001410636",
    "fillingDate": "1995-03-31",
    "acceptedDate": "1995-03-30 19:00:00",
    "calendarYear": "1995",
    "period": "Q1",
    "revenue": 180800000,
    "costOfRevenue": 92600000,
    "grossProfit": 88200000,
    "grossProfitRatio": 0.4878318584,
    "researchAndDevelopmentExpenses": 0,
    "generalAndAdministrativeExpenses": 0,
    "sellingAndMarketingExpenses": 0,
    "sellingGeneralAndAdministrativeExpenses": 0,
    "otherExpenses": 133200000,
    "operatingExpenses": 133200000,
    "costAndExpenses": 225800000,
    "interestIncome": 0,
    "interestExpense": 0,
    "depreciationAndAmortization": -21300000,
    "ebitda": -23700000,
    "ebitdaratio": -0.1310840708,
    "operatingIncome": -45000000,
    "operatingIncomeRatio": -0.2488938053,
    "totalOtherIncomeExpensesNet": 66900000,
    "incomeBeforeTax": 21900000,
    "incomeBeforeTaxRatio": 0.1211283186,
    "incomeTaxExpense": 8400000,
    "netIncome": 12500000,
    "netIncomeRatio": 0.0691371681,
    "eps": 0.19,
    "epsdiluted": 0.19,
    "weightedAverageShsOut": 65789474,
    "weightedAverageShsOutDil": 65789474,
    "link": "",
    "finalLink": ""
  },
  {
    "date": "1994-12-31",
    "symbol": "AWK",
    "reportedCurrency": "USD",
    "cik": "0001410636",
    "fillingDate": "1994-12-31",
    "acceptedDate": "1994-12-30 19:00:00",
    "calendarYear": "1994",
    "period": "Q4",
    "revenue": 187600000,
    "costOfRevenue": 95200000,
    "grossProfit": 92400000,
    "grossProfitRatio": 0.4925373134,
    "researchAndDevelopmentExpenses": 0,
    "generalAndAdministrativeExpenses": 0,
    "sellingAndMarketingExpenses": 0,
    "sellingGeneralAndAdministrativeExpenses": 0,
    "otherExpenses": 133700000,
    "operatingExpenses": 133700000,
    "costAndExpenses": 228900000,
    "interestIncome": 0,
    "interestExpense": 0,
    "depreciationAndAmortization": -20600000,
    "ebitda": -21300000,
    "ebitdaratio": -0.1135394456,
    "operatingIncome": -41300000,
    "operatingIncomeRatio": -0.2201492537,
    "totalOtherIncomeExpensesNet": 70400000,
    "incomeBeforeTax": 29100000,
    "incomeBeforeTaxRatio": 0.1551172708,
    "incomeTaxExpense": 11400000,
    "netIncome": 16700000,
    "netIncomeRatio": 0.0890191898,
    "eps": 0.27,
    "epsdiluted": 0.27,
    "weightedAverageShsOut": 65789474,
    "weightedAverageShsOutDil": 65789474,
    "link": "",
    "finalLink": ""
  },
  {
    "date": "1994-09-30",
    "symbol": "AWK",
    "reportedCurrency": "USD",
    "cik": "0001410636",
    "fillingDate": "1994-09-30",
    "acceptedDate": "1994-09-29 20:00:00",
    "calendarYear": "1994",
    "period": "Q3",
    "revenue": 209800000,
    "costOfRevenue": 100000000,
    "grossProfit": 109800000,
    "grossProfitRatio": 0.5233555767,
    "researchAndDevelopmentExpenses": 0,
    "generalAndAdministrativeExpenses": 0,
    "sellingAndMarketingExpenses": 0,
    "sellingGeneralAndAdministrativeExpenses": 0,
    "otherExpenses": 138600000,
    "operatingExpenses": 138600000,
    "costAndExpenses": 238600000,
    "interestIncome": 0,
    "interestExpense": 0,
    "depreciationAndAmortization": -20200000,
    "ebitda": -8600000,
    "ebitdaratio": -0.0409914204,
    "operatingIncome": -28800000,
    "operatingIncomeRatio": -0.1372735939,
    "totalOtherIncomeExpensesNet": 73700000,
    "incomeBeforeTax": 44900000,
    "incomeBeforeTaxRatio": 0.214013346,
    "incomeTaxExpense": 17100000,
    "netIncome": 26800000,
    "netIncomeRatio": 0.1277407054,
    "eps": 0.42,
    "epsdiluted": 0.42,
    "weightedAverageShsOut": 63809524,
    "weightedAverageShsOutDil": 63809524,
    "link": "",
    "finalLink": ""
  },
  {
    "date": "1994-06-30",
    "symbol": "AWK",
    "reportedCurrency": "USD",
    "cik": "0001410636",
    "fillingDate": "1994-06-30",
    "acceptedDate": "1994-06-29 20:00:00",
    "calendarYear": "1994",
    "period": "Q2",
    "revenue": 195100000,
    "costOfRevenue": 94700000,
    "grossProfit": 100400000,
    "grossProfitRatio": 0.5146078934,
    "researchAndDevelopmentExpenses": 0,
    "generalAndAdministrativeExpenses": 0,
    "sellingAndMarketingExpenses": 0,
    "sellingGeneralAndAdministrativeExpenses": 0,
    "otherExpenses": 132400000,
    "operatingExpenses": 132400000,
    "costAndExpenses": 227100000,
    "interestIncome": 0,
    "interestExpense": 0,
    "depreciationAndAmortization": -19700000,
    "ebitda": -12700000,
    "ebitdaratio": -0.0650948232,
    "operatingIncome": -32000000,
    "operatingIncomeRatio": -0.1640184521,
    "totalOtherIncomeExpensesNet": 69000000,
    "incomeBeforeTax": 37000000,
    "incomeBeforeTaxRatio": 0.1896463352,
    "incomeTaxExpense": 14300000,
    "netIncome": 22700000,
    "netIncomeRatio": 0.1163505894,
    "eps": 0.34,
    "epsdiluted": 0.34,
    "weightedAverageShsOut": 66764706,
    "weightedAverageShsOutDil": 66764706,
    "link": "",
    "finalLink": ""
  },
  {
    "date": "1994-03-31",
    "symbol": "AWK",
    "reportedCurrency": "USD",
    "cik": "0001410636",
    "fillingDate": "1994-03-31",
    "acceptedDate": "1994-03-30 19:00:00",
    "calendarYear": "1994",
    "period": "Q1",
    "revenue": 177700000,
    "costOfRevenue": 95100000,
    "grossProfit": 82600000,
    "grossProfitRatio": 0.4648283624,
    "researchAndDevelopmentExpenses": 0,
    "generalAndAdministrativeExpenses": 0,
    "sellingAndMarketingExpenses": 0,
    "sellingGeneralAndAdministrativeExpenses": 0,
    "otherExpenses": 133900000,
    "operatingExpenses": 133900000,
    "costAndExpenses": 229000000,
    "interestIncome": 0,
    "interestExpense": 0,
    "depreciationAndAmortization": -20100000,
    "ebitda": -31200000,
    "ebitdaratio": -0.1755768149,
    "operatingIncome": -51300000,
    "operatingIncomeRatio": -0.2886888014,
    "totalOtherIncomeExpensesNet": 68800000,
    "incomeBeforeTax": 17500000,
    "incomeBeforeTaxRatio": 0.0984805853,
    "incomeTaxExpense": 7100000,
    "netIncome": 10400000,
    "netIncomeRatio": 0.058525605,
    "eps": 0.15,
    "epsdiluted": 0.15,
    "weightedAverageShsOut": 69333333,
    "weightedAverageShsOutDil": 69333333,
    "link": "",
    "finalLink": ""
  },
  {
    "date": "1993-12-31",
    "symbol": "AWK",
    "reportedCurrency": "USD",
    "cik": "0001410636",
    "fillingDate": "1993-12-31",
    "acceptedDate": "1993-12-30 19:00:00",
    "calendarYear": "1993",
    "period": "Q4",
    "revenue": 181900000,
    "costOfRevenue": 95600000,
    "grossProfit": 86300000,
    "grossProfitRatio": 0.4744365036,
    "researchAndDevelopmentExpenses": 0,
    "generalAndAdministrativeExpenses": 0,
    "sellingAndMarketingExpenses": 0,
    "sellingGeneralAndAdministrativeExpenses": 0,
    "otherExpenses": 394700000,
    "operatingExpenses": 394700000,
    "costAndExpenses": 490300000,
    "interestIncome": 0,
    "interestExpense": 0,
    "depreciationAndAmortization": -21700000,
    "ebitda": -286700000,
    "ebitdaratio": -1.5761407367,
    "operatingIncome": -308400000,
    "operatingIncomeRatio": -1.6954370533,
    "totalOtherIncomeExpensesNet": 331800000,
    "incomeBeforeTax": 23400000,
    "incomeBeforeTaxRatio": 0.1286421111,
    "incomeTaxExpense": 8700000,
    "netIncome": 13700000,
    "netIncomeRatio": 0.0753161078,
    "eps": 0.21,
    "epsdiluted": 0.21,
    "weightedAverageShsOut": 69333333,
    "weightedAverageShsOutDil": 69333333,
    "link": "",
    "finalLink": ""
  },
  {
    "date": "1993-09-30",
    "symbol": "AWK",
    "reportedCurrency": "USD",
    "cik": "0001410636",
    "fillingDate": "1993-09-30",
    "acceptedDate": "1993-09-29 20:00:00",
    "calendarYear": "1993",
    "period": "Q3",
    "revenue": 200200000,
    "costOfRevenue": 93100000,
    "grossProfit": 107100000,
    "grossProfitRatio": 0.534965035,
    "researchAndDevelopmentExpenses": 0,
    "generalAndAdministrativeExpenses": 0,
    "sellingAndMarketingExpenses": 0,
    "sellingGeneralAndAdministrativeExpenses": 0,
    "otherExpenses": 35200000,
    "operatingExpenses": 35200000,
    "costAndExpenses": 128300000,
    "interestIncome": 0,
    "interestExpense": 0,
    "depreciationAndAmortization": -18000000,
    "ebitda": 88400000,
    "ebitdaratio": 0.4415584416,
    "operatingIncome": 71900000,
    "operatingIncomeRatio": 0.3591408591,
    "totalOtherIncomeExpensesNet": -23500000,
    "incomeBeforeTax": 48400000,
    "incomeBeforeTaxRatio": 0.2417582418,
    "incomeTaxExpense": 19700000,
    "netIncome": 27700000,
    "netIncomeRatio": 0.1383616384,
    "eps": 0.44,
    "epsdiluted": 0.44,
    "weightedAverageShsOut": 62954545,
    "weightedAverageShsOutDil": 62954545,
    "link": "",
    "finalLink": ""
  },
  {
    "date": "1993-06-30",
    "symbol": "AWK",
    "reportedCurrency": "USD",
    "cik": "0001410636",
    "fillingDate": "1993-06-30",
    "acceptedDate": "1993-06-29 20:00:00",
    "calendarYear": "1993",
    "period": "Q2",
    "revenue": 179900000,
    "costOfRevenue": 86100000,
    "grossProfit": 93800000,
    "grossProfitRatio": 0.5214007782,
    "researchAndDevelopmentExpenses": 0,
    "generalAndAdministrativeExpenses": 0,
    "sellingAndMarketingExpenses": 0,
    "sellingGeneralAndAdministrativeExpenses": 0,
    "otherExpenses": 35100000,
    "operatingExpenses": 35100000,
    "costAndExpenses": 121200000,
    "interestIncome": 0,
    "interestExpense": 0,
    "depreciationAndAmortization": -18400000,
    "ebitda": 76100000,
    "ebitdaratio": 0.4230127849,
    "operatingIncome": 58700000,
    "operatingIncomeRatio": 0.3262923847,
    "totalOtherIncomeExpensesNet": -23200000,
    "incomeBeforeTax": 35500000,
    "incomeBeforeTaxRatio": 0.197331851,
    "incomeTaxExpense": 13600000,
    "netIncome": 20900000,
    "netIncomeRatio": 0.1161756531,
    "eps": 0.34,
    "epsdiluted": 0.34,
    "weightedAverageShsOut": 61470588,
    "weightedAverageShsOutDil": 61470588,
    "link": "",
    "finalLink": ""
  },
  {
    "date": "1993-03-31",
    "symbol": "AWK",
    "reportedCurrency": "USD",
    "cik": "0001410636",
    "fillingDate": "1993-03-31",
    "acceptedDate": "1993-03-30 19:00:00",
    "calendarYear": "1993",
    "period": "Q1",
    "revenue": 155500000,
    "costOfRevenue": 81100000,
    "grossProfit": 74400000,
    "grossProfitRatio": 0.4784565916,
    "researchAndDevelopmentExpenses": 0,
    "generalAndAdministrativeExpenses": 0,
    "sellingAndMarketingExpenses": 0,
    "sellingGeneralAndAdministrativeExpenses": 0,
    "otherExpenses": 33800000,
    "operatingExpenses": 33800000,
    "costAndExpenses": 114900000,
    "interestIncome": 0,
    "interestExpense": 0,
    "depreciationAndAmortization": -17000000,
    "ebitda": 56700000,
    "ebitdaratio": 0.3646302251,
    "operatingIncome": 40600000,
    "operatingIncomeRatio": 0.2610932476,
    "totalOtherIncomeExpensesNet": -24600000,
    "incomeBeforeTax": 16000000,
    "incomeBeforeTaxRatio": 0.1028938907,
    "incomeTaxExpense": 5800000,
    "netIncome": 9200000,
    "netIncomeRatio": 0.0591639871,
    "eps": 0.15,
    "epsdiluted": 0.15,
    "weightedAverageShsOut": 61333333,
    "weightedAverageShsOutDil": 61333333,
    "link": "",
    "finalLink": ""
  },
  {
    "date": "1992-12-31",
    "symbol": "AWK",
    "reportedCurrency": "USD",
    "cik": "0001410636",
    "fillingDate": "1992-12-31",
    "acceptedDate": "1992-12-30 19:00:00",
    "calendarYear": "1992",
    "period": "Q4",
    "revenue": 160700000,
    "costOfRevenue": 85100000,
    "grossProfit": 75600000,
    "grossProfitRatio": 0.4704418171,
    "researchAndDevelopmentExpenses": 0,
    "generalAndAdministrativeExpenses": 0,
    "sellingAndMarketingExpenses": 0,
    "sellingGeneralAndAdministrativeExpenses": 0,
    "otherExpenses": 31900000,
    "operatingExpenses": 31900000,
    "costAndExpenses": 117000000,
    "interestIncome": 0,
    "interestExpense": 0,
    "depreciationAndAmortization": -15700000,
    "ebitda": 58900000,
    "ebitdaratio": 0.3665214686,
    "operatingIncome": 43700000,
    "operatingIncomeRatio": 0.2719352831,
    "totalOtherIncomeExpensesNet": -24200000,
    "incomeBeforeTax": 19500000,
    "incomeBeforeTaxRatio": 0.1213441195,
    "incomeTaxExpense": 6800000,
    "netIncome": 11700000,
    "netIncomeRatio": 0.0728064717,
    "eps": 0.21,
    "epsdiluted": 0.21,
    "weightedAverageShsOut": 61333333,
    "weightedAverageShsOutDil": 61333333,
    "link": "",
    "finalLink": ""
  },
  {
    "date": "1992-09-30",
    "symbol": "AWK",
    "reportedCurrency": "USD",
    "cik": "0001410636",
    "fillingDate": "1992-09-30",
    "acceptedDate": "1992-09-29 20:00:00",
    "calendarYear": "1992",
    "period": "Q3",
    "revenue": 176300000,
    "costOfRevenue": 85100000,
    "grossProfit": 91200000,
    "grossProfitRatio": 0.5173000567,
    "researchAndDevelopmentExpenses": 0,
    "generalAndAdministrativeExpenses": 0,
    "sellingAndMarketingExpenses": 0,
    "sellingGeneralAndAdministrativeExpenses": 0,
    "otherExpenses": 30600000,
    "operatingExpenses": 30600000,
    "costAndExpenses": 115700000,
    "interestIncome": 0,
    "interestExpense": 0,
    "depreciationAndAmortization": -14700000,
    "ebitda": 74200000,
    "ebitdaratio": 0.4208735111,
    "operatingIncome": 60600000,
    "operatingIncomeRatio": 0.3437322745,
    "totalOtherIncomeExpensesNet": -23700000,
    "incomeBeforeTax": 36900000,
    "incomeBeforeTaxRatio": 0.2093023256,
    "incomeTaxExpense": 13700000,
    "netIncome": 22200000,
    "netIncomeRatio": 0.1259217243,
    "eps": 0.36,
    "epsdiluted": 0.36,
    "weightedAverageShsOut": 61666667,
    "weightedAverageShsOutDil": 61666667,
    "link": "",
    "finalLink": ""
  },
  {
    "date": "1992-06-30",
    "symbol": "AWK",
    "reportedCurrency": "USD",
    "cik": "0001410636",
    "fillingDate": "1992-06-30",
    "acceptedDate": "1992-06-29 20:00:00",
    "calendarYear": "1992",
    "period": "Q2",
    "revenue": 168600000,
    "costOfRevenue": 83700000,
    "grossProfit": 84900000,
    "grossProfitRatio": 0.5035587189,
    "researchAndDevelopmentExpenses": 0,
    "generalAndAdministrativeExpenses": 0,
    "sellingAndMarketingExpenses": 0,
    "sellingGeneralAndAdministrativeExpenses": 0,
    "otherExpenses": 29600000,
    "operatingExpenses": 29600000,
    "costAndExpenses": 113300000,
    "interestIncome": 0,
    "interestExpense": 0,
    "depreciationAndAmortization": -14100000,
    "ebitda": 68500000,
    "ebitdaratio": 0.40628707,
    "operatingIncome": 55300000,
    "operatingIncomeRatio": 0.327995255,
    "totalOtherIncomeExpensesNet": -24200000,
    "incomeBeforeTax": 31100000,
    "incomeBeforeTaxRatio": 0.184460261,
    "incomeTaxExpense": 10800000,
    "netIncome": 19300000,
    "netIncomeRatio": 0.1144721234,
    "eps": 0.31,
    "epsdiluted": 0.31,
    "weightedAverageShsOut": 62258065,
    "weightedAverageShsOutDil": 62258065,
    "link": "",
    "finalLink": ""
  }
]