[
  {
    "date": "2025-06-30",
    "symbol": "AXON",
    "reportedCurrency": "USD",
    "cik": "0001069183",
    "fillingDate": "2025-08-05",
    "acceptedDate": "2025-08-04 19:47:17",
    "calendarYear": "2025",
    "period": "Q2",
    "revenue": 668538000,
    "costOfRevenue": 264795000,
    "grossProfit": 403743000,
    "grossProfitRatio": 0.6039192985,
    "researchAndDevelopmentExpenses": 162567000,
    "generalAndAdministrativeExpenses": 0,
    "sellingAndMarketingExpenses": 0,
    "sellingGeneralAndAdministrativeExpenses": 240112000,
    "otherExpenses": 0,
    "operatingExpenses": 402679000,
    "costAndExpenses": 667474000,
    "interestIncome": 23253000,
    "interestExpense": 28686000,
    "depreciationAndAmortization": 17157000,
    "ebitda": 6960000,
    "ebitdaratio": 0.0104107769,
    "operatingIncome": 1064000,
    "operatingIncomeRatio": 0.0015915326,
    "totalOtherIncomeExpensesNet": -39947000,
    "incomeBeforeTax": -38883000,
    "incomeBeforeTaxRatio": -0.0581612414,
    "incomeTaxExpense": -75000000,
    "netIncome": 36117000,
    "netIncomeRatio": 0.054023855,
    "eps": 0.46,
    "epsdiluted": 0.44,
    "weightedAverageShsOut": 77999000,
    "weightedAverageShsOutDil": 82062000,
    "link": "https://www.sec.gov/Archives/edgar/data/1069183/000106918325000181/0001069183-25-000181-index.htm",
    "finalLink": "https://www.sec.gov/Archives/edgar/data/1069183/000106918325000181/axon-20250630.htm"
  },
  {
    "date": "2025-03-31",
    "symbol": "AXON",
    "reportedCurrency": "USD",
    "cik": "0001069183",
    "fillingDate": "2025-05-07",
    "acceptedDate": "2025-05-07 16:41:36",
    "calendarYear": "2025",
    "period": "Q1",
    "revenue": 603633000,
    "costOfRevenue": 237894000,
    "grossProfit": 365739000,
    "grossProfitRatio": 0.6058962979,
    "researchAndDevelopmentExpenses": 151023000,
    "generalAndAdministrativeExpenses": 0,
    "sellingAndMarketingExpenses": 0,
    "sellingGeneralAndAdministrativeExpenses": 222609000,
    "otherExpenses": 0,
    "operatingExpenses": 373632000,
    "costAndExpenses": 611526000,
    "interestIncome": 10604000,
    "interestExpense": 7821000,
    "depreciationAndAmortization": 19453000,
    "ebitda": 135665000,
    "ebitdaratio": 0.2247474873,
    "operatingIncome": -7893000,
    "operatingIncomeRatio": -0.0130758259,
    "totalOtherIncomeExpensesNet": 116284000,
    "incomeBeforeTax": 108391000,
    "incomeBeforeTaxRatio": 0.1795644042,
    "incomeTaxExpense": 20411000,
    "netIncome": 87980000,
    "netIncomeRatio": 0.1457508122,
    "eps": 1.14,
    "epsdiluted": 1.08,
    "weightedAverageShsOut": 76890000,
    "weightedAverageShsOutDil": 81484000,
    "link": "https://www.sec.gov/Archives/edgar/data/1069183/000106918325000077/0001069183-25-000077-index.htm",
    "finalLink": "https://www.sec.gov/Archives/edgar/data/1069183/000106918325000077/axon-20250331.htm"
  },
  {
    "date": "2024-12-31",
    "symbol": "AXON",
    "reportedCurrency": "USD",
    "cik": "0001069183",
    "fillingDate": "2025-02-28",
    "acceptedDate": "2025-02-28 16:22:06",
    "calendarYear": "2024",
    "period": "Q4",
    "revenue": 575145000,
    "costOfRevenue": 229296000,
    "grossProfit": 345849000,
    "grossProfitRatio": 0.6013248833,
    "researchAndDevelopmentExpenses": 134585000,
    "generalAndAdministrativeExpenses": 0,
    "sellingAndMarketingExpenses": 0,
    "sellingGeneralAndAdministrativeExpenses": 226919000,
    "otherExpenses": 0,
    "operatingExpenses": 361504000,
    "costAndExpenses": 590800000,
    "interestIncome": 7286000,
    "interestExpense": 1825000,
    "depreciationAndAmortization": 17680000,
    "ebitda": 104070000,
    "ebitdaratio": 0.1809456746,
    "operatingIncome": -15655000,
    "operatingIncomeRatio": -0.027219223,
    "totalOtherIncomeExpensesNet": 100220000,
    "incomeBeforeTax": 84565000,
    "incomeBeforeTaxRatio": 0.1470324875,
    "incomeTaxExpense": -50619000,
    "netIncome": 135184000,
    "netIncomeRatio": 0.2350433369,
    "eps": 1.77,
    "epsdiluted": 1.67,
    "weightedAverageShsOut": 76360000,
    "weightedAverageShsOutDil": 81091000,
    "link": "https://www.sec.gov/Archives/edgar/data/1069183/000106918325000019/0001069183-25-000019-index.htm",
    "finalLink": "https://www.sec.gov/Archives/edgar/data/1069183/000106918325000019/axon-20241231.htm"
  },
  {
    "date": "2024-09-30",
    "symbol": "AXON",
    "reportedCurrency": "USD",
    "cik": "0001069183",
    "fillingDate": "2024-11-08",
    "acceptedDate": "2024-11-07 20:45:32",
    "calendarYear": "2024",
    "period": "Q3",
    "revenue": 544274000,
    "costOfRevenue": 213527000,
    "grossProfit": 330747000,
    "grossProfitRatio": 0.6076847323,
    "researchAndDevelopmentExpenses": 114477000,
    "generalAndAdministrativeExpenses": 0,
    "sellingAndMarketingExpenses": 0,
    "sellingGeneralAndAdministrativeExpenses": 191889000,
    "otherExpenses": 0,
    "operatingExpenses": 306366000,
    "costAndExpenses": 519893000,
    "interestIncome": 12624000,
    "interestExpense": 1646000,
    "depreciationAndAmortization": 6181000,
    "ebitda": 87396000,
    "ebitdaratio": 0.1605735347,
    "operatingIncome": 24381000,
    "operatingIncomeRatio": 0.0447954523,
    "totalOtherIncomeExpensesNet": 55188000,
    "incomeBeforeTax": 79569000,
    "incomeBeforeTaxRatio": 0.1461929102,
    "incomeTaxExpense": 12544000,
    "netIncome": 67025000,
    "netIncomeRatio": 0.123145695,
    "eps": 0.89,
    "epsdiluted": 0.86,
    "weightedAverageShsOut": 75697000,
    "weightedAverageShsOutDil": 78080000,
    "link": "https://www.sec.gov/Archives/edgar/data/1069183/000106918324000061/0001069183-24-000061-index.htm",
    "finalLink": "https://www.sec.gov/Archives/edgar/data/1069183/000106918324000061/axon-20240930.htm"
  },
  {
    "date": "2024-06-30",
    "symbol": "AXON",
    "reportedCurrency": "USD",
    "cik": "0001069183",
    "fillingDate": "2024-08-07",
    "acceptedDate": "2024-08-06 19:33:45",
    "calendarYear": "2024",
    "period": "Q2",
    "revenue": 503236000,
    "costOfRevenue": 197080000,
    "grossProfit": 306156000,
    "grossProfitRatio": 0.6083745996,
    "researchAndDevelopmentExpenses": 101434000,
    "generalAndAdministrativeExpenses": 0,
    "sellingAndMarketingExpenses": 0,
    "sellingGeneralAndAdministrativeExpenses": 170964000,
    "otherExpenses": 0,
    "operatingExpenses": 272398000,
    "costAndExpenses": 469478000,
    "interestIncome": 11653000,
    "interestExpense": 1871000,
    "depreciationAndAmortization": 10386000,
    "ebitda": 63731000,
    "ebitdaratio": 0.1266423706,
    "operatingIncome": 33758000,
    "operatingIncomeRatio": 0.0670818463,
    "totalOtherIncomeExpensesNet": 17716000,
    "incomeBeforeTax": 51474000,
    "incomeBeforeTaxRatio": 0.102286005,
    "incomeTaxExpense": 10001000,
    "netIncome": 41473000,
    "netIncomeRatio": 0.0824126255,
    "eps": 0.54,
    "epsdiluted": 0.53,
    "weightedAverageShsOut": 75511000,
    "weightedAverageShsOutDil": 77550000,
    "link": "https://www.sec.gov/Archives/edgar/data/1069183/000106918324000049/0001069183-24-000049-index.htm",
    "finalLink": "https://www.sec.gov/Archives/edgar/data/1069183/000106918324000049/axon-20240630x10q.htm"
  },
  {
    "date": "2024-03-31",
    "symbol": "AXON",
    "reportedCurrency": "USD",
    "cik": "0001069183",
    "fillingDate": "2024-05-07",
    "acceptedDate": "2024-05-06 18:53:46",
    "calendarYear": "2024",
    "period": "Q1",
    "revenue": 459871000,
    "costOfRevenue": 201243000,
    "grossProfit": 258628000,
    "grossProfitRatio": 0.562392497,
    "researchAndDevelopmentExpenses": 91097000,
    "generalAndAdministrativeExpenses": 0,
    "sellingAndMarketingExpenses": 0,
    "sellingGeneralAndAdministrativeExpenses": 151075000,
    "otherExpenses": 0,
    "operatingExpenses": 242172000,
    "costAndExpenses": 443415000,
    "interestIncome": 12130000,
    "interestExpense": 1756000,
    "depreciationAndAmortization": 7356000,
    "ebitda": 175008000,
    "ebitdaratio": 0.3805588959,
    "operatingIncome": 16456000,
    "operatingIncomeRatio": 0.0357839481,
    "totalOtherIncomeExpensesNet": 149440000,
    "incomeBeforeTax": 165896000,
    "incomeBeforeTaxRatio": 0.3607446436,
    "incomeTaxExpense": 32543999,
    "netIncome": 133352000,
    "netIncomeRatio": 0.2899769718,
    "eps": 1.77,
    "epsdiluted": 1.73,
    "weightedAverageShsOut": 75355000,
    "weightedAverageShsOutDil": 77132000,
    "link": "https://www.sec.gov/Archives/edgar/data/1069183/000106918324000032/0001069183-24-000032-index.htm",
    "finalLink": "https://www.sec.gov/Archives/edgar/data/1069183/000106918324000032/axon-20240331x10q.htm"
  },
  {
    "date": "2023-12-31",
    "symbol": "AXON",
    "reportedCurrency": "USD",
    "cik": "0001069183",
    "fillingDate": "2024-02-27",
    "acceptedDate": "2024-02-27 16:31:51",
    "calendarYear": "2023",
    "period": "Q4",
    "revenue": 430376000,
    "costOfRevenue": 166384000,
    "grossProfit": 263992000,
    "grossProfitRatio": 0.6133985166,
    "researchAndDevelopmentExpenses": 83972000,
    "generalAndAdministrativeExpenses": 0,
    "sellingAndMarketingExpenses": 0,
    "sellingGeneralAndAdministrativeExpenses": 137273000,
    "otherExpenses": 0,
    "operatingExpenses": 221245000,
    "costAndExpenses": 387629000,
    "interestIncome": 14097000,
    "interestExpense": 1772000,
    "depreciationAndAmortization": 6471000,
    "ebitda": 63983000,
    "ebitdaratio": 0.1486676766,
    "operatingIncome": 42747000,
    "operatingIncomeRatio": 0.0993247765,
    "totalOtherIncomeExpensesNet": 12993000,
    "incomeBeforeTax": 55740000,
    "incomeBeforeTaxRatio": 0.129514657,
    "incomeTaxExpense": -1321000,
    "netIncome": 57061000,
    "netIncomeRatio": 0.132584066,
    "eps": 0.76,
    "epsdiluted": 0.75,
    "weightedAverageShsOut": 75060000,
    "weightedAverageShsOutDil": 76178000,
    "link": "https://www.sec.gov/Archives/edgar/data/1069183/000106918324000006/0001069183-24-000006-index.htm",
    "finalLink": "https://www.sec.gov/Archives/edgar/data/1069183/000106918324000006/axon-20231231x10k.htm"
  },
  {
    "date": "2023-09-30",
    "symbol": "AXON",
    "reportedCurrency": "USD",
    "cik": "0001069183",
    "fillingDate": "2023-11-07",
    "acceptedDate": "2023-11-07 16:55:07",
    "calendarYear": "2023",
    "period": "Q3",
    "revenue": 413278000,
    "costOfRevenue": 156622000,
    "grossProfit": 256656000,
    "grossProfitRatio": 0.6210250727,
    "researchAndDevelopmentExpenses": 76880000,
    "generalAndAdministrativeExpenses": 0,
    "sellingAndMarketingExpenses": 0,
    "sellingGeneralAndAdministrativeExpenses": 122357000,
    "otherExpenses": 0,
    "operatingExpenses": 199237000,
    "costAndExpenses": 355859000,
    "interestIncome": 12220000,
    "interestExpense": 1762000,
    "depreciationAndAmortization": 8418000,
    "ebitda": 81909000,
    "ebitdaratio": 0.1981934678,
    "operatingIncome": 57419000,
    "operatingIncomeRatio": 0.1389355349,
    "totalOtherIncomeExpensesNet": 14310000,
    "incomeBeforeTax": 71729000,
    "incomeBeforeTaxRatio": 0.173561138,
    "incomeTaxExpense": 10420000,
    "netIncome": 61309000,
    "netIncomeRatio": 0.1483480853,
    "eps": 0.79,
    "epsdiluted": 0.78,
    "weightedAverageShsOut": 74826000,
    "weightedAverageShsOutDil": 75952000,
    "link": "https://www.sec.gov/Archives/edgar/data/1069183/000155837023018023/0001558370-23-018023-index.htm",
    "finalLink": "https://www.sec.gov/Archives/edgar/data/1069183/000155837023018023/axon-20230930x10q.htm"
  },
  {
    "date": "2023-06-30",
    "symbol": "AXON",
    "reportedCurrency": "USD",
    "cik": "0001069183",
    "fillingDate": "2023-08-08",
    "acceptedDate": "2023-08-08 16:59:47",
    "calendarYear": "2023",
    "period": "Q2",
    "revenue": 374605000,
    "costOfRevenue": 142484000,
    "grossProfit": 232121000,
    "grossProfitRatio": 0.6196420229,
    "researchAndDevelopmentExpenses": 71940000,
    "generalAndAdministrativeExpenses": 0,
    "sellingAndMarketingExpenses": 0,
    "sellingGeneralAndAdministrativeExpenses": 119922000,
    "otherExpenses": 0,
    "operatingExpenses": 191862000,
    "costAndExpenses": 334346000,
    "interestIncome": 11300000,
    "interestExpense": 3500000,
    "depreciationAndAmortization": 9063000,
    "ebitda": 454000,
    "ebitdaratio": 0.0012119432,
    "operatingIncome": 40259000,
    "operatingIncomeRatio": 0.1074705356,
    "totalOtherIncomeExpensesNet": -52368000,
    "incomeBeforeTax": -12109000,
    "incomeBeforeTaxRatio": -0.0323247154,
    "incomeTaxExpense": -24529000,
    "netIncome": 12420000,
    "netIncomeRatio": 0.0331549232,
    "eps": 0.17,
    "epsdiluted": 0.16,
    "weightedAverageShsOut": 74224000,
    "weightedAverageShsOutDil": 75780000,
    "link": "https://www.sec.gov/Archives/edgar/data/1069183/000155837023013981/0001558370-23-013981-index.htm",
    "finalLink": "https://www.sec.gov/Archives/edgar/data/1069183/000155837023013981/axon-20230630x10q.htm"
  },
  {
    "date": "2023-03-31",
    "symbol": "AXON",
    "reportedCurrency": "USD",
    "cik": "0001069183",
    "fillingDate": "2023-05-09",
    "acceptedDate": "2023-05-09 16:27:40",
    "calendarYear": "2023",
    "period": "Q1",
    "revenue": 343043000,
    "costOfRevenue": 138941000,
    "grossProfit": 204102000,
    "grossProfitRatio": 0.594974974,
    "researchAndDevelopmentExpenses": 70927000,
    "generalAndAdministrativeExpenses": 0,
    "sellingAndMarketingExpenses": 0,
    "sellingGeneralAndAdministrativeExpenses": 116567000,
    "otherExpenses": 0,
    "operatingExpenses": 187494000,
    "costAndExpenses": 326435000,
    "interestIncome": 10600000,
    "interestExpense": 0,
    "depreciationAndAmortization": 8084000,
    "ebitda": 49968000,
    "ebitdaratio": 0.1456610396,
    "operatingIncome": 16608000,
    "operatingIncomeRatio": 0.0484137557,
    "totalOtherIncomeExpensesNet": 25276000,
    "incomeBeforeTax": 41884000,
    "incomeBeforeTaxRatio": 0.1220954807,
    "incomeTaxExpense": -3255000,
    "netIncome": 45139000,
    "netIncomeRatio": 0.1315840871,
    "eps": 0.62,
    "epsdiluted": 0.61,
    "weightedAverageShsOut": 72638000,
    "weightedAverageShsOutDil": 73880000,
    "link": "https://www.sec.gov/Archives/edgar/data/1069183/000106918323000030/0001069183-23-000030-index.htm",
    "finalLink": "https://www.sec.gov/Archives/edgar/data/1069183/000106918323000030/axon-20230331x10q.htm"
  },
  {
    "date": "2022-12-31",
    "symbol": "AXON",
    "reportedCurrency": "USD",
    "cik": "0001069183",
    "fillingDate": "2023-02-28",
    "acceptedDate": "2023-02-28 17:02:00",
    "calendarYear": "2022",
    "period": "Q4",
    "revenue": 336142000,
    "costOfRevenue": 130463000,
    "grossProfit": 205679000,
    "grossProfitRatio": 0.6118812883,
    "researchAndDevelopmentExpenses": 68720000,
    "generalAndAdministrativeExpenses": 0,
    "sellingAndMarketingExpenses": 0,
    "sellingGeneralAndAdministrativeExpenses": 114418000,
    "otherExpenses": 0,
    "operatingExpenses": 183138000,
    "costAndExpenses": 313601000,
    "interestIncome": 0,
    "interestExpense": 0,
    "depreciationAndAmortization": 7938000,
    "ebitda": 42668000,
    "ebitdaratio": 0.1269344503,
    "operatingIncome": 22541000,
    "operatingIncomeRatio": 0.0670579695,
    "totalOtherIncomeExpensesNet": 12189000,
    "incomeBeforeTax": 34730000,
    "incomeBeforeTaxRatio": 0.1033194305,
    "incomeTaxExpense": 5555000,
    "netIncome": 29175000,
    "netIncomeRatio": 0.0867936765,
    "eps": 0.41,
    "epsdiluted": 0.4,
    "weightedAverageShsOut": 71270000,
    "weightedAverageShsOutDil": 72976000,
    "link": "https://www.sec.gov/Archives/edgar/data/1069183/000155837023002413/0001558370-23-002413-index.htm",
    "finalLink": "https://www.sec.gov/Archives/edgar/data/1069183/000155837023002413/axon-20221231x10k.htm"
  },
  {
    "date": "2022-09-30",
    "symbol": "AXON",
    "reportedCurrency": "USD",
    "cik": "0001069183",
    "fillingDate": "2022-11-09",
    "acceptedDate": "2022-11-08 18:17:06",
    "calendarYear": "2022",
    "period": "Q3",
    "revenue": 311754000,
    "costOfRevenue": 118497000,
    "grossProfit": 193257000,
    "grossProfitRatio": 0.6199022306,
    "researchAndDevelopmentExpenses": 59127000,
    "generalAndAdministrativeExpenses": 0,
    "sellingAndMarketingExpenses": 0,
    "sellingGeneralAndAdministrativeExpenses": 102023000,
    "otherExpenses": 0,
    "operatingExpenses": 161150000,
    "costAndExpenses": 279647000,
    "interestIncome": 0,
    "interestExpense": 0,
    "depreciationAndAmortization": 7924000,
    "ebitda": 28782000,
    "ebitdaratio": 0.092322793,
    "operatingIncome": 32107000,
    "operatingIncomeRatio": 0.1029882536,
    "totalOtherIncomeExpensesNet": -11249000,
    "incomeBeforeTax": 20858000,
    "incomeBeforeTaxRatio": 0.0669053164,
    "incomeTaxExpense": 8727000,
    "netIncome": 12131000,
    "netIncomeRatio": 0.0389120909,
    "eps": 0.17,
    "epsdiluted": 0.17,
    "weightedAverageShsOut": 71107000,
    "weightedAverageShsOutDil": 72525000,
    "link": "https://www.sec.gov/Archives/edgar/data/1069183/000106918322000055/0001069183-22-000055-index.htm",
    "finalLink": "https://www.sec.gov/Archives/edgar/data/1069183/000106918322000055/axon-20220930x10q.htm"
  },
  {
    "date": "2022-06-30",
    "symbol": "AXON",
    "reportedCurrency": "USD",
    "cik": "0001069183",
    "fillingDate": "2022-08-09",
    "acceptedDate": "2022-08-09 16:46:33",
    "calendarYear": "2022",
    "period": "Q2",
    "revenue": 285613000,
    "costOfRevenue": 111650000,
    "grossProfit": 173963000,
    "grossProfitRatio": 0.6090864211,
    "researchAndDevelopmentExpenses": 57547000,
    "generalAndAdministrativeExpenses": 0,
    "sellingAndMarketingExpenses": 0,
    "sellingGeneralAndAdministrativeExpenses": 95005000,
    "otherExpenses": 0,
    "operatingExpenses": 152552000,
    "costAndExpenses": 264202000,
    "interestIncome": 0,
    "interestExpense": 0,
    "depreciationAndAmortization": 7933000,
    "ebitda": 76370000,
    "ebitdaratio": 0.2673897897,
    "operatingIncome": 21411000,
    "operatingIncomeRatio": 0.0749650751,
    "totalOtherIncomeExpensesNet": 47026000,
    "incomeBeforeTax": 68437000,
    "incomeBeforeTaxRatio": 0.2396144433,
    "incomeTaxExpense": 17475000,
    "netIncome": 50962000,
    "netIncomeRatio": 0.1784302535,
    "eps": 0.72,
    "epsdiluted": 0.71,
    "weightedAverageShsOut": 71040000,
    "weightedAverageShsOutDil": 72283000,
    "link": "https://www.sec.gov/Archives/edgar/data/1069183/000106918322000036/0001069183-22-000036-index.htm",
    "finalLink": "https://www.sec.gov/Archives/edgar/data/1069183/000106918322000036/axon-20220630x10q.htm"
  },
  {
    "date": "2022-03-31",
    "symbol": "AXON",
    "reportedCurrency": "USD",
    "cik": "0001069183",
    "fillingDate": "2022-05-10",
    "acceptedDate": "2022-05-10 16:46:35",
    "calendarYear": "2022",
    "period": "Q1",
    "revenue": 256426000,
    "costOfRevenue": 100687000,
    "grossProfit": 155739000,
    "grossProfitRatio": 0.607344809,
    "researchAndDevelopmentExpenses": 48416000,
    "generalAndAdministrativeExpenses": 0,
    "sellingAndMarketingExpenses": 0,
    "sellingGeneralAndAdministrativeExpenses": 90129000,
    "otherExpenses": 0,
    "operatingExpenses": 138545000,
    "costAndExpenses": 239232000,
    "interestIncome": 0,
    "interestExpense": 0,
    "depreciationAndAmortization": 7311000,
    "ebitda": 79804000,
    "ebitdaratio": 0.3112164913,
    "operatingIncome": 17194000,
    "operatingIncomeRatio": 0.067052483,
    "totalOtherIncomeExpensesNet": 55299000,
    "incomeBeforeTax": 72493000,
    "incomeBeforeTaxRatio": 0.2827053419,
    "incomeTaxExpense": 17622000,
    "netIncome": 54871000,
    "netIncomeRatio": 0.2139837614,
    "eps": 0.77,
    "epsdiluted": 0.76,
    "weightedAverageShsOut": 70950000,
    "weightedAverageShsOutDil": 72349000,
    "link": "https://www.sec.gov/Archives/edgar/data/1069183/000155837022008142/0001558370-22-008142-index.htm",
    "finalLink": "https://www.sec.gov/Archives/edgar/data/1069183/000155837022008142/axon-20220331x10q.htm"
  },
  {
    "date": "2021-12-31",
    "symbol": "AXON",
    "reportedCurrency": "USD",
    "cik": "0001069183",
    "fillingDate": "2022-02-25",
    "acceptedDate": "2022-02-24 19:31:18",
    "calendarYear": "2021",
    "period": "Q4",
    "revenue": 217578000,
    "costOfRevenue": 82517000,
    "grossProfit": 135061000,
    "grossProfitRatio": 0.620747502,
    "researchAndDevelopmentExpenses": 50674000,
    "generalAndAdministrativeExpenses": 0,
    "sellingAndMarketingExpenses": 0,
    "sellingGeneralAndAdministrativeExpenses": 111353000,
    "otherExpenses": 0,
    "operatingExpenses": 162027000,
    "costAndExpenses": 244544000,
    "interestIncome": 952000,
    "interestExpense": 0,
    "depreciationAndAmortization": 6760000,
    "ebitda": -30454000,
    "ebitdaratio": -0.1399681953,
    "operatingIncome": -26966000,
    "operatingIncomeRatio": -0.1239371628,
    "totalOtherIncomeExpensesNet": -10248000,
    "incomeBeforeTax": -37214000,
    "incomeBeforeTaxRatio": -0.171037513,
    "incomeTaxExpense": -23706000,
    "netIncome": -13508000,
    "netIncomeRatio": -0.0620834827,
    "eps": -0.2,
    "epsdiluted": -0.19,
    "weightedAverageShsOut": 66945523,
    "weightedAverageShsOutDil": 69310000,
    "link": "https://www.sec.gov/Archives/edgar/data/1069183/000155837022002006/0001558370-22-002006-index.htm",
    "finalLink": "https://www.sec.gov/Archives/edgar/data/1069183/000155837022002006/axon-20211231x10k.htm"
  },
  {
    "date": "2021-09-30",
    "symbol": "AXON",
    "reportedCurrency": "USD",
    "cik": "0001069183",
    "fillingDate": "2021-11-15",
    "acceptedDate": "2021-11-15 16:42:16",
    "calendarYear": "2021",
    "period": "Q3",
    "revenue": 231989000,
    "costOfRevenue": 87422000,
    "grossProfit": 144567000,
    "grossProfitRatio": 0.6231631672,
    "researchAndDevelopmentExpenses": 42382000,
    "generalAndAdministrativeExpenses": 0,
    "sellingAndMarketingExpenses": 0,
    "sellingGeneralAndAdministrativeExpenses": 99095000,
    "otherExpenses": 0,
    "operatingExpenses": 141477000,
    "costAndExpenses": 228899000,
    "interestIncome": 0,
    "interestExpense": 0,
    "depreciationAndAmortization": 4838000,
    "ebitda": 2198000,
    "ebitdaratio": 0.0094745872,
    "operatingIncome": 3090000,
    "operatingIncomeRatio": 0.013319597,
    "totalOtherIncomeExpensesNet": -5730000,
    "incomeBeforeTax": -2640000,
    "incomeBeforeTaxRatio": -0.0113798499,
    "incomeTaxExpense": -51164000,
    "netIncome": 48524000,
    "netIncomeRatio": 0.2091650897,
    "eps": 0.73,
    "epsdiluted": 0.67,
    "weightedAverageShsOut": 66192000,
    "weightedAverageShsOutDil": 72441000,
    "link": "https://www.sec.gov/Archives/edgar/data/1069183/000155837021016019/0001558370-21-016019-index.htm",
    "finalLink": "https://www.sec.gov/Archives/edgar/data/1069183/000155837021016019/axon-20210930x10q.htm"
  },
  {
    "date": "2021-06-30",
    "symbol": "AXON",
    "reportedCurrency": "USD",
    "cik": "0001069183",
    "fillingDate": "2021-08-06",
    "acceptedDate": "2021-08-05 18:22:28",
    "calendarYear": "2021",
    "period": "Q2",
    "revenue": 218795000,
    "costOfRevenue": 80866000,
    "grossProfit": 137929000,
    "grossProfitRatio": 0.6304028885,
    "researchAndDevelopmentExpenses": 53952000,
    "generalAndAdministrativeExpenses": 0,
    "sellingAndMarketingExpenses": 0,
    "sellingGeneralAndAdministrativeExpenses": 177462000,
    "otherExpenses": 0,
    "operatingExpenses": 231414000,
    "costAndExpenses": 312280000,
    "interestIncome": 41841000,
    "interestExpense": 0,
    "depreciationAndAmortization": 4291000,
    "ebitda": -47553000,
    "ebitdaratio": -0.2173404328,
    "operatingIncome": -93485000,
    "operatingIncomeRatio": -0.427272104,
    "totalOtherIncomeExpensesNet": 41641000,
    "incomeBeforeTax": -51844000,
    "incomeBeforeTaxRatio": -0.2369523984,
    "incomeTaxExpense": -4727000,
    "netIncome": -47117000,
    "netIncomeRatio": -0.2153476999,
    "eps": -0.72,
    "epsdiluted": -0.72,
    "weightedAverageShsOut": 65166000,
    "weightedAverageShsOutDil": 65166000,
    "link": "https://www.sec.gov/Archives/edgar/data/1069183/000155837021010634/0001558370-21-010634-index.htm",
    "finalLink": "https://www.sec.gov/Archives/edgar/data/1069183/000155837021010634/axon-20210630x10q.htm"
  },
  {
    "date": "2021-03-31",
    "symbol": "AXON",
    "reportedCurrency": "USD",
    "cik": "0001069183",
    "fillingDate": "2021-05-07",
    "acceptedDate": "2021-05-06 18:02:05",
    "calendarYear": "2021",
    "period": "Q1",
    "revenue": 195019000,
    "costOfRevenue": 71666000,
    "grossProfit": 123353000,
    "grossProfitRatio": 0.6325178572,
    "researchAndDevelopmentExpenses": 47018000,
    "generalAndAdministrativeExpenses": 0,
    "sellingAndMarketingExpenses": 0,
    "sellingGeneralAndAdministrativeExpenses": 125797000,
    "otherExpenses": 0,
    "operatingExpenses": 172815000,
    "costAndExpenses": 244481000,
    "interestIncome": 585000,
    "interestExpense": 0,
    "depreciationAndAmortization": 4291000,
    "ebitda": -45386000,
    "ebitdaratio": -0.2327260421,
    "operatingIncome": -49462000,
    "operatingIncomeRatio": -0.2536265697,
    "totalOtherIncomeExpensesNet": -215000,
    "incomeBeforeTax": -49677000,
    "incomeBeforeTaxRatio": -0.2547290264,
    "incomeTaxExpense": -1760000,
    "netIncome": -47917000,
    "netIncomeRatio": -0.2457042647,
    "eps": -0.75,
    "epsdiluted": -0.75,
    "weightedAverageShsOut": 63889333,
    "weightedAverageShsOutDil": 64036000,
    "link": "https://www.sec.gov/Archives/edgar/data/1069183/000155837021006312/0001558370-21-006312-index.htm",
    "finalLink": "https://www.sec.gov/Archives/edgar/data/1069183/000155837021006312/axon-20210331x10q.htm"
  },
  {
    "date": "2020-12-31",
    "symbol": "AXON",
    "reportedCurrency": "USD",
    "cik": "0001069183",
    "fillingDate": "2021-02-26",
    "acceptedDate": "2021-02-25 18:13:11",
    "calendarYear": "2020",
    "period": "Q4",
    "revenue": 226140000,
    "costOfRevenue": 84834000,
    "grossProfit": 141306000,
    "grossProfitRatio": 0.6248607058,
    "researchAndDevelopmentExpenses": 38008000,
    "generalAndAdministrativeExpenses": 0,
    "sellingAndMarketingExpenses": 0,
    "sellingGeneralAndAdministrativeExpenses": 97523000,
    "otherExpenses": 0,
    "operatingExpenses": 135531000,
    "costAndExpenses": 220365000,
    "interestIncome": 3265000,
    "interestExpense": 0,
    "depreciationAndAmortization": 3531000,
    "ebitda": 12571000,
    "ebitdaratio": 0.0555894579,
    "operatingIncome": 5775000,
    "operatingIncomeRatio": 0.0255372778,
    "totalOtherIncomeExpensesNet": 3265000,
    "incomeBeforeTax": 9040000,
    "incomeBeforeTaxRatio": 0.0399752366,
    "incomeTaxExpense": -16794000,
    "netIncome": 25834000,
    "netIncomeRatio": 0.114238967,
    "eps": 0.41,
    "epsdiluted": 0.4,
    "weightedAverageShsOut": 63639000,
    "weightedAverageShsOutDil": 65362000,
    "link": "https://www.sec.gov/Archives/edgar/data/1069183/000155837021001873/0001558370-21-001873-index.htm",
    "finalLink": "https://www.sec.gov/Archives/edgar/data/1069183/000155837021001873/axon-20201231x10k.htm"
  },
  {
    "date": "2020-09-30",
    "symbol": "AXON",
    "reportedCurrency": "USD",
    "cik": "0001069183",
    "fillingDate": "2020-11-06",
    "acceptedDate": "2020-11-05 18:03:36",
    "calendarYear": "2020",
    "period": "Q3",
    "revenue": 166442000,
    "costOfRevenue": 67802000,
    "grossProfit": 98640000,
    "grossProfitRatio": 0.5926388772,
    "researchAndDevelopmentExpenses": 29246000,
    "generalAndAdministrativeExpenses": 0,
    "sellingAndMarketingExpenses": 0,
    "sellingGeneralAndAdministrativeExpenses": 74443000,
    "otherExpenses": 0,
    "operatingExpenses": 103689000,
    "costAndExpenses": 171491000,
    "interestIncome": 2040000,
    "interestExpense": 0,
    "depreciationAndAmortization": 3133000,
    "ebitda": -276000,
    "ebitdaratio": -0.0016582353,
    "operatingIncome": -5049000,
    "operatingIncomeRatio": -0.0303348914,
    "totalOtherIncomeExpensesNet": 1640000,
    "incomeBeforeTax": -3409000,
    "incomeBeforeTaxRatio": -0.0204816092,
    "incomeTaxExpense": -2536000,
    "netIncome": -873000,
    "netIncomeRatio": -0.0052450704,
    "eps": -0.0137,
    "epsdiluted": -0.0137,
    "weightedAverageShsOut": 63496000,
    "weightedAverageShsOutDil": 63496000,
    "link": "https://www.sec.gov/Archives/edgar/data/1069183/000106918320000075/0001069183-20-000075-index.htm",
    "finalLink": "https://www.sec.gov/Archives/edgar/data/1069183/000106918320000075/aaxn-20200930x10q.htm"
  },
  {
    "date": "2020-06-30",
    "symbol": "AXON",
    "reportedCurrency": "USD",
    "cik": "0001069183",
    "fillingDate": "2020-08-07",
    "acceptedDate": "2020-08-06 18:42:20",
    "calendarYear": "2020",
    "period": "Q2",
    "revenue": 141259000,
    "costOfRevenue": 52282000,
    "grossProfit": 88977000,
    "grossProfitRatio": 0.6298855294,
    "researchAndDevelopmentExpenses": 29560000,
    "generalAndAdministrativeExpenses": 0,
    "sellingAndMarketingExpenses": 0,
    "sellingGeneralAndAdministrativeExpenses": 72393000,
    "otherExpenses": 0,
    "operatingExpenses": 101953000,
    "costAndExpenses": 154235000,
    "interestIncome": 1613000,
    "interestExpense": 0,
    "depreciationAndAmortization": 2830000,
    "ebitda": -9233000,
    "ebitdaratio": -0.065362207,
    "operatingIncome": -12976000,
    "operatingIncomeRatio": -0.0918596337,
    "totalOtherIncomeExpensesNet": 913000,
    "incomeBeforeTax": -12063000,
    "incomeBeforeTaxRatio": -0.0853963287,
    "incomeTaxExpense": 18696000,
    "netIncome": -30759000,
    "netIncomeRatio": -0.2177489576,
    "eps": -0.51,
    "epsdiluted": -0.51,
    "weightedAverageShsOut": 60311764,
    "weightedAverageShsOutDil": 60346000,
    "link": "https://www.sec.gov/Archives/edgar/data/1069183/000106918320000067/0001069183-20-000067-index.htm",
    "finalLink": "https://www.sec.gov/Archives/edgar/data/1069183/000106918320000067/aaxn-20200630x10q.htm"
  },
  {
    "date": "2020-03-31",
    "symbol": "AXON",
    "reportedCurrency": "USD",
    "cik": "0001069183",
    "fillingDate": "2020-05-08",
    "acceptedDate": "2020-05-07 18:34:49",
    "calendarYear": "2020",
    "period": "Q1",
    "revenue": 147162000,
    "costOfRevenue": 57754000,
    "grossProfit": 89408000,
    "grossProfitRatio": 0.6075481442,
    "researchAndDevelopmentExpenses": 26381000,
    "generalAndAdministrativeExpenses": 0,
    "sellingAndMarketingExpenses": 0,
    "sellingGeneralAndAdministrativeExpenses": 62127000,
    "otherExpenses": 0,
    "operatingExpenses": 88508000,
    "costAndExpenses": 146262000,
    "interestIncome": 941000,
    "interestExpense": 0,
    "depreciationAndAmortization": 2881000,
    "ebitda": 3022000,
    "ebitdaratio": 0.0205351925,
    "operatingIncome": 900000,
    "operatingIncomeRatio": 0.0061157092,
    "totalOtherIncomeExpensesNet": -759000,
    "incomeBeforeTax": 141000,
    "incomeBeforeTaxRatio": 0.0009581278,
    "incomeTaxExpense": -3933000,
    "netIncome": 4074000,
    "netIncomeRatio": 0.0276837771,
    "eps": 0.07,
    "epsdiluted": 0.07,
    "weightedAverageShsOut": 59609000,
    "weightedAverageShsOutDil": 60394000,
    "link": "https://www.sec.gov/Archives/edgar/data/1069183/000155837020005817/0001558370-20-005817-index.htm",
    "finalLink": "https://www.sec.gov/Archives/edgar/data/1069183/000155837020005817/aaxn-20200507x10q.htm"
  },
  {
    "date": "2019-12-31",
    "symbol": "AXON",
    "reportedCurrency": "USD",
    "cik": "0001069183",
    "fillingDate": "2020-02-28",
    "acceptedDate": "2020-02-27 18:32:54",
    "calendarYear": "2019",
    "period": "Q4",
    "revenue": 171851000,
    "costOfRevenue": 79211000,
    "grossProfit": 92640000,
    "grossProfitRatio": 0.5390716376,
    "researchAndDevelopmentExpenses": 28745000,
    "generalAndAdministrativeExpenses": 0,
    "sellingAndMarketingExpenses": 0,
    "sellingGeneralAndAdministrativeExpenses": 78281000,
    "otherExpenses": 0,
    "operatingExpenses": 107026000,
    "costAndExpenses": 186237000,
    "interestIncome": 2404000,
    "interestExpense": 0,
    "depreciationAndAmortization": 3165000,
    "ebitda": -8735000,
    "ebitdaratio": -0.0508289157,
    "operatingIncome": -14386000,
    "operatingIncomeRatio": -0.0837120529,
    "totalOtherIncomeExpensesNet": 2486000,
    "incomeBeforeTax": -11900000,
    "incomeBeforeTaxRatio": -0.0692460329,
    "incomeTaxExpense": 479000,
    "netIncome": -12379000,
    "netIncomeRatio": -0.0720333312,
    "eps": -0.21,
    "epsdiluted": -0.21,
    "weightedAverageShsOut": 59374000,
    "weightedAverageShsOutDil": 60257000,
    "link": "https://www.sec.gov/Archives/edgar/data/1069183/000106918320000016/0001069183-20-000016-index.htm",
    "finalLink": "https://www.sec.gov/Archives/edgar/data/1069183/000106918320000016/a10kaaxn123119.htm"
  },
  {
    "date": "2019-09-30",
    "symbol": "AXON",
    "reportedCurrency": "USD",
    "cik": "0001069183",
    "fillingDate": "2019-11-08",
    "acceptedDate": "2019-11-07 18:20:22",
    "calendarYear": "2019",
    "period": "Q3",
    "revenue": 130836999,
    "costOfRevenue": 50668000,
    "grossProfit": 80169000,
    "grossProfitRatio": 0.6127395203,
    "researchAndDevelopmentExpenses": 25129000,
    "generalAndAdministrativeExpenses": 0,
    "sellingAndMarketingExpenses": 0,
    "sellingGeneralAndAdministrativeExpenses": 47724000,
    "otherExpenses": 0,
    "operatingExpenses": 72853000,
    "costAndExpenses": 123521000,
    "interestIncome": 1738000,
    "interestExpense": 0,
    "depreciationAndAmortization": 2709000,
    "ebitda": 11145000,
    "ebitdaratio": 0.0851823268,
    "operatingIncome": 7316000,
    "operatingIncomeRatio": 0.0559169047,
    "totalOtherIncomeExpensesNet": 1120000,
    "incomeBeforeTax": 8436000,
    "incomeBeforeTaxRatio": 0.0644771744,
    "incomeTaxExpense": 2332000,
    "netIncome": 6104000,
    "netIncomeRatio": 0.0466534699,
    "eps": 0.1,
    "epsdiluted": 0.1,
    "weightedAverageShsOut": 59278000,
    "weightedAverageShsOutDil": 60059000,
    "link": "https://www.sec.gov/Archives/edgar/data/1069183/000106918319000145/0001069183-19-000145-index.htm",
    "finalLink": "https://www.sec.gov/Archives/edgar/data/1069183/000106918319000145/aaxnq32019-10xqdocument.htm"
  },
  {
    "date": "2019-06-30",
    "symbol": "AXON",
    "reportedCurrency": "USD",
    "cik": "0001069183",
    "fillingDate": "2019-08-09",
    "acceptedDate": "2019-08-08 19:56:13",
    "calendarYear": "2019",
    "period": "Q2",
    "revenue": 112362000,
    "costOfRevenue": 46802000,
    "grossProfit": 65560000,
    "grossProfitRatio": 0.5834712803,
    "researchAndDevelopmentExpenses": 23493000,
    "generalAndAdministrativeExpenses": 0,
    "sellingAndMarketingExpenses": 0,
    "sellingGeneralAndAdministrativeExpenses": 43362000,
    "otherExpenses": 0,
    "operatingExpenses": 66855000,
    "costAndExpenses": 113657000,
    "interestIncome": 1750000,
    "interestExpense": 0,
    "depreciationAndAmortization": 2687000,
    "ebitda": 3237000,
    "ebitdaratio": 0.028808672,
    "operatingIncome": -1295000,
    "operatingIncomeRatio": -0.0115252487,
    "totalOtherIncomeExpensesNet": 1845000,
    "incomeBeforeTax": 550000,
    "incomeBeforeTaxRatio": 0.0048948933,
    "incomeTaxExpense": -188000,
    "netIncome": 738000,
    "netIncomeRatio": 0.0065680568,
    "eps": 0.01,
    "epsdiluted": 0.01,
    "weightedAverageShsOut": 59187000,
    "weightedAverageShsOutDil": 60000000,
    "link": "https://www.sec.gov/Archives/edgar/data/1069183/000106918319000103/0001069183-19-000103-index.htm",
    "finalLink": "https://www.sec.gov/Archives/edgar/data/1069183/000106918319000103/aaxnq22019-10xqdocument.htm"
  },
  {
    "date": "2019-03-31",
    "symbol": "AXON",
    "reportedCurrency": "USD",
    "cik": "0001069183",
    "fillingDate": "2019-05-10",
    "acceptedDate": "2019-05-10 07:55:23",
    "calendarYear": "2019",
    "period": "Q1",
    "revenue": 115810000,
    "costOfRevenue": 46893000,
    "grossProfit": 68917000,
    "grossProfitRatio": 0.5950867801,
    "researchAndDevelopmentExpenses": 23354000,
    "generalAndAdministrativeExpenses": 0,
    "sellingAndMarketingExpenses": 0,
    "sellingGeneralAndAdministrativeExpenses": 42892000,
    "otherExpenses": 0,
    "operatingExpenses": 66245999,
    "costAndExpenses": 113139000,
    "interestIncome": 2313000,
    "interestExpense": 0,
    "depreciationAndAmortization": 2800000,
    "ebitda": 7784000,
    "ebitdaratio": 0.0672135394,
    "operatingIncome": 2671000,
    "operatingIncomeRatio": 0.0230636387,
    "totalOtherIncomeExpensesNet": 2313000,
    "incomeBeforeTax": 4984000,
    "incomeBeforeTaxRatio": 0.0430360073,
    "incomeTaxExpense": -1435000,
    "netIncome": 6419000,
    "netIncomeRatio": 0.0554269925,
    "eps": 0.11,
    "epsdiluted": 0.11,
    "weightedAverageShsOut": 58914000,
    "weightedAverageShsOutDil": 59751000,
    "link": "https://www.sec.gov/Archives/edgar/data/1069183/000106918319000066/0001069183-19-000066-index.htm",
    "finalLink": "https://www.sec.gov/Archives/edgar/data/1069183/000106918319000066/aaxnq12019-10xqdocument.htm"
  },
  {
    "date": "2018-12-31",
    "symbol": "AXON",
    "reportedCurrency": "USD",
    "cik": "0001069183",
    "fillingDate": "2019-02-27",
    "acceptedDate": "2019-02-27 17:28:57",
    "calendarYear": "2018",
    "period": "Q4",
    "revenue": 114791000,
    "costOfRevenue": 49445000,
    "grossProfit": 65346000,
    "grossProfitRatio": 0.5692606563,
    "researchAndDevelopmentExpenses": 21254000,
    "generalAndAdministrativeExpenses": 0,
    "sellingAndMarketingExpenses": 0,
    "sellingGeneralAndAdministrativeExpenses": 42099000,
    "otherExpenses": 0,
    "operatingExpenses": 63353000,
    "costAndExpenses": 112798000,
    "interestIncome": 1421000,
    "interestExpense": 0,
    "depreciationAndAmortization": 2389000,
    "ebitda": 5403000,
    "ebitdaratio": 0.0470681499,
    "operatingIncome": 1993000,
    "operatingIncomeRatio": 0.0173619883,
    "totalOtherIncomeExpensesNet": 1021000,
    "incomeBeforeTax": 3014000,
    "incomeBeforeTaxRatio": 0.0262564138,
    "incomeTaxExpense": 931000,
    "netIncome": 2083000,
    "netIncomeRatio": 0.0181460219,
    "eps": 0.04,
    "epsdiluted": 0.03,
    "weightedAverageShsOut": 58502000,
    "weightedAverageShsOutDil": 59665000,
    "link": "https://www.sec.gov/Archives/edgar/data/1069183/000106918319000023/0001069183-19-000023-index.htm",
    "finalLink": "https://www.sec.gov/Archives/edgar/data/1069183/000106918319000023/a10kaaxn123118.htm"
  },
  {
    "date": "2018-09-30",
    "symbol": "AXON",
    "reportedCurrency": "USD",
    "cik": "0001069183",
    "fillingDate": "2018-11-07",
    "acceptedDate": "2018-11-07 16:04:19",
    "calendarYear": "2018",
    "period": "Q3",
    "revenue": 104836000,
    "costOfRevenue": 39203000,
    "grossProfit": 65632999,
    "grossProfitRatio": 0.6260540177,
    "researchAndDevelopmentExpenses": 21982000,
    "generalAndAdministrativeExpenses": 0,
    "sellingAndMarketingExpenses": 0,
    "sellingGeneralAndAdministrativeExpenses": 39685000,
    "otherExpenses": 0,
    "operatingExpenses": 61667000,
    "costAndExpenses": 100870000,
    "interestIncome": 1674000,
    "interestExpense": 0,
    "depreciationAndAmortization": 3065000,
    "ebitda": 8305000,
    "ebitdaratio": 0.0792189706,
    "operatingIncome": 3966000,
    "operatingIncomeRatio": 0.0378305162,
    "totalOtherIncomeExpensesNet": 1274000,
    "incomeBeforeTax": 5240000,
    "incomeBeforeTaxRatio": 0.0499828303,
    "incomeTaxExpense": -471000,
    "netIncome": 5711000,
    "netIncomeRatio": 0.0544755618,
    "eps": 0.1,
    "epsdiluted": 0.1,
    "weightedAverageShsOut": 58340000,
    "weightedAverageShsOutDil": 59805000,
    "link": "https://www.sec.gov/Archives/edgar/data/1069183/000106918318000114/0001069183-18-000114-index.htm",
    "finalLink": "https://www.sec.gov/Archives/edgar/data/1069183/000106918318000114/aaxnq32018-10xqdocument.htm"
  },
  {
    "date": "2018-06-30",
    "symbol": "AXON",
    "reportedCurrency": "USD",
    "cik": "0001069183",
    "fillingDate": "2018-08-09",
    "acceptedDate": "2018-08-09 16:35:29",
    "calendarYear": "2018",
    "period": "Q2",
    "revenue": 99226000,
    "costOfRevenue": 36083000,
    "grossProfit": 63143000,
    "grossProfitRatio": 0.6363553907,
    "researchAndDevelopmentExpenses": 18501000,
    "generalAndAdministrativeExpenses": 0,
    "sellingAndMarketingExpenses": 0,
    "sellingGeneralAndAdministrativeExpenses": 39343000,
    "otherExpenses": 0,
    "operatingExpenses": 57844000,
    "costAndExpenses": 93927000,
    "interestIncome": 905000,
    "interestExpense": 0,
    "depreciationAndAmortization": 2750000,
    "ebitda": 7754000,
    "ebitdaratio": 0.0781448411,
    "operatingIncome": 5299000,
    "operatingIncomeRatio": 0.0534033419,
    "totalOtherIncomeExpensesNet": -295000,
    "incomeBeforeTax": 5004000,
    "incomeBeforeTaxRatio": 0.0504303308,
    "incomeTaxExpense": -3481000,
    "netIncome": 8485000,
    "netIncomeRatio": 0.0855118618,
    "eps": 0.15,
    "epsdiluted": 0.15,
    "weightedAverageShsOut": 55527000,
    "weightedAverageShsOutDil": 57054000,
    "link": "https://www.sec.gov/Archives/edgar/data/1069183/000106918318000088/0001069183-18-000088-index.htm",
    "finalLink": "https://www.sec.gov/Archives/edgar/data/1069183/000106918318000088/aaxnq22018-10xqdocument.htm"
  },
  {
    "date": "2018-03-31",
    "symbol": "AXON",
    "reportedCurrency": "USD",
    "cik": "0001069183",
    "fillingDate": "2018-05-10",
    "acceptedDate": "2018-05-10 16:54:33",
    "calendarYear": "2018",
    "period": "Q1",
    "revenue": 101215000,
    "costOfRevenue": 36746000,
    "grossProfit": 64468999,
    "grossProfitRatio": 0.6369510349,
    "researchAndDevelopmentExpenses": 15119000,
    "generalAndAdministrativeExpenses": 0,
    "sellingAndMarketingExpenses": 0,
    "sellingGeneralAndAdministrativeExpenses": 35759000,
    "otherExpenses": -8000,
    "operatingExpenses": 50886000,
    "costAndExpenses": 87632000,
    "interestIncome": 400000,
    "interestExpense": 0,
    "depreciationAndAmortization": 2411000,
    "ebitda": 17257000,
    "ebitdaratio": 0.1704984439,
    "operatingIncome": 13583000,
    "operatingIncomeRatio": 0.1341994764,
    "totalOtherIncomeExpensesNet": 1263000,
    "incomeBeforeTax": 14846000,
    "incomeBeforeTaxRatio": 0.146677864,
    "incomeTaxExpense": 1920000,
    "netIncome": 12926000,
    "netIncomeRatio": 0.1277083436,
    "eps": 0.24,
    "epsdiluted": 0.24,
    "weightedAverageShsOut": 53119000,
    "weightedAverageShsOutDil": 54532000,
    "link": "https://www.sec.gov/Archives/edgar/data/1069183/000106918318000041/0001069183-18-000041-index.htm",
    "finalLink": "https://www.sec.gov/Archives/edgar/data/1069183/000106918318000041/aaxnq12018-10xqdocument.htm"
  },
  {
    "date": "2017-12-31",
    "symbol": "AXON",
    "reportedCurrency": "USD",
    "cik": "0001069183",
    "fillingDate": "2018-03-01",
    "acceptedDate": "2018-03-01 15:49:38",
    "calendarYear": "2017",
    "period": "Q4",
    "revenue": 94651000,
    "costOfRevenue": 31643000,
    "grossProfit": 63008000,
    "grossProfitRatio": 0.6656876314,
    "researchAndDevelopmentExpenses": 15755000,
    "generalAndAdministrativeExpenses": 0,
    "sellingAndMarketingExpenses": 0,
    "sellingGeneralAndAdministrativeExpenses": 39613000,
    "otherExpenses": 8000,
    "operatingExpenses": 55360000,
    "costAndExpenses": 87003000,
    "interestIncome": 500000,
    "interestExpense": 0,
    "depreciationAndAmortization": 2364000,
    "ebitda": 9430000,
    "ebitdaratio": 0.099629164,
    "operatingIncome": 7648000,
    "operatingIncomeRatio": 0.0808021046,
    "totalOtherIncomeExpensesNet": -582000,
    "incomeBeforeTax": 7066000,
    "incomeBeforeTaxRatio": 0.0746531996,
    "incomeTaxExpense": 9137000,
    "netIncome": -2071000,
    "netIncomeRatio": -0.0218803816,
    "eps": -0.0404,
    "epsdiluted": -0.0391,
    "weightedAverageShsOut": 51282686,
    "weightedAverageShsOutDil": 52913000,
    "link": "https://www.sec.gov/Archives/edgar/data/1069183/000106918318000020/0001069183-18-000020-index.htm",
    "finalLink": "https://www.sec.gov/Archives/edgar/data/1069183/000106918318000020/a10kaaxn123117.htm"
  },
  {
    "date": "2017-09-30",
    "symbol": "AXON",
    "reportedCurrency": "USD",
    "cik": "0001069183",
    "fillingDate": "2017-11-09",
    "acceptedDate": "2017-11-09 16:52:39",
    "calendarYear": "2017",
    "period": "Q3",
    "revenue": 90262000,
    "costOfRevenue": 40476000,
    "grossProfit": 49786000,
    "grossProfitRatio": 0.5515720901,
    "researchAndDevelopmentExpenses": 14166000,
    "generalAndAdministrativeExpenses": 0,
    "sellingAndMarketingExpenses": 0,
    "sellingGeneralAndAdministrativeExpenses": 36398000,
    "otherExpenses": -21000,
    "operatingExpenses": 50585000,
    "costAndExpenses": 91061000,
    "interestIncome": 400000,
    "interestExpense": 0,
    "depreciationAndAmortization": 2277000,
    "ebitda": 2908000,
    "ebitdaratio": 0.0322173229,
    "operatingIncome": -799000,
    "operatingIncomeRatio": -0.0088520086,
    "totalOtherIncomeExpensesNet": 1430000,
    "incomeBeforeTax": 631000,
    "incomeBeforeTaxRatio": 0.0069907602,
    "incomeTaxExpense": 209000,
    "netIncome": 422000,
    "netIncomeRatio": 0.0046752786,
    "eps": 0.01,
    "epsdiluted": 0.01,
    "weightedAverageShsOut": 52831000,
    "weightedAverageShsOutDil": 53843000,
    "link": "https://www.sec.gov/Archives/edgar/data/1069183/000106918317000136/0001069183-17-000136-index.htm",
    "finalLink": "https://www.sec.gov/Archives/edgar/data/1069183/000106918317000136/aaxnq32017-10xqdocument.htm"
  },
  {
    "date": "2017-06-30",
    "symbol": "AXON",
    "reportedCurrency": "USD",
    "cik": "0001069183",
    "fillingDate": "2017-08-09",
    "acceptedDate": "2017-08-09 16:29:52",
    "calendarYear": "2017",
    "period": "Q2",
    "revenue": 79643000,
    "costOfRevenue": 34006000,
    "grossProfit": 45637000,
    "grossProfitRatio": 0.5730196,
    "researchAndDevelopmentExpenses": 12989000,
    "generalAndAdministrativeExpenses": 0,
    "sellingAndMarketingExpenses": 0,
    "sellingGeneralAndAdministrativeExpenses": 31824000,
    "otherExpenses": 0,
    "operatingExpenses": 44813000,
    "costAndExpenses": 78819000,
    "interestIncome": 400000,
    "interestExpense": 0,
    "depreciationAndAmortization": 1796000,
    "ebitda": 4304000,
    "ebitdaratio": 0.0540411587,
    "operatingIncome": 824000,
    "operatingIncomeRatio": 0.0103461698,
    "totalOtherIncomeExpensesNet": 1684000,
    "incomeBeforeTax": 2508000,
    "incomeBeforeTaxRatio": 0.0314905265,
    "incomeTaxExpense": 232000,
    "netIncome": 2276000,
    "netIncomeRatio": 0.0285775272,
    "eps": 0.04,
    "epsdiluted": 0.04,
    "weightedAverageShsOut": 52736000,
    "weightedAverageShsOutDil": 53770000,
    "link": "https://www.sec.gov/Archives/edgar/data/1069183/000106918317000117/0001069183-17-000117-index.htm",
    "finalLink": "https://www.sec.gov/Archives/edgar/data/1069183/000106918317000117/aaxnq22017-10xqdocument.htm"
  },
  {
    "date": "2017-03-31",
    "symbol": "AXON",
    "reportedCurrency": "USD",
    "cik": "0001069183",
    "fillingDate": "2017-05-10",
    "acceptedDate": "2017-05-10 16:16:33",
    "calendarYear": "2017",
    "period": "Q1",
    "revenue": 79242000,
    "costOfRevenue": 30205000,
    "grossProfit": 49037000,
    "grossProfitRatio": 0.6188258752,
    "researchAndDevelopmentExpenses": 12463000,
    "generalAndAdministrativeExpenses": 0,
    "sellingAndMarketingExpenses": 0,
    "sellingGeneralAndAdministrativeExpenses": 30857000,
    "otherExpenses": -367000,
    "operatingExpenses": 43687000,
    "costAndExpenses": 73892000,
    "interestIncome": 206000,
    "interestExpense": 0,
    "depreciationAndAmortization": 1604000,
    "ebitda": 7160000,
    "ebitdaratio": 0.0903561243,
    "operatingIncome": 5350000,
    "operatingIncomeRatio": 0.0675147018,
    "totalOtherIncomeExpensesNet": 206000,
    "incomeBeforeTax": 5556000,
    "incomeBeforeTaxRatio": 0.0701143333,
    "incomeTaxExpense": 976000,
    "netIncome": 4580000,
    "netIncomeRatio": 0.0577976326,
    "eps": 0.09,
    "epsdiluted": 0.09,
    "weightedAverageShsOut": 52418000,
    "weightedAverageShsOutDil": 53677000,
    "link": "https://www.sec.gov/Archives/edgar/data/1069183/000106918317000081/0001069183-17-000081-index.htm",
    "finalLink": "https://www.sec.gov/Archives/edgar/data/1069183/000106918317000081/aaxnq12017-10xqdocument.htm"
  },
  {
    "date": "2016-12-31",
    "symbol": "AXON",
    "reportedCurrency": "USD",
    "cik": "0001069183",
    "fillingDate": "2017-03-06",
    "acceptedDate": "2017-03-06 17:27:32",
    "calendarYear": "2016",
    "period": "Q4",
    "revenue": 82077000,
    "costOfRevenue": 32307000,
    "grossProfit": 49770000,
    "grossProfitRatio": 0.6063818122,
    "researchAndDevelopmentExpenses": 9614000,
    "generalAndAdministrativeExpenses": 0,
    "sellingAndMarketingExpenses": 0,
    "sellingGeneralAndAdministrativeExpenses": 30743000,
    "otherExpenses": 0,
    "operatingExpenses": 40357000,
    "costAndExpenses": 72664000,
    "interestIncome": 0,
    "interestExpense": 0,
    "depreciationAndAmortization": 914000,
    "ebitda": 10433000,
    "ebitdaratio": 0.1271123457,
    "operatingIncome": 9413000,
    "operatingIncomeRatio": 0.1146849909,
    "totalOtherIncomeExpensesNet": 106000,
    "incomeBeforeTax": 9519000,
    "incomeBeforeTaxRatio": 0.1159764611,
    "incomeTaxExpense": 3178000,
    "netIncome": 6341000,
    "netIncomeRatio": 0.0772567223,
    "eps": 0.12,
    "epsdiluted": 0.12,
    "weightedAverageShsOut": 52299000,
    "weightedAverageShsOutDil": 53173000,
    "link": "https://www.sec.gov/Archives/edgar/data/1069183/000106918317000042/0001069183-17-000042-index.htm",
    "finalLink": "https://www.sec.gov/Archives/edgar/data/1069183/000106918317000042/a10ktasr123116.htm"
  },
  {
    "date": "2016-09-30",
    "symbol": "AXON",
    "reportedCurrency": "USD",
    "cik": "0001069183",
    "fillingDate": "2016-11-09",
    "acceptedDate": "2016-11-09 17:26:38",
    "calendarYear": "2016",
    "period": "Q3",
    "revenue": 71882000,
    "costOfRevenue": 25306000,
    "grossProfit": 46576000,
    "grossProfitRatio": 0.6479508083,
    "researchAndDevelopmentExpenses": 7358000,
    "generalAndAdministrativeExpenses": 0,
    "sellingAndMarketingExpenses": 0,
    "sellingGeneralAndAdministrativeExpenses": 28121000,
    "otherExpenses": -11000,
    "operatingExpenses": 35490000,
    "costAndExpenses": 60796000,
    "interestIncome": 0,
    "interestExpense": 448000,
    "depreciationAndAmortization": 901000,
    "ebitda": 11980000,
    "ebitdaratio": 0.1666620294,
    "operatingIncome": 11086000,
    "operatingIncomeRatio": 0.1542249798,
    "totalOtherIncomeExpensesNet": -455000,
    "incomeBeforeTax": 10631000,
    "incomeBeforeTaxRatio": 0.1478951615,
    "incomeTaxExpense": 6788000,
    "netIncome": 3843000,
    "netIncomeRatio": 0.0534626193,
    "eps": 0.07,
    "epsdiluted": 0.07,
    "weightedAverageShsOut": 52206000,
    "weightedAverageShsOutDil": 53141000,
    "link": "https://www.sec.gov/Archives/edgar/data/1069183/000106918316000234/0001069183-16-000234-index.htm",
    "finalLink": "https://www.sec.gov/Archives/edgar/data/1069183/000106918316000234/tasrq32016-10xqdocument.htm"
  },
  {
    "date": "2016-06-30",
    "symbol": "AXON",
    "reportedCurrency": "USD",
    "cik": "0001069183",
    "fillingDate": "2016-08-10",
    "acceptedDate": "2016-08-09 17:45:19",
    "calendarYear": "2016",
    "period": "Q2",
    "revenue": 58756000,
    "costOfRevenue": 21457000,
    "grossProfit": 37299000,
    "grossProfitRatio": 0.6348117639,
    "researchAndDevelopmentExpenses": 6710000,
    "generalAndAdministrativeExpenses": 20859000,
    "sellingAndMarketingExpenses": 3520000,
    "sellingGeneralAndAdministrativeExpenses": 24379000,
    "otherExpenses": 0,
    "operatingExpenses": 31089000,
    "costAndExpenses": 52546000,
    "interestIncome": 0,
    "interestExpense": 0,
    "depreciationAndAmortization": 942000,
    "ebitda": 7152000,
    "ebitdaratio": 0.1217237389,
    "operatingIncome": 6210000,
    "operatingIncomeRatio": 0.1056913337,
    "totalOtherIncomeExpensesNet": -123000,
    "incomeBeforeTax": 6087000,
    "incomeBeforeTaxRatio": 0.1035979304,
    "incomeTaxExpense": 2437000,
    "netIncome": 3650000,
    "netIncomeRatio": 0.0621213153,
    "eps": 0.07,
    "epsdiluted": 0.07,
    "weightedAverageShsOut": 52480000,
    "weightedAverageShsOutDil": 53289000,
    "link": "https://www.sec.gov/Archives/edgar/data/1069183/000106918316000211/0001069183-16-000211-index.htm",
    "finalLink": "https://www.sec.gov/Archives/edgar/data/1069183/000106918316000211/tasrq22016-10xqdocument.htm"
  },
  {
    "date": "2016-03-31",
    "symbol": "AXON",
    "reportedCurrency": "USD",
    "cik": "0001069183",
    "fillingDate": "2016-05-10",
    "acceptedDate": "2016-05-10 17:01:17",
    "calendarYear": "2016",
    "period": "Q1",
    "revenue": 55530000,
    "costOfRevenue": 18628000,
    "grossProfit": 36902000,
    "grossProfitRatio": 0.6645416892,
    "researchAndDevelopmentExpenses": 6927000,
    "generalAndAdministrativeExpenses": 19533000,
    "sellingAndMarketingExpenses": 4807000,
    "sellingGeneralAndAdministrativeExpenses": 24833000,
    "otherExpenses": 0,
    "operatingExpenses": 31760000,
    "costAndExpenses": 50388000,
    "interestIncome": 0,
    "interestExpense": 118000,
    "depreciationAndAmortization": 901000,
    "ebitda": 6043000,
    "ebitdaratio": 0.1088240591,
    "operatingIncome": 5142000,
    "operatingIncomeRatio": 0.0925985954,
    "totalOtherIncomeExpensesNet": 118000,
    "incomeBeforeTax": 5260000,
    "incomeBeforeTaxRatio": 0.0947235728,
    "incomeTaxExpense": 1797000,
    "netIncome": 3463000,
    "netIncomeRatio": 0.0623626868,
    "eps": 0.06,
    "epsdiluted": 0.06,
    "weightedAverageShsOut": 53693000,
    "weightedAverageShsOutDil": 54498000,
    "link": "https://www.sec.gov/Archives/edgar/data/1069183/000106918316000176/0001069183-16-000176-index.htm",
    "finalLink": "https://www.sec.gov/Archives/edgar/data/1069183/000106918316000176/tasrq12016-10xqdocument.htm"
  },
  {
    "date": "2015-12-31",
    "symbol": "AXON",
    "reportedCurrency": "USD",
    "cik": "0001069183",
    "fillingDate": "2016-03-07",
    "acceptedDate": "2016-03-04 19:16:42",
    "calendarYear": "2015",
    "period": "Q4",
    "revenue": 56041000,
    "costOfRevenue": 19053000,
    "grossProfit": 36988000,
    "grossProfitRatio": 0.6600167734,
    "researchAndDevelopmentExpenses": 6622000,
    "generalAndAdministrativeExpenses": 16879000,
    "sellingAndMarketingExpenses": 4341000,
    "sellingGeneralAndAdministrativeExpenses": 21856000,
    "otherExpenses": 0,
    "operatingExpenses": 28478000,
    "costAndExpenses": 47531000,
    "interestIncome": 0,
    "interestExpense": 26000,
    "depreciationAndAmortization": 981000,
    "ebitda": 9491000,
    "ebitdaratio": 0.1693581485,
    "operatingIncome": 8510000,
    "operatingIncomeRatio": 0.1518531075,
    "totalOtherIncomeExpensesNet": 14000,
    "incomeBeforeTax": 8524000,
    "incomeBeforeTaxRatio": 0.1521029246,
    "incomeTaxExpense": 3420000,
    "netIncome": 5104000,
    "netIncomeRatio": 0.0910761764,
    "eps": 0.1,
    "epsdiluted": 0.09,
    "weightedAverageShsOut": 53665000,
    "weightedAverageShsOutDil": 54523000,
    "link": "https://www.sec.gov/Archives/edgar/data/1069183/000106918316000148/0001069183-16-000148-index.htm",
    "finalLink": "https://www.sec.gov/Archives/edgar/data/1069183/000106918316000148/a10ktasr123115.htm"
  },
  {
    "date": "2015-09-30",
    "symbol": "AXON",
    "reportedCurrency": "USD",
    "cik": "0001069183",
    "fillingDate": "2015-11-06",
    "acceptedDate": "2015-11-06 16:01:19",
    "calendarYear": "2015",
    "period": "Q3",
    "revenue": 50376000,
    "costOfRevenue": 19308000,
    "grossProfit": 31068000,
    "grossProfitRatio": 0.6167222487,
    "researchAndDevelopmentExpenses": 6528000,
    "generalAndAdministrativeExpenses": 15190000,
    "sellingAndMarketingExpenses": 2113000,
    "sellingGeneralAndAdministrativeExpenses": 17834000,
    "otherExpenses": 0,
    "operatingExpenses": 24362000,
    "costAndExpenses": 43670000,
    "interestIncome": 0,
    "interestExpense": 0,
    "depreciationAndAmortization": 948000,
    "ebitda": 7654000,
    "ebitdaratio": 0.1519374305,
    "operatingIncome": 6706000,
    "operatingIncomeRatio": 0.1331189455,
    "totalOtherIncomeExpensesNet": -22000,
    "incomeBeforeTax": 6684000,
    "incomeBeforeTaxRatio": 0.1326822296,
    "incomeTaxExpense": 5163000,
    "netIncome": 1521000,
    "netIncomeRatio": 0.030192949,
    "eps": 0.03,
    "epsdiluted": 0.03,
    "weightedAverageShsOut": 53709000,
    "weightedAverageShsOutDil": 54691000,
    "link": "https://www.sec.gov/Archives/edgar/data/1069183/000106918315000120/0001069183-15-000120-index.htm",
    "finalLink": "https://www.sec.gov/Archives/edgar/data/1069183/000106918315000120/q32015-10xqdocument.htm"
  },
  {
    "date": "2015-06-30",
    "symbol": "AXON",
    "reportedCurrency": "USD",
    "cik": "0001069183",
    "fillingDate": "2015-08-06",
    "acceptedDate": "2015-08-06 17:26:24",
    "calendarYear": "2015",
    "period": "Q2",
    "revenue": 46713000,
    "costOfRevenue": 15990000,
    "grossProfit": 30723000,
    "grossProfitRatio": 0.6576970008,
    "researchAndDevelopmentExpenses": 5906000,
    "generalAndAdministrativeExpenses": 12958000,
    "sellingAndMarketingExpenses": 2117000,
    "sellingGeneralAndAdministrativeExpenses": 15443000,
    "otherExpenses": 0,
    "operatingExpenses": 21349000,
    "costAndExpenses": 37339000,
    "interestIncome": 99000,
    "interestExpense": 0,
    "depreciationAndAmortization": 745000,
    "ebitda": 10119000,
    "ebitdaratio": 0.2166206409,
    "operatingIncome": 9374000,
    "operatingIncomeRatio": 0.2006721898,
    "totalOtherIncomeExpensesNet": 99000,
    "incomeBeforeTax": 9473000,
    "incomeBeforeTaxRatio": 0.2027915141,
    "incomeTaxExpense": 3370000,
    "netIncome": 6103000,
    "netIncomeRatio": 0.1306488558,
    "eps": 0.11,
    "epsdiluted": 0.11,
    "weightedAverageShsOut": 53644000,
    "weightedAverageShsOutDil": 54800000,
    "link": "https://www.sec.gov/Archives/edgar/data/1069183/000106918315000101/0001069183-15-000101-index.htm",
    "finalLink": "https://www.sec.gov/Archives/edgar/data/1069183/000106918315000101/q22015-10xqdocument.htm"
  },
  {
    "date": "2015-03-31",
    "symbol": "AXON",
    "reportedCurrency": "USD",
    "cik": "0001069183",
    "fillingDate": "2015-05-08",
    "acceptedDate": "2015-05-08 17:22:56",
    "calendarYear": "2015",
    "period": "Q1",
    "revenue": 44762000,
    "costOfRevenue": 14894000,
    "grossProfit": 29868000,
    "grossProfitRatio": 0.6672624101,
    "researchAndDevelopmentExpenses": 4558000,
    "generalAndAdministrativeExpenses": 12035000,
    "sellingAndMarketingExpenses": 2205000,
    "sellingGeneralAndAdministrativeExpenses": 14565000,
    "otherExpenses": 0,
    "operatingExpenses": 19123000,
    "costAndExpenses": 34017000,
    "interestIncome": 0,
    "interestExpense": 0,
    "depreciationAndAmortization": 617000,
    "ebitda": 11362000,
    "ebitdaratio": 0.2538313748,
    "operatingIncome": 10745000,
    "operatingIncomeRatio": 0.2400473616,
    "totalOtherIncomeExpensesNet": -65000,
    "incomeBeforeTax": 10680000,
    "incomeBeforeTaxRatio": 0.238595237,
    "incomeTaxExpense": 3475000,
    "netIncome": 7205000,
    "netIncomeRatio": 0.1609624235,
    "eps": 0.14,
    "epsdiluted": 0.13,
    "weightedAverageShsOut": 53167000,
    "weightedAverageShsOutDil": 54513000,
    "link": "https://www.sec.gov/Archives/edgar/data/1069183/000106918315000052/0001069183-15-000052-index.htm",
    "finalLink": "https://www.sec.gov/Archives/edgar/data/1069183/000106918315000052/q12015-10xqdocument.htm"
  },
  {
    "date": "2014-12-31",
    "symbol": "AXON",
    "reportedCurrency": "USD",
    "cik": "0001069183",
    "fillingDate": "2015-03-12",
    "acceptedDate": "2015-03-11 20:05:35",
    "calendarYear": "2014",
    "period": "Q4",
    "revenue": 46816000,
    "costOfRevenue": 19403000,
    "grossProfit": 27413000,
    "grossProfitRatio": 0.585547676,
    "researchAndDevelopmentExpenses": 4065000,
    "generalAndAdministrativeExpenses": 11284000,
    "sellingAndMarketingExpenses": 2831000,
    "sellingGeneralAndAdministrativeExpenses": 14424000,
    "otherExpenses": 0,
    "operatingExpenses": 18489000,
    "costAndExpenses": 37892000,
    "interestIncome": 0,
    "interestExpense": 0,
    "depreciationAndAmortization": 949000,
    "ebitda": 9873000,
    "ebitdaratio": 0.2108894395,
    "operatingIncome": 8924000,
    "operatingIncomeRatio": 0.1906185919,
    "totalOtherIncomeExpensesNet": -106000,
    "incomeBeforeTax": 8818000,
    "incomeBeforeTaxRatio": 0.1883544087,
    "incomeTaxExpense": 3732000,
    "netIncome": 5086000,
    "netIncomeRatio": 0.1086380725,
    "eps": 0.1,
    "epsdiluted": 0.09,
    "weightedAverageShsOut": 52754000,
    "weightedAverageShsOutDil": 54213000,
    "link": "https://www.sec.gov/Archives/edgar/data/1069183/000106918315000028/0001069183-15-000028-index.htm",
    "finalLink": "https://www.sec.gov/Archives/edgar/data/1069183/000106918315000028/a10ktasr123114.htm"
  },
  {
    "date": "2014-09-30",
    "symbol": "AXON",
    "reportedCurrency": "USD",
    "cik": "0001069183",
    "fillingDate": "2014-11-05",
    "acceptedDate": "2014-11-04 18:44:55",
    "calendarYear": "2014",
    "period": "Q3",
    "revenue": 44349000,
    "costOfRevenue": 15636000,
    "grossProfit": 28713000,
    "grossProfitRatio": 0.6474328621,
    "researchAndDevelopmentExpenses": 3759000,
    "generalAndAdministrativeExpenses": 10376000,
    "sellingAndMarketingExpenses": 1740000,
    "sellingGeneralAndAdministrativeExpenses": 12441000,
    "otherExpenses": 0,
    "operatingExpenses": 16200000,
    "costAndExpenses": 31836000,
    "interestIncome": 0,
    "interestExpense": 0,
    "depreciationAndAmortization": 1101000,
    "ebitda": 13614000,
    "ebitdaratio": 0.3069742272,
    "operatingIncome": 12513000,
    "operatingIncomeRatio": 0.2821484137,
    "totalOtherIncomeExpensesNet": -160000,
    "incomeBeforeTax": 12353000,
    "incomeBeforeTaxRatio": 0.2785406661,
    "incomeTaxExpense": 4795000,
    "netIncome": 7558000,
    "netIncomeRatio": 0.1704209791,
    "eps": 0.14,
    "epsdiluted": 0.14,
    "weightedAverageShsOut": 52475000,
    "weightedAverageShsOutDil": 53821000,
    "link": "https://www.sec.gov/Archives/edgar/data/1069183/000119312514396672/0001193125-14-396672-index.htm",
    "finalLink": "https://www.sec.gov/Archives/edgar/data/1069183/000119312514396672/d782398d10q.htm"
  },
  {
    "date": "2014-06-30",
    "symbol": "AXON",
    "reportedCurrency": "USD",
    "cik": "0001069183",
    "fillingDate": "2014-08-05",
    "acceptedDate": "2014-08-05 17:20:25",
    "calendarYear": "2014",
    "period": "Q2",
    "revenue": 37175000,
    "costOfRevenue": 13961000,
    "grossProfit": 23214000,
    "grossProfitRatio": 0.6244519166,
    "researchAndDevelopmentExpenses": 3455000,
    "generalAndAdministrativeExpenses": 11776000,
    "sellingAndMarketingExpenses": 1460000,
    "sellingGeneralAndAdministrativeExpenses": 13547000,
    "otherExpenses": 0,
    "operatingExpenses": 17002000,
    "costAndExpenses": 30963000,
    "interestIncome": 0,
    "interestExpense": 42000,
    "depreciationAndAmortization": 1105000,
    "ebitda": 7317000,
    "ebitdaratio": 0.1968258238,
    "operatingIncome": 6212000,
    "operatingIncomeRatio": 0.1671015467,
    "totalOtherIncomeExpensesNet": 42000,
    "incomeBeforeTax": 6254000,
    "incomeBeforeTaxRatio": 0.1682313383,
    "incomeTaxExpense": 2370000,
    "netIncome": 3884000,
    "netIncomeRatio": 0.1044788164,
    "eps": 0.07,
    "epsdiluted": 0.07,
    "weightedAverageShsOut": 53383000,
    "weightedAverageShsOutDil": 54755000,
    "link": "https://www.sec.gov/Archives/edgar/data/1069183/000119312514296023/0001193125-14-296023-index.htm",
    "finalLink": "https://www.sec.gov/Archives/edgar/data/1069183/000119312514296023/d739439d10q.htm"
  },
  {
    "date": "2014-03-31",
    "symbol": "AXON",
    "reportedCurrency": "USD",
    "cik": "0001069183",
    "fillingDate": "2014-05-06",
    "acceptedDate": "2014-05-05 19:11:23",
    "calendarYear": "2014",
    "period": "Q1",
    "revenue": 36185000,
    "costOfRevenue": 13977000,
    "grossProfit": 22208000,
    "grossProfitRatio": 0.6137349731,
    "researchAndDevelopmentExpenses": 3606000,
    "generalAndAdministrativeExpenses": 11352000,
    "sellingAndMarketingExpenses": 2093000,
    "sellingGeneralAndAdministrativeExpenses": 13746000,
    "otherExpenses": 0,
    "operatingExpenses": 17352000,
    "costAndExpenses": 31329000,
    "interestIncome": 0,
    "interestExpense": 30000,
    "depreciationAndAmortization": 1162000,
    "ebitda": 6018000,
    "ebitdaratio": 0.1663120077,
    "operatingIncome": 4856000,
    "operatingIncomeRatio": 0.1341992538,
    "totalOtherIncomeExpensesNet": 30000,
    "incomeBeforeTax": 4886000,
    "incomeBeforeTaxRatio": 0.1350283267,
    "incomeTaxExpense": 1495000,
    "netIncome": 3391000,
    "netIncomeRatio": 0.0937128644,
    "eps": 0.06,
    "epsdiluted": 0.06,
    "weightedAverageShsOut": 53190000,
    "weightedAverageShsOutDil": 55124000,
    "link": "https://www.sec.gov/Archives/edgar/data/1069183/000119312514182975/0001193125-14-182975-index.htm",
    "finalLink": "https://www.sec.gov/Archives/edgar/data/1069183/000119312514182975/d699079d10q.htm"
  },
  {
    "date": "2013-12-31",
    "symbol": "AXON",
    "reportedCurrency": "USD",
    "cik": "0001069183",
    "fillingDate": "2014-03-10",
    "acceptedDate": "2014-03-10 17:22:31",
    "calendarYear": "2013",
    "period": "Q4",
    "revenue": 40025000,
    "costOfRevenue": 14471000,
    "grossProfit": 25554000,
    "grossProfitRatio": 0.6384509681,
    "researchAndDevelopmentExpenses": 3444000,
    "generalAndAdministrativeExpenses": 11458000,
    "sellingAndMarketingExpenses": 200000,
    "sellingGeneralAndAdministrativeExpenses": 11658000,
    "otherExpenses": 0,
    "operatingExpenses": 15102000,
    "costAndExpenses": 29573000,
    "interestIncome": 55000,
    "interestExpense": 0,
    "depreciationAndAmortization": 1095000,
    "ebitda": 10447000,
    "ebitdaratio": 0.2610118676,
    "operatingIncome": 11552000,
    "operatingIncomeRatio": 0.2886196127,
    "totalOtherIncomeExpensesNet": 55193,
    "incomeBeforeTax": 11605000,
    "incomeBeforeTaxRatio": 0.2899437851,
    "incomeTaxExpense": 4683000,
    "netIncome": 6922000,
    "netIncomeRatio": 0.1729419113,
    "eps": 0.13,
    "epsdiluted": 0.13,
    "weightedAverageShsOut": 52334000,
    "weightedAverageShsOutDil": 54589000,
    "link": "https://www.sec.gov/Archives/edgar/data/1069183/000119312514091839/0001193125-14-091839-index.htm",
    "finalLink": "https://www.sec.gov/Archives/edgar/data/1069183/000119312514091839/d652561d10k.htm"
  },
  {
    "date": "2013-09-30",
    "symbol": "AXON",
    "reportedCurrency": "USD",
    "cik": "0001069183",
    "fillingDate": "2013-11-05",
    "acceptedDate": "2013-11-05 16:26:15",
    "calendarYear": "2013",
    "period": "Q3",
    "revenue": 35196822,
    "costOfRevenue": 13100817,
    "grossProfit": 22096005,
    "grossProfitRatio": 0.6277840937,
    "researchAndDevelopmentExpenses": 2439812,
    "generalAndAdministrativeExpenses": 0,
    "sellingAndMarketingExpenses": 0,
    "sellingGeneralAndAdministrativeExpenses": 12775980,
    "otherExpenses": 0,
    "operatingExpenses": 15215792,
    "costAndExpenses": 28316609,
    "interestIncome": 0,
    "interestExpense": 34891000,
    "depreciationAndAmortization": 1088071,
    "ebitda": 7968284,
    "ebitdaratio": 0.2263921442,
    "operatingIncome": 6880213,
    "operatingIncomeRatio": 0.1954782452,
    "totalOtherIncomeExpensesNet": 34891,
    "incomeBeforeTax": 6915104,
    "incomeBeforeTaxRatio": 0.1964695563,
    "incomeTaxExpense": 1801512,
    "netIncome": 5113592,
    "netIncomeRatio": 0.145285617,
    "eps": 0.1,
    "epsdiluted": 0.1,
    "weightedAverageShsOut": 51341785,
    "weightedAverageShsOutDil": 53320918,
    "link": "https://www.sec.gov/Archives/edgar/data/1069183/000119312513427744/0001193125-13-427744-index.htm",
    "finalLink": "https://www.sec.gov/Archives/edgar/data/1069183/000119312513427744/d599449d10q.htm"
  },
  {
    "date": "2013-06-30",
    "symbol": "AXON",
    "reportedCurrency": "USD",
    "cik": "0001069183",
    "fillingDate": "2013-08-07",
    "acceptedDate": "2013-08-07 16:28:15",
    "calendarYear": "2013",
    "period": "Q2",
    "revenue": 32175797,
    "costOfRevenue": 12433434,
    "grossProfit": 19742363,
    "grossProfitRatio": 0.6135780568,
    "researchAndDevelopmentExpenses": 1992064,
    "generalAndAdministrativeExpenses": 0,
    "sellingAndMarketingExpenses": 0,
    "sellingGeneralAndAdministrativeExpenses": 10940085,
    "otherExpenses": 18677,
    "operatingExpenses": 12932149,
    "costAndExpenses": 25365583,
    "interestIncome": 0,
    "interestExpense": 18677000,
    "depreciationAndAmortization": 1529507,
    "ebitda": 8338000,
    "ebitdaratio": 0.2591388801,
    "operatingIncome": 6810214,
    "operatingIncomeRatio": 0.2116564199,
    "totalOtherIncomeExpensesNet": 18677,
    "incomeBeforeTax": 6828891,
    "incomeBeforeTaxRatio": 0.2122368872,
    "incomeTaxExpense": 2371357,
    "netIncome": 4457534,
    "netIncomeRatio": 0.1385368636,
    "eps": 0.09,
    "epsdiluted": 0.08,
    "weightedAverageShsOut": 51109060,
    "weightedAverageShsOutDil": 52853166,
    "link": "https://www.sec.gov/Archives/edgar/data/1069183/000119312513324286/0001193125-13-324286-index.htm",
    "finalLink": "https://www.sec.gov/Archives/edgar/data/1069183/000119312513324286/d547941d10q.htm"
  },
  {
    "date": "2013-03-31",
    "symbol": "AXON",
    "reportedCurrency": "USD",
    "cik": "0001069183",
    "fillingDate": "2013-05-07",
    "acceptedDate": "2013-05-07 17:28:37",
    "calendarYear": "2013",
    "period": "Q1",
    "revenue": 30433652,
    "costOfRevenue": 11982648,
    "grossProfit": 18451004,
    "grossProfitRatio": 0.6062697963,
    "researchAndDevelopmentExpenses": 2012556,
    "generalAndAdministrativeExpenses": 0,
    "sellingAndMarketingExpenses": 0,
    "sellingGeneralAndAdministrativeExpenses": 11210900,
    "otherExpenses": 0,
    "operatingExpenses": 13223456,
    "costAndExpenses": 25206104,
    "interestIncome": 0,
    "interestExpense": 0,
    "depreciationAndAmortization": 1418759,
    "ebitda": 6676000,
    "ebitdaratio": 0.2193624347,
    "operatingIncome": 5256508,
    "operatingIncomeRatio": 0.1727202506,
    "totalOtherIncomeExpensesNet": -23000,
    "incomeBeforeTax": 5233747,
    "incomeBeforeTaxRatio": 0.1719723614,
    "incomeTaxExpense": 1935926,
    "netIncome": 3297821,
    "netIncomeRatio": 0.1083610012,
    "eps": 0.06,
    "epsdiluted": 0.06,
    "weightedAverageShsOut": 52746178,
    "weightedAverageShsOutDil": 54599980,
    "link": "https://www.sec.gov/Archives/edgar/data/1069183/000119312513204836/0001193125-13-204836-index.htm",
    "finalLink": "https://www.sec.gov/Archives/edgar/data/1069183/000119312513204836/d505386d10q.htm"
  },
  {
    "date": "2012-12-31",
    "symbol": "AXON",
    "reportedCurrency": "USD",
    "cik": "0001069183",
    "fillingDate": "2013-03-08",
    "acceptedDate": "2013-03-08 16:13:43",
    "calendarYear": "2012",
    "period": "Q4",
    "revenue": 32115957,
    "costOfRevenue": 12948025,
    "grossProfit": 19167932,
    "grossProfitRatio": 0.5968351496,
    "researchAndDevelopmentExpenses": 1982608,
    "generalAndAdministrativeExpenses": 12087561,
    "sellingAndMarketingExpenses": 200000,
    "sellingGeneralAndAdministrativeExpenses": 12287561,
    "otherExpenses": 0,
    "operatingExpenses": 14270169,
    "costAndExpenses": 27218194,
    "interestIncome": 0,
    "interestExpense": 0,
    "depreciationAndAmortization": 1405261,
    "ebitda": 6303024,
    "ebitdaratio": 0.1962583273,
    "operatingIncome": 4737257,
    "operatingIncomeRatio": 0.1475047747,
    "totalOtherIncomeExpensesNet": -904183,
    "incomeBeforeTax": 4794554,
    "incomeBeforeTaxRatio": 0.1492888411,
    "incomeTaxExpense": 979748,
    "netIncome": 3814806,
    "netIncomeRatio": 0.1187822614,
    "eps": 0.0709,
    "epsdiluted": 0.0697,
    "weightedAverageShsOut": 53827204,
    "weightedAverageShsOutDil": 54722785,
    "link": "https://www.sec.gov/Archives/edgar/data/1069183/000119312513098571/0001193125-13-098571-index.htm",
    "finalLink": "https://www.sec.gov/Archives/edgar/data/1069183/000119312513098571/d444092d10k.htm"
  },
  {
    "date": "2012-09-30",
    "symbol": "AXON",
    "reportedCurrency": "USD",
    "cik": "0001069183",
    "fillingDate": "2012-11-09",
    "acceptedDate": "2012-11-09 14:12:27",
    "calendarYear": "2012",
    "period": "Q3",
    "revenue": 28772956,
    "costOfRevenue": 11969944,
    "grossProfit": 16803012,
    "grossProfitRatio": 0.583986296,
    "researchAndDevelopmentExpenses": 1985701,
    "generalAndAdministrativeExpenses": 0,
    "sellingAndMarketingExpenses": 0,
    "sellingGeneralAndAdministrativeExpenses": 9539996,
    "otherExpenses": 0,
    "operatingExpenses": 11525697,
    "costAndExpenses": 23495641,
    "interestIncome": 0,
    "interestExpense": 0,
    "depreciationAndAmortization": 1774780,
    "ebitda": 7052095,
    "ebitdaratio": 0.2450945603,
    "operatingIncome": 5277315,
    "operatingIncomeRatio": 0.1834123334,
    "totalOtherIncomeExpensesNet": 11418,
    "incomeBeforeTax": 5288733,
    "incomeBeforeTaxRatio": 0.1838091644,
    "incomeTaxExpense": 1611861,
    "netIncome": 3676872,
    "netIncomeRatio": 0.1277891642,
    "eps": 0.07,
    "epsdiluted": 0.07,
    "weightedAverageShsOut": 52509068,
    "weightedAverageShsOutDil": 53106325,
    "link": "https://www.sec.gov/Archives/edgar/data/1069183/000119312512462828/0001193125-12-462828-index.htm",
    "finalLink": "https://www.sec.gov/Archives/edgar/data/1069183/000119312512462828/d398244d10q.htm"
  },
  {
    "date": "2012-06-30",
    "symbol": "AXON",
    "reportedCurrency": "USD",
    "cik": "0001069183",
    "fillingDate": "2012-08-09",
    "acceptedDate": "2012-08-09 16:25:19",
    "calendarYear": "2012",
    "period": "Q2",
    "revenue": 28222443,
    "costOfRevenue": 11720070,
    "grossProfit": 16502373,
    "grossProfitRatio": 0.5847251778,
    "researchAndDevelopmentExpenses": 2038830,
    "generalAndAdministrativeExpenses": 0,
    "sellingAndMarketingExpenses": 0,
    "sellingGeneralAndAdministrativeExpenses": 8404611,
    "otherExpenses": 0,
    "operatingExpenses": 10443441,
    "costAndExpenses": 22163511,
    "interestIncome": 0,
    "interestExpense": 0,
    "depreciationAndAmortization": 1672699,
    "ebitda": 7731631,
    "ebitdaratio": 0.273953286,
    "operatingIncome": 6058932,
    "operatingIncomeRatio": 0.2146848875,
    "totalOtherIncomeExpensesNet": 7133,
    "incomeBeforeTax": 6066064,
    "incomeBeforeTaxRatio": 0.2149375942,
    "incomeTaxExpense": 2623818,
    "netIncome": 3442246,
    "netIncomeRatio": 0.1219683923,
    "eps": 0.06,
    "epsdiluted": 0.06,
    "weightedAverageShsOut": 54520889,
    "weightedAverageShsOutDil": 55166644,
    "link": "https://www.sec.gov/Archives/edgar/data/1069183/000119312512347618/0001193125-12-347618-index.htm",
    "finalLink": "https://www.sec.gov/Archives/edgar/data/1069183/000119312512347618/d331088d10q.htm"
  },
  {
    "date": "2012-03-31",
    "symbol": "AXON",
    "reportedCurrency": "USD",
    "cik": "0001069183",
    "fillingDate": "2012-05-10",
    "acceptedDate": "2012-05-09 19:49:15",
    "calendarYear": "2012",
    "period": "Q1",
    "revenue": 25641392,
    "costOfRevenue": 10400133,
    "grossProfit": 15241259,
    "grossProfitRatio": 0.5944006082,
    "researchAndDevelopmentExpenses": 2132220,
    "generalAndAdministrativeExpenses": 0,
    "sellingAndMarketingExpenses": 0,
    "sellingGeneralAndAdministrativeExpenses": 8854022,
    "otherExpenses": 0,
    "operatingExpenses": 10986242,
    "costAndExpenses": 21386375,
    "interestIncome": 0,
    "interestExpense": 0,
    "depreciationAndAmortization": 1666510,
    "ebitda": 5921527,
    "ebitdaratio": 0.2309362534,
    "operatingIncome": 6455017,
    "operatingIncomeRatio": 0.2517420661,
    "totalOtherIncomeExpensesNet": 6994,
    "incomeBeforeTax": 6462011,
    "incomeBeforeTaxRatio": 0.2520148282,
    "incomeTaxExpense": 2658193,
    "netIncome": 3803818,
    "netIncomeRatio": 0.1483467824,
    "eps": 0.07,
    "epsdiluted": 0.07,
    "weightedAverageShsOut": 55700395,
    "weightedAverageShsOutDil": 56358066,
    "link": "https://www.sec.gov/Archives/edgar/data/1069183/000119312512222871/0001193125-12-222871-index.htm",
    "finalLink": "https://www.sec.gov/Archives/edgar/data/1069183/000119312512222871/d338732d10q.htm"
  },
  {
    "date": "2011-12-31",
    "symbol": "AXON",
    "reportedCurrency": "USD",
    "cik": "0001069183",
    "fillingDate": "2012-03-13",
    "acceptedDate": "2012-03-13 17:14:03",
    "calendarYear": "2011",
    "period": "Q4",
    "revenue": 21329791,
    "costOfRevenue": 14353518,
    "grossProfit": 6976273,
    "grossProfitRatio": 0.3270671053,
    "researchAndDevelopmentExpenses": 2080799,
    "generalAndAdministrativeExpenses": 0,
    "sellingAndMarketingExpenses": 0,
    "sellingGeneralAndAdministrativeExpenses": 13414341,
    "otherExpenses": 0,
    "operatingExpenses": 15495140,
    "costAndExpenses": 29848658,
    "interestIncome": 0,
    "interestExpense": 0,
    "depreciationAndAmortization": 1983931,
    "ebitda": -13350816,
    "ebitdaratio": -0.6259234326,
    "operatingIncome": -7221667,
    "operatingIncomeRatio": -0.3385718594,
    "totalOtherIncomeExpensesNet": -16278,
    "incomeBeforeTax": -7237945,
    "incomeBeforeTaxRatio": -0.3393350174,
    "incomeTaxExpense": -1336894,
    "netIncome": -5901051,
    "netIncomeRatio": -0.2766577038,
    "eps": -0.0993,
    "epsdiluted": -0.0993,
    "weightedAverageShsOut": 59435624,
    "weightedAverageShsOutDil": 59435624,
    "link": "https://www.sec.gov/Archives/edgar/data/1069183/000119312512112320/0001193125-12-112320-index.htm",
    "finalLink": "https://www.sec.gov/Archives/edgar/data/1069183/000119312512112320/d310497d10k.htm"
  },
  {
    "date": "2011-09-30",
    "symbol": "AXON",
    "reportedCurrency": "USD",
    "cik": "0001069183",
    "fillingDate": "2011-11-09",
    "acceptedDate": "2011-11-08 21:57:56",
    "calendarYear": "2011",
    "period": "Q3",
    "revenue": 24383110,
    "costOfRevenue": 11282855,
    "grossProfit": 13100255,
    "grossProfitRatio": 0.5372676004,
    "researchAndDevelopmentExpenses": 2362721,
    "generalAndAdministrativeExpenses": 0,
    "sellingAndMarketingExpenses": 0,
    "sellingGeneralAndAdministrativeExpenses": 9477548,
    "otherExpenses": 0,
    "operatingExpenses": 11840269,
    "costAndExpenses": 23123124,
    "interestIncome": 0,
    "interestExpense": 0,
    "depreciationAndAmortization": 1995033,
    "ebitda": 3258371,
    "ebitdaratio": 0.1336322971,
    "operatingIncome": 1212092,
    "operatingIncomeRatio": 0.0497103118,
    "totalOtherIncomeExpensesNet": 15265,
    "incomeBeforeTax": 1227357,
    "incomeBeforeTaxRatio": 0.0503363599,
    "incomeTaxExpense": 91072,
    "netIncome": 1136285,
    "netIncomeRatio": 0.0466013154,
    "eps": 0.02,
    "epsdiluted": 0.02,
    "weightedAverageShsOut": 58787274,
    "weightedAverageShsOutDil": 60037328,
    "link": "https://www.sec.gov/Archives/edgar/data/1069183/000095012311096693/0000950123-11-096693-index.htm",
    "finalLink": "https://www.sec.gov/Archives/edgar/data/1069183/000095012311096693/c24078e10vq.htm"
  },
  {
    "date": "2011-06-30",
    "symbol": "AXON",
    "reportedCurrency": "USD",
    "cik": "0001069183",
    "fillingDate": "2011-08-08",
    "acceptedDate": "2011-08-08 16:59:43",
    "calendarYear": "2011",
    "period": "Q2",
    "revenue": 21198055,
    "costOfRevenue": 8956362,
    "grossProfit": 12241693,
    "grossProfitRatio": 0.5774913312,
    "researchAndDevelopmentExpenses": 2793235,
    "generalAndAdministrativeExpenses": 0,
    "sellingAndMarketingExpenses": 0,
    "sellingGeneralAndAdministrativeExpenses": 9065847,
    "otherExpenses": 0,
    "operatingExpenses": 11859082,
    "costAndExpenses": 20815444,
    "interestIncome": 0,
    "interestExpense": 0,
    "depreciationAndAmortization": 2049488,
    "ebitda": 2432099,
    "ebitdaratio": 0.1147321771,
    "operatingIncome": -5016545,
    "operatingIncomeRatio": -0.2366511928,
    "totalOtherIncomeExpensesNet": 1261885,
    "incomeBeforeTax": -3754660,
    "incomeBeforeTaxRatio": -0.177122854,
    "incomeTaxExpense": -1459828,
    "netIncome": -2294832,
    "netIncomeRatio": -0.1082567245,
    "eps": -0.0379,
    "epsdiluted": -0.0379,
    "weightedAverageShsOut": 60605140,
    "weightedAverageShsOutDil": 60605140,
    "link": "https://www.sec.gov/Archives/edgar/data/1069183/000095012311074475/0000950123-11-074475-index.htm",
    "finalLink": "https://www.sec.gov/Archives/edgar/data/1069183/000095012311074475/c19678e10vq.htm"
  },
  {
    "date": "2011-03-31",
    "symbol": "AXON",
    "reportedCurrency": "USD",
    "cik": "0001069183",
    "fillingDate": "2011-05-09",
    "acceptedDate": "2011-05-09 17:22:24",
    "calendarYear": "2011",
    "period": "Q1",
    "revenue": 23116949,
    "costOfRevenue": 10908085,
    "grossProfit": 12208864,
    "grossProfitRatio": 0.5281347465,
    "researchAndDevelopmentExpenses": 2752465,
    "generalAndAdministrativeExpenses": 0,
    "sellingAndMarketingExpenses": 0,
    "sellingGeneralAndAdministrativeExpenses": 9346214,
    "otherExpenses": 0,
    "operatingExpenses": 12098679,
    "costAndExpenses": 23006764,
    "interestIncome": 0,
    "interestExpense": 0,
    "depreciationAndAmortization": 2068092,
    "ebitda": 2178277,
    "ebitdaratio": 0.094228568,
    "operatingIncome": 110185,
    "operatingIncomeRatio": 0.0047664162,
    "totalOtherIncomeExpensesNet": 26322,
    "incomeBeforeTax": 136507,
    "incomeBeforeTaxRatio": 0.0059050613,
    "incomeTaxExpense": 116775,
    "netIncome": 19732,
    "netIncomeRatio": 0.0008535728,
    "eps": 0.0003,
    "epsdiluted": 0.0003,
    "weightedAverageShsOut": 62409267,
    "weightedAverageShsOutDil": 63250334,
    "link": "https://www.sec.gov/Archives/edgar/data/1069183/000095012311047535/0000950123-11-047535-index.htm",
    "finalLink": "https://www.sec.gov/Archives/edgar/data/1069183/000095012311047535/c16716e10vq.htm"
  },
  {
    "date": "2010-12-31",
    "symbol": "AXON",
    "reportedCurrency": "USD",
    "cik": "0001069183",
    "fillingDate": "2011-03-14",
    "acceptedDate": "2011-03-14 17:21:23",
    "calendarYear": "2010",
    "period": "Q4",
    "revenue": 22881512,
    "costOfRevenue": 11043253,
    "grossProfit": 11838259,
    "grossProfitRatio": 0.5173722348,
    "researchAndDevelopmentExpenses": 2530862,
    "generalAndAdministrativeExpenses": 0,
    "sellingAndMarketingExpenses": 0,
    "sellingGeneralAndAdministrativeExpenses": 9337920,
    "otherExpenses": 0,
    "operatingExpenses": 11868782,
    "costAndExpenses": 22912035,
    "interestIncome": 0,
    "interestExpense": 0,
    "depreciationAndAmortization": 2043690,
    "ebitda": 2013167,
    "ebitdaratio": 0.087982254,
    "operatingIncome": -30523,
    "operatingIncomeRatio": -0.001333959,
    "totalOtherIncomeExpensesNet": 1353,
    "incomeBeforeTax": -29170,
    "incomeBeforeTaxRatio": -0.0012748283,
    "incomeTaxExpense": 167793,
    "netIncome": -196963,
    "netIncomeRatio": -0.0086079539,
    "eps": -0.0032,
    "epsdiluted": -0.0032,
    "weightedAverageShsOut": 62524446,
    "weightedAverageShsOutDil": 62524446,
    "link": "https://www.sec.gov/Archives/edgar/data/1069183/000095012311025257/0000950123-11-025257-index.htm",
    "finalLink": "https://www.sec.gov/Archives/edgar/data/1069183/000095012311025257/c13977e10vk.htm"
  },
  {
    "date": "2010-09-30",
    "symbol": "AXON",
    "reportedCurrency": "USD",
    "cik": "0001069183",
    "fillingDate": "2010-11-08",
    "acceptedDate": "2010-11-08 17:03:19",
    "calendarYear": "2010",
    "period": "Q3",
    "revenue": 21084081,
    "costOfRevenue": 10668399,
    "grossProfit": 10415682,
    "grossProfitRatio": 0.494006924,
    "researchAndDevelopmentExpenses": 1686062,
    "generalAndAdministrativeExpenses": 0,
    "sellingAndMarketingExpenses": 0,
    "sellingGeneralAndAdministrativeExpenses": 9454353,
    "otherExpenses": 0,
    "operatingExpenses": 11140415,
    "costAndExpenses": 21808814,
    "interestIncome": 0,
    "interestExpense": 0,
    "depreciationAndAmortization": 2114897,
    "ebitda": 1428145,
    "ebitdaratio": 0.0677357007,
    "operatingIncome": -724733,
    "operatingIncomeRatio": -0.0343734688,
    "totalOtherIncomeExpensesNet": 10364,
    "incomeBeforeTax": -714369,
    "incomeBeforeTaxRatio": -0.0338819131,
    "incomeTaxExpense": 1621109,
    "netIncome": -2335478,
    "netIncomeRatio": -0.1107697319,
    "eps": -0.0375,
    "epsdiluted": -0.0375,
    "weightedAverageShsOut": 62342775,
    "weightedAverageShsOutDil": 62342775,
    "link": "https://www.sec.gov/Archives/edgar/data/1069183/000095012310102549/0000950123-10-102549-index.htm",
    "finalLink": "https://www.sec.gov/Archives/edgar/data/1069183/000095012310102549/c07948e10vq.htm"
  },
  {
    "date": "2010-06-30",
    "symbol": "AXON",
    "reportedCurrency": "USD",
    "cik": "0001069183",
    "fillingDate": "2010-08-06",
    "acceptedDate": "2010-08-06 15:14:13",
    "calendarYear": "2010",
    "period": "Q2",
    "revenue": 19120525,
    "costOfRevenue": 9489815,
    "grossProfit": 9630710,
    "grossProfitRatio": 0.5036843915,
    "researchAndDevelopmentExpenses": 3055049,
    "generalAndAdministrativeExpenses": 0,
    "sellingAndMarketingExpenses": 0,
    "sellingGeneralAndAdministrativeExpenses": 10011395,
    "otherExpenses": 0,
    "operatingExpenses": 13066444,
    "costAndExpenses": 22556259,
    "interestIncome": 0,
    "interestExpense": 0,
    "depreciationAndAmortization": 1588170,
    "ebitda": -1825053,
    "ebitdaratio": -0.0954499419,
    "operatingIncome": -3435734,
    "operatingIncomeRatio": -0.1796882669,
    "totalOtherIncomeExpensesNet": 6203,
    "incomeBeforeTax": -3429531,
    "incomeBeforeTaxRatio": -0.1793638511,
    "incomeTaxExpense": -2070142,
    "netIncome": -1359389,
    "netIncomeRatio": -0.0710957989,
    "eps": -0.0218,
    "epsdiluted": -0.0218,
    "weightedAverageShsOut": 62333929,
    "weightedAverageShsOutDil": 62333929,
    "link": "https://www.sec.gov/Archives/edgar/data/1069183/000095012310074225/0000950123-10-074225-index.htm",
    "finalLink": "https://www.sec.gov/Archives/edgar/data/1069183/000095012310074225/c04438e10vq.htm"
  },
  {
    "date": "2010-03-31",
    "symbol": "AXON",
    "reportedCurrency": "USD",
    "cik": "0001069183",
    "fillingDate": "2010-05-10",
    "acceptedDate": "2010-05-10 16:34:42",
    "calendarYear": "2010",
    "period": "Q1",
    "revenue": 23843901,
    "costOfRevenue": 10353480,
    "grossProfit": 13490421,
    "grossProfitRatio": 0.5657807839,
    "researchAndDevelopmentExpenses": 4139916,
    "generalAndAdministrativeExpenses": 0,
    "sellingAndMarketingExpenses": 0,
    "sellingGeneralAndAdministrativeExpenses": 10299154,
    "otherExpenses": 0,
    "operatingExpenses": 14439070,
    "costAndExpenses": 24792550,
    "interestIncome": 0,
    "interestExpense": 0,
    "depreciationAndAmortization": 1540158,
    "ebitda": 591508,
    "ebitdaratio": 0.0248075179,
    "operatingIncome": -948649,
    "operatingIncomeRatio": -0.0397858136,
    "totalOtherIncomeExpensesNet": 7899,
    "incomeBeforeTax": -940750,
    "incomeBeforeTaxRatio": -0.0394545339,
    "incomeTaxExpense": -448145,
    "netIncome": -492605,
    "netIncomeRatio": -0.0206595808,
    "eps": -0.0079,
    "epsdiluted": -0.0079,
    "weightedAverageShsOut": 62332170,
    "weightedAverageShsOutDil": 62332170,
    "link": "https://www.sec.gov/Archives/edgar/data/1069183/000095012310047221/0000950123-10-047221-index.htm",
    "finalLink": "https://www.sec.gov/Archives/edgar/data/1069183/000095012310047221/c00375e10vq.htm"
  },
  {
    "date": "2009-12-31",
    "symbol": "AXON",
    "reportedCurrency": "USD",
    "cik": "0001069183",
    "fillingDate": "2010-03-15",
    "acceptedDate": "2010-03-15 17:30:41",
    "calendarYear": "2009",
    "period": "Q4",
    "revenue": 34502925,
    "costOfRevenue": 12734307,
    "grossProfit": 21768618,
    "grossProfitRatio": 0.6309209437,
    "researchAndDevelopmentExpenses": 4755587,
    "generalAndAdministrativeExpenses": 0,
    "sellingAndMarketingExpenses": 0,
    "sellingGeneralAndAdministrativeExpenses": 9789544,
    "otherExpenses": 0,
    "operatingExpenses": 14545131,
    "costAndExpenses": 27279438,
    "interestIncome": 0,
    "interestExpense": 0,
    "depreciationAndAmortization": 1226143,
    "ebitda": 8449630,
    "ebitdaratio": 0.2448960487,
    "operatingIncome": 7223487,
    "operatingIncomeRatio": 0.2093586848,
    "totalOtherIncomeExpensesNet": 8503,
    "incomeBeforeTax": 7231990,
    "incomeBeforeTaxRatio": 0.2096051277,
    "incomeTaxExpense": 2865917,
    "netIncome": 4366073,
    "netIncomeRatio": 0.126542112,
    "eps": 0.0705,
    "epsdiluted": 0.069,
    "weightedAverageShsOut": 61920094,
    "weightedAverageShsOutDil": 63272168,
    "link": "https://www.sec.gov/Archives/edgar/data/1069183/000095012310024799/0000950123-10-024799-index.htm",
    "finalLink": "https://www.sec.gov/Archives/edgar/data/1069183/000095012310024799/c97679e10vk.htm"
  },
  {
    "date": "2009-09-30",
    "symbol": "AXON",
    "reportedCurrency": "USD",
    "cik": "0001069183",
    "fillingDate": "2009-11-06",
    "acceptedDate": "2009-11-06 14:02:44",
    "calendarYear": "2009",
    "period": "Q3",
    "revenue": 23310456,
    "costOfRevenue": 10044644,
    "grossProfit": 13265812,
    "grossProfitRatio": 0.5690927711,
    "researchAndDevelopmentExpenses": 6656538,
    "generalAndAdministrativeExpenses": 0,
    "sellingAndMarketingExpenses": 0,
    "sellingGeneralAndAdministrativeExpenses": 11419526,
    "otherExpenses": 0,
    "operatingExpenses": 18076064,
    "costAndExpenses": 28120708,
    "interestIncome": 0,
    "interestExpense": 0,
    "depreciationAndAmortization": 924382,
    "ebitda": -3885869,
    "ebitdaratio": -0.1667006857,
    "operatingIncome": -4810252,
    "operatingIncomeRatio": -0.2063559803,
    "totalOtherIncomeExpensesNet": 19994,
    "incomeBeforeTax": -4790257,
    "incomeBeforeTaxRatio": -0.2054982108,
    "incomeTaxExpense": -1614240,
    "netIncome": -3176017,
    "netIncomeRatio": -0.1362486002,
    "eps": -0.0513,
    "epsdiluted": -0.0513,
    "weightedAverageShsOut": 61937769,
    "weightedAverageShsOutDil": 61937769,
    "link": "https://www.sec.gov/Archives/edgar/data/1069183/000095012309059137/0000950123-09-059137-index.htm",
    "finalLink": "https://www.sec.gov/Archives/edgar/data/1069183/000095012309059137/c91943e10vq.htm"
  },
  {
    "date": "2009-06-30",
    "symbol": "AXON",
    "reportedCurrency": "USD",
    "cik": "0001069183",
    "fillingDate": "2009-08-07",
    "acceptedDate": "2009-08-07 17:10:46",
    "calendarYear": "2009",
    "period": "Q2",
    "revenue": 21833398,
    "costOfRevenue": 8094670,
    "grossProfit": 13738728,
    "grossProfitRatio": 0.6292528538,
    "researchAndDevelopmentExpenses": 4392259,
    "generalAndAdministrativeExpenses": 0,
    "sellingAndMarketingExpenses": 0,
    "sellingGeneralAndAdministrativeExpenses": 10821238,
    "otherExpenses": 0,
    "operatingExpenses": 15213497,
    "costAndExpenses": 23308167,
    "interestIncome": 0,
    "interestExpense": 0,
    "depreciationAndAmortization": 769081,
    "ebitda": -705688,
    "ebitdaratio": -0.0323214921,
    "operatingIncome": -1474769,
    "operatingIncomeRatio": -0.0675464717,
    "totalOtherIncomeExpensesNet": 47375,
    "incomeBeforeTax": -1427394,
    "incomeBeforeTaxRatio": -0.0653766308,
    "incomeTaxExpense": -703991,
    "netIncome": -723403,
    "netIncomeRatio": -0.0331328637,
    "eps": -0.0117,
    "epsdiluted": -0.0117,
    "weightedAverageShsOut": 61907735,
    "weightedAverageShsOutDil": 61907735,
    "link": "https://www.sec.gov/Archives/edgar/data/1069183/000095012309032223/0000950123-09-032223-index.htm",
    "finalLink": "https://www.sec.gov/Archives/edgar/data/1069183/000095012309032223/p15497e10vq.htm"
  },
  {
    "date": "2009-03-31",
    "symbol": "AXON",
    "reportedCurrency": "USD",
    "cik": "0001069183",
    "fillingDate": "2009-05-11",
    "acceptedDate": "2009-05-08 19:14:28",
    "calendarYear": "2009",
    "period": "Q1",
    "revenue": 24604780,
    "costOfRevenue": 9975529,
    "grossProfit": 14629251,
    "grossProfitRatio": 0.5945694698,
    "researchAndDevelopmentExpenses": 4197969,
    "generalAndAdministrativeExpenses": 0,
    "sellingAndMarketingExpenses": 0,
    "sellingGeneralAndAdministrativeExpenses": 11448923,
    "otherExpenses": 0,
    "operatingExpenses": 15646892,
    "costAndExpenses": 25622421,
    "interestIncome": 0,
    "interestExpense": 0,
    "depreciationAndAmortization": 714806,
    "ebitda": -302835,
    "ebitdaratio": -0.0123079743,
    "operatingIncome": -1017641,
    "operatingIncomeRatio": -0.0413594838,
    "totalOtherIncomeExpensesNet": 94675,
    "incomeBeforeTax": -922966,
    "incomeBeforeTaxRatio": -0.0375116542,
    "incomeTaxExpense": -455207,
    "netIncome": -467759,
    "netIncomeRatio": -0.0190108995,
    "eps": -0.0076,
    "epsdiluted": -0.0076,
    "weightedAverageShsOut": 61832808,
    "weightedAverageShsOutDil": 61832808,
    "link": "https://www.sec.gov/Archives/edgar/data/1069183/000095015309000358/0000950153-09-000358-index.htm",
    "finalLink": "https://www.sec.gov/Archives/edgar/data/1069183/000095015309000358/p14886e10vq.htm"
  },
  {
    "date": "2008-12-31",
    "symbol": "AXON",
    "reportedCurrency": "USD",
    "cik": "0001069183",
    "fillingDate": "2009-03-16",
    "acceptedDate": "2009-03-16 17:27:17",
    "calendarYear": "2008",
    "period": "Q4",
    "revenue": 26398218,
    "costOfRevenue": 9657125,
    "grossProfit": 16741093,
    "grossProfitRatio": 0.6341751174,
    "researchAndDevelopmentExpenses": 4454930,
    "generalAndAdministrativeExpenses": 0,
    "sellingAndMarketingExpenses": 0,
    "sellingGeneralAndAdministrativeExpenses": 10935025,
    "otherExpenses": 0,
    "operatingExpenses": 10189955,
    "costAndExpenses": 19847080,
    "interestIncome": 225519,
    "interestExpense": 0,
    "depreciationAndAmortization": 692247,
    "ebitda": 7243385,
    "ebitdaratio": 0.2743891652,
    "operatingIncome": 6551138,
    "operatingIncomeRatio": 0.2481659179,
    "totalOtherIncomeExpensesNet": 225519,
    "incomeBeforeTax": 6776657,
    "incomeBeforeTaxRatio": 0.2567088809,
    "incomeTaxExpense": 2990844,
    "netIncome": 3785813,
    "netIncomeRatio": 0.1434116879,
    "eps": 0.0607,
    "epsdiluted": 0.0591,
    "weightedAverageShsOut": 62371004,
    "weightedAverageShsOutDil": 64070869,
    "link": "https://www.sec.gov/Archives/edgar/data/1069183/000095015309000201/0000950153-09-000201-index.htm",
    "finalLink": "https://www.sec.gov/Archives/edgar/data/1069183/000095015309000201/p14088e10vk.htm"
  },
  {
    "date": "2008-09-30",
    "symbol": "AXON",
    "reportedCurrency": "USD",
    "cik": "0001069183",
    "fillingDate": "2008-11-07",
    "acceptedDate": "2008-11-07 17:26:59",
    "calendarYear": "2008",
    "period": "Q3",
    "revenue": 22859459,
    "costOfRevenue": 8963917,
    "grossProfit": 13895542,
    "grossProfitRatio": 0.6078683664,
    "researchAndDevelopmentExpenses": 3331697,
    "generalAndAdministrativeExpenses": 0,
    "sellingAndMarketingExpenses": 0,
    "sellingGeneralAndAdministrativeExpenses": 9055060,
    "otherExpenses": 0,
    "operatingExpenses": 12386757,
    "costAndExpenses": 21350674,
    "interestIncome": 269718,
    "interestExpense": 0,
    "depreciationAndAmortization": 646776,
    "ebitda": 2155561,
    "ebitdaratio": 0.0942962386,
    "operatingIncome": 1508785,
    "operatingIncomeRatio": 0.0660026556,
    "totalOtherIncomeExpensesNet": 269718,
    "incomeBeforeTax": 1778503,
    "incomeBeforeTaxRatio": 0.0778016225,
    "incomeTaxExpense": 1128126,
    "netIncome": 650377,
    "netIncomeRatio": 0.0284511108,
    "eps": 0.01,
    "epsdiluted": 0.01,
    "weightedAverageShsOut": 61714889,
    "weightedAverageShsOutDil": 63313702,
    "link": "https://www.sec.gov/Archives/edgar/data/1069183/000095015308001884/0000950153-08-001884-index.htm",
    "finalLink": "https://www.sec.gov/Archives/edgar/data/1069183/000095015308001884/p13492e10vq.htm"
  },
  {
    "date": "2008-06-30",
    "symbol": "AXON",
    "reportedCurrency": "USD",
    "cik": "0001069183",
    "fillingDate": "2008-08-11",
    "acceptedDate": "2008-08-11 17:25:39",
    "calendarYear": "2008",
    "period": "Q2",
    "revenue": 21101309,
    "costOfRevenue": 7496286,
    "grossProfit": 13605023,
    "grossProfitRatio": 0.6447478211,
    "researchAndDevelopmentExpenses": 3019886,
    "generalAndAdministrativeExpenses": 0,
    "sellingAndMarketingExpenses": 0,
    "sellingGeneralAndAdministrativeExpenses": 14910804,
    "otherExpenses": 0,
    "operatingExpenses": 5686169,
    "costAndExpenses": 13182455,
    "interestIncome": 721366,
    "interestExpense": 0,
    "depreciationAndAmortization": 641871,
    "ebitda": 8560725,
    "ebitdaratio": 0.4056963954,
    "operatingIncome": -4325667,
    "operatingIncomeRatio": -0.2049951972,
    "totalOtherIncomeExpensesNet": 721366,
    "incomeBeforeTax": -3604301,
    "incomeBeforeTaxRatio": -0.170809356,
    "incomeTaxExpense": -1588565,
    "netIncome": -2015736,
    "netIncomeRatio": -0.0955265856,
    "eps": -0.0322,
    "epsdiluted": -0.0322,
    "weightedAverageShsOut": 62642618,
    "weightedAverageShsOutDil": 62642618,
    "link": "https://www.sec.gov/Archives/edgar/data/1069183/000095015308001410/0000950153-08-001410-index.htm",
    "finalLink": "https://www.sec.gov/Archives/edgar/data/1069183/000095015308001410/p76075e10vq.htm"
  },
  {
    "date": "2008-03-31",
    "symbol": "AXON",
    "reportedCurrency": "USD",
    "cik": "0001069183",
    "fillingDate": "2008-05-12",
    "acceptedDate": "2008-05-12 17:29:13",
    "calendarYear": "2008",
    "period": "Q1",
    "revenue": 22486504,
    "costOfRevenue": 9723186,
    "grossProfit": 12763318,
    "grossProfitRatio": 0.5675990363,
    "researchAndDevelopmentExpenses": 2111648,
    "generalAndAdministrativeExpenses": 0,
    "sellingAndMarketingExpenses": 0,
    "sellingGeneralAndAdministrativeExpenses": 9160589,
    "otherExpenses": 0,
    "operatingExpenses": 11272237,
    "costAndExpenses": 20995423,
    "interestIncome": 501364,
    "interestExpense": 0,
    "depreciationAndAmortization": 656879,
    "ebitda": 2147960,
    "ebitdaratio": 0.0955221852,
    "operatingIncome": 1491081,
    "operatingIncomeRatio": 0.0663100409,
    "totalOtherIncomeExpensesNet": 501364,
    "incomeBeforeTax": 1992445,
    "incomeBeforeTaxRatio": 0.0886062591,
    "incomeTaxExpense": 775858,
    "netIncome": 1216587,
    "netIncomeRatio": 0.0541029855,
    "eps": 0.02,
    "epsdiluted": 0.02,
    "weightedAverageShsOut": 63328336,
    "weightedAverageShsOutDil": 65784447,
    "link": "https://www.sec.gov/Archives/edgar/data/1069183/000095015308000957/0000950153-08-000957-index.htm",
    "finalLink": "https://www.sec.gov/Archives/edgar/data/1069183/000095015308000957/p75510e10vq.htm"
  },
  {
    "date": "2007-12-31",
    "symbol": "AXON",
    "reportedCurrency": "USD",
    "cik": "0001069183",
    "fillingDate": "2008-02-29",
    "acceptedDate": "2008-02-29 16:33:11",
    "calendarYear": "2007",
    "period": "Q4",
    "revenue": 31028581,
    "costOfRevenue": 13845873,
    "grossProfit": 17182708,
    "grossProfitRatio": 0.5537703448,
    "researchAndDevelopmentExpenses": 1209950,
    "generalAndAdministrativeExpenses": 0,
    "sellingAndMarketingExpenses": 0,
    "sellingGeneralAndAdministrativeExpenses": 8742218,
    "otherExpenses": 0,
    "operatingExpenses": 9952168,
    "costAndExpenses": 23798041,
    "interestIncome": 699165,
    "interestExpense": 0,
    "depreciationAndAmortization": 677965,
    "ebitda": 7908505,
    "ebitdaratio": 0.2548780752,
    "operatingIncome": 7230540,
    "operatingIncomeRatio": 0.2330283812,
    "totalOtherIncomeExpensesNet": 696165,
    "incomeBeforeTax": 7926705,
    "incomeBeforeTaxRatio": 0.2554646311,
    "incomeTaxExpense": 3251029,
    "netIncome": 4678676,
    "netIncomeRatio": 0.1507860124,
    "eps": 0.0747,
    "epsdiluted": 0.0712,
    "weightedAverageShsOut": 62621174,
    "weightedAverageShsOutDil": 65685667,
    "link": "https://www.sec.gov/Archives/edgar/data/1069183/000095015308000423/0000950153-08-000423-index.htm",
    "finalLink": "https://www.sec.gov/Archives/edgar/data/1069183/000095015308000423/p75050e10vk.htm"
  },
  {
    "date": "2007-09-30",
    "symbol": "AXON",
    "reportedCurrency": "USD",
    "cik": "0001069183",
    "fillingDate": "2007-11-08",
    "acceptedDate": "2007-11-08 17:08:17",
    "calendarYear": "2007",
    "period": "Q3",
    "revenue": 28533419,
    "costOfRevenue": 12526647,
    "grossProfit": 16006772,
    "grossProfitRatio": 0.5609833157,
    "researchAndDevelopmentExpenses": 978011,
    "generalAndAdministrativeExpenses": 0,
    "sellingAndMarketingExpenses": 0,
    "sellingGeneralAndAdministrativeExpenses": 8145117,
    "otherExpenses": 0,
    "operatingExpenses": 9123128,
    "costAndExpenses": 21649775,
    "interestIncome": 519671,
    "interestExpense": 0,
    "depreciationAndAmortization": 672170,
    "ebitda": 7555814,
    "ebitdaratio": 0.2648057704,
    "operatingIncome": 6883644,
    "operatingIncomeRatio": 0.2412484813,
    "totalOtherIncomeExpensesNet": 519671,
    "incomeBeforeTax": 7403315,
    "incomeBeforeTaxRatio": 0.2594611953,
    "incomeTaxExpense": 1249277,
    "netIncome": 6154038,
    "netIncomeRatio": 0.2156782543,
    "eps": 0.1,
    "epsdiluted": 0.09,
    "weightedAverageShsOut": 62950482,
    "weightedAverageShsOutDil": 66186297,
    "link": "https://www.sec.gov/Archives/edgar/data/1069183/000095015307002352/0000950153-07-002352-index.htm",
    "finalLink": "https://www.sec.gov/Archives/edgar/data/1069183/000095015307002352/p74584e10vq.htm"
  },
  {
    "date": "2007-06-30",
    "symbol": "AXON",
    "reportedCurrency": "USD",
    "cik": "0001069183",
    "fillingDate": "2007-08-09",
    "acceptedDate": "2007-08-09 16:08:08",
    "calendarYear": "2007",
    "period": "Q2",
    "revenue": 25863376,
    "costOfRevenue": 10332117,
    "grossProfit": 15531259,
    "grossProfitRatio": 0.6005116656,
    "researchAndDevelopmentExpenses": 1262849,
    "generalAndAdministrativeExpenses": 0,
    "sellingAndMarketingExpenses": 0,
    "sellingGeneralAndAdministrativeExpenses": 8344927,
    "otherExpenses": 0,
    "operatingExpenses": 9607776,
    "costAndExpenses": 19939893,
    "interestIncome": 427033,
    "interestExpense": 0,
    "depreciationAndAmortization": 601778,
    "ebitda": 6525261,
    "ebitdaratio": 0.2522973412,
    "operatingIncome": 5923483,
    "operatingIncomeRatio": 0.2290297678,
    "totalOtherIncomeExpensesNet": 427033,
    "incomeBeforeTax": 6350516,
    "incomeBeforeTaxRatio": 0.245540876,
    "incomeTaxExpense": 2651308,
    "netIncome": 3699208,
    "netIncomeRatio": 0.1430288142,
    "eps": 0.06,
    "epsdiluted": 0.06,
    "weightedAverageShsOut": 62374946,
    "weightedAverageShsOutDil": 65214726,
    "link": "https://www.sec.gov/Archives/edgar/data/1069183/000095015307001739/0000950153-07-001739-index.htm",
    "finalLink": "https://www.sec.gov/Archives/edgar/data/1069183/000095015307001739/p74175e10vq.htm"
  },
  {
    "date": "2007-03-31",
    "symbol": "AXON",
    "reportedCurrency": "USD",
    "cik": "0001069183",
    "fillingDate": "2007-05-10",
    "acceptedDate": "2007-05-10 15:29:48",
    "calendarYear": "2007",
    "period": "Q1",
    "revenue": 15301815,
    "costOfRevenue": 6412786,
    "grossProfit": 8889029,
    "grossProfitRatio": 0.5809133753,
    "researchAndDevelopmentExpenses": 970786,
    "generalAndAdministrativeExpenses": 0,
    "sellingAndMarketingExpenses": 0,
    "sellingGeneralAndAdministrativeExpenses": 7581908,
    "otherExpenses": 0,
    "operatingExpenses": 8552694,
    "costAndExpenses": 14965480,
    "interestIncome": 0,
    "interestExpense": 0,
    "depreciationAndAmortization": 569324,
    "ebitda": 905659,
    "ebitdaratio": 0.0591863776,
    "operatingIncome": 336335,
    "operatingIncomeRatio": 0.0219800723,
    "totalOtherIncomeExpensesNet": 506369,
    "incomeBeforeTax": 842704,
    "incomeBeforeTaxRatio": 0.0550721597,
    "incomeTaxExpense": 348150,
    "netIncome": 494554,
    "netIncomeRatio": 0.0323199568,
    "eps": 0.01,
    "epsdiluted": 0.01,
    "weightedAverageShsOut": 62010198,
    "weightedAverageShsOutDil": 64692636,
    "link": "https://www.sec.gov/Archives/edgar/data/1069183/000095015307001079/0000950153-07-001079-index.htm",
    "finalLink": "https://www.sec.gov/Archives/edgar/data/1069183/000095015307001079/p73808e10vq.htm"
  },
  {
    "date": "2006-12-31",
    "symbol": "AXON",
    "reportedCurrency": "USD",
    "cik": "0001069183",
    "fillingDate": "2007-03-15",
    "acceptedDate": "2007-03-15 15:02:05",
    "calendarYear": "2006",
    "period": "Q4",
    "revenue": 19287548,
    "costOfRevenue": 7085784,
    "grossProfit": 12201764,
    "grossProfitRatio": 0.6326239084,
    "researchAndDevelopmentExpenses": 704744,
    "generalAndAdministrativeExpenses": 0,
    "sellingAndMarketingExpenses": 0,
    "sellingGeneralAndAdministrativeExpenses": 7698009,
    "otherExpenses": 0,
    "operatingExpenses": 8402753,
    "costAndExpenses": 15488537,
    "interestIncome": 599008,
    "interestExpense": 1631,
    "depreciationAndAmortization": 548480,
    "ebitda": 4347491,
    "ebitdaratio": 0.2254040275,
    "operatingIncome": 3799011,
    "operatingIncomeRatio": 0.1969670276,
    "totalOtherIncomeExpensesNet": 597124,
    "incomeBeforeTax": 4396135,
    "incomeBeforeTaxRatio": 0.2279260692,
    "incomeTaxExpense": 2079107,
    "netIncome": 2317028,
    "netIncomeRatio": 0.1201307704,
    "eps": 0.0374,
    "epsdiluted": 0.0374,
    "weightedAverageShsOut": 61925779,
    "weightedAverageShsOutDil": 61984240,
    "link": "https://www.sec.gov/Archives/edgar/data/1069183/000095015307000571/0000950153-07-000571-index.htm",
    "finalLink": "https://www.sec.gov/Archives/edgar/data/1069183/000095015307000571/p73555e10vk.htm"
  },
  {
    "date": "2006-09-30",
    "symbol": "AXON",
    "reportedCurrency": "USD",
    "cik": "0001069183",
    "fillingDate": "2006-11-08",
    "acceptedDate": "2006-11-07 19:39:30",
    "calendarYear": "2006",
    "period": "Q3",
    "revenue": 18311543,
    "costOfRevenue": 6679563,
    "grossProfit": 11631980,
    "grossProfitRatio": 0.6352266437,
    "researchAndDevelopmentExpenses": 772976,
    "generalAndAdministrativeExpenses": 0,
    "sellingAndMarketingExpenses": 0,
    "sellingGeneralAndAdministrativeExpenses": 7125408,
    "otherExpenses": 0,
    "operatingExpenses": 7898384,
    "costAndExpenses": 14577947,
    "interestIncome": 483371,
    "interestExpense": 1760,
    "depreciationAndAmortization": 505046,
    "ebitda": 4238642,
    "ebitdaratio": 0.2314737759,
    "operatingIncome": 3733596,
    "operatingIncomeRatio": 0.2038930308,
    "totalOtherIncomeExpensesNet": 481611,
    "incomeBeforeTax": 4215207,
    "incomeBeforeTaxRatio": 0.230193982,
    "incomeTaxExpense": 1819309,
    "netIncome": 2395898,
    "netIncomeRatio": 0.1308408581,
    "eps": 0.04,
    "epsdiluted": 0.04,
    "weightedAverageShsOut": 62031850,
    "weightedAverageShsOutDil": 64717904,
    "link": "https://www.sec.gov/Archives/edgar/data/1069183/000095015306002732/0000950153-06-002732-index.htm",
    "finalLink": "https://www.sec.gov/Archives/edgar/data/1069183/000095015306002732/p73080e10vq.htm"
  },
  {
    "date": "2006-06-30",
    "symbol": "AXON",
    "reportedCurrency": "USD",
    "cik": "0001069183",
    "fillingDate": "2006-08-09",
    "acceptedDate": "2006-08-09 17:20:38",
    "calendarYear": "2006",
    "period": "Q2",
    "revenue": 16225197,
    "costOfRevenue": 5834574,
    "grossProfit": 10390623,
    "grossProfitRatio": 0.6404004216,
    "researchAndDevelopmentExpenses": 562991,
    "generalAndAdministrativeExpenses": 0,
    "sellingAndMarketingExpenses": 0,
    "sellingGeneralAndAdministrativeExpenses": 7603035,
    "otherExpenses": 17650000,
    "operatingExpenses": 25816026,
    "costAndExpenses": 31650600,
    "interestIncome": 430593,
    "interestExpense": 1883,
    "depreciationAndAmortization": 526329,
    "ebitda": -14899074,
    "ebitdaratio": -0.9182676796,
    "operatingIncome": -15425403,
    "operatingIncomeRatio": -0.9507066694,
    "totalOtherIncomeExpensesNet": 428594,
    "incomeBeforeTax": -14996809,
    "incomeBeforeTaxRatio": -0.9242913353,
    "incomeTaxExpense": -5390225,
    "netIncome": -9606584,
    "netIncomeRatio": -0.5920781116,
    "eps": -0.15,
    "epsdiluted": -0.15,
    "weightedAverageShsOut": 62035485,
    "weightedAverageShsOutDil": 62035485,
    "link": "https://www.sec.gov/Archives/edgar/data/1069183/000095015306002123/0000950153-06-002123-index.htm",
    "finalLink": "https://www.sec.gov/Archives/edgar/data/1069183/000095015306002123/p72692e10vq.htm"
  },
  {
    "date": "2006-03-31",
    "symbol": "AXON",
    "reportedCurrency": "USD",
    "cik": "0001069183",
    "fillingDate": "2006-05-18",
    "acceptedDate": "2006-05-18 17:08:45",
    "calendarYear": "2006",
    "period": "Q1",
    "revenue": 13893563,
    "costOfRevenue": 3529401,
    "grossProfit": 10364162,
    "grossProfitRatio": 0.7459686187,
    "researchAndDevelopmentExpenses": 663810,
    "generalAndAdministrativeExpenses": 0,
    "sellingAndMarketingExpenses": 0,
    "sellingGeneralAndAdministrativeExpenses": 8663780,
    "otherExpenses": 0,
    "operatingExpenses": 7918122,
    "costAndExpenses": 11447523,
    "interestIncome": 367435,
    "interestExpense": 2007,
    "depreciationAndAmortization": 516740,
    "ebitda": 2962780,
    "ebitdaratio": 0.2132483942,
    "operatingIncome": 1036572,
    "operatingIncomeRatio": 0.0746080757,
    "totalOtherIncomeExpensesNet": 365316,
    "incomeBeforeTax": 1401888,
    "incomeBeforeTaxRatio": 0.1009019789,
    "incomeTaxExpense": 595909,
    "netIncome": 805979,
    "netIncomeRatio": 0.0580109652,
    "eps": 0.01,
    "epsdiluted": 0.01,
    "weightedAverageShsOut": 61947048,
    "weightedAverageShsOutDil": 64053031,
    "link": "https://www.sec.gov/Archives/edgar/data/1069183/000095015306001451/0000950153-06-001451-index.htm",
    "finalLink": "https://www.sec.gov/Archives/edgar/data/1069183/000095015306001451/p72270e10vq.htm"
  },
  {
    "date": "2005-12-31",
    "symbol": "AXON",
    "reportedCurrency": "USD",
    "cik": "0001069183",
    "fillingDate": "2006-03-16",
    "acceptedDate": "2006-03-16 17:11:33",
    "calendarYear": "2005",
    "period": "Q4",
    "revenue": 12607750,
    "costOfRevenue": 4410959,
    "grossProfit": 8196791,
    "grossProfitRatio": 0.6501390811,
    "researchAndDevelopmentExpenses": 470455,
    "generalAndAdministrativeExpenses": 0,
    "sellingAndMarketingExpenses": 0,
    "sellingGeneralAndAdministrativeExpenses": 7318130,
    "otherExpenses": 0,
    "operatingExpenses": 7788585,
    "costAndExpenses": 12199544,
    "interestIncome": 375571,
    "interestExpense": 4105,
    "depreciationAndAmortization": 527364,
    "ebitda": 935570,
    "ebitdaratio": 0.0742059448,
    "operatingIncome": 408206,
    "operatingIncomeRatio": 0.0323773869,
    "totalOtherIncomeExpensesNet": 383851,
    "incomeBeforeTax": 792057,
    "incomeBeforeTaxRatio": 0.0628230255,
    "incomeTaxExpense": 670861,
    "netIncome": 108774,
    "netIncomeRatio": 0.0086275505,
    "eps": 0.0018,
    "epsdiluted": 0.0017,
    "weightedAverageShsOut": 61303939,
    "weightedAverageShsOutDil": 63556246,
    "link": "https://www.sec.gov/Archives/edgar/data/1069183/000095015306000700/0000950153-06-000700-index.htm",
    "finalLink": "https://www.sec.gov/Archives/edgar/data/1069183/000095015306000700/p72015e10vk.htm"
  },
  {
    "date": "2005-09-30",
    "symbol": "AXON",
    "reportedCurrency": "USD",
    "cik": "0001069183",
    "fillingDate": "2005-12-21",
    "acceptedDate": "2005-12-20 20:28:48",
    "calendarYear": "2005",
    "period": "Q3",
    "revenue": 11675611,
    "costOfRevenue": 3827241,
    "grossProfit": 7848370,
    "grossProfitRatio": 0.67220208,
    "researchAndDevelopmentExpenses": 360689,
    "generalAndAdministrativeExpenses": 0,
    "sellingAndMarketingExpenses": 0,
    "sellingGeneralAndAdministrativeExpenses": 6909018,
    "otherExpenses": 0,
    "operatingExpenses": 7269707,
    "costAndExpenses": 11096948,
    "interestIncome": 306761000,
    "interestExpense": 0,
    "depreciationAndAmortization": 479319,
    "ebitda": 1057982,
    "ebitdaratio": 0.090614701,
    "operatingIncome": 578663,
    "operatingIncomeRatio": 0.0495616889,
    "totalOtherIncomeExpensesNet": 306761,
    "incomeBeforeTax": 885424,
    "incomeBeforeTaxRatio": 0.075835346,
    "incomeTaxExpense": 555000,
    "netIncome": 330424,
    "netIncomeRatio": 0.0283003605,
    "eps": 0.01,
    "epsdiluted": 0.01,
    "weightedAverageShsOut": 61385863,
    "weightedAverageShsOutDil": 63694740,
    "link": "https://www.sec.gov/Archives/edgar/data/1069183/000095015305003197/0000950153-05-003197-index.htm",
    "finalLink": "https://www.sec.gov/Archives/edgar/data/1069183/000095015305003197/p71471e10vq.htm"
  },
  {
    "date": "2005-06-30",
    "symbol": "AXON",
    "reportedCurrency": "USD",
    "cik": "0001069183",
    "fillingDate": "2005-08-12",
    "acceptedDate": "2005-08-12 16:33:17",
    "calendarYear": "2005",
    "period": "Q2",
    "revenue": 13206659,
    "costOfRevenue": 4816099,
    "grossProfit": 8390560,
    "grossProfitRatio": 0.6353279811,
    "researchAndDevelopmentExpenses": 351441,
    "generalAndAdministrativeExpenses": 0,
    "sellingAndMarketingExpenses": 0,
    "sellingGeneralAndAdministrativeExpenses": 7458533,
    "otherExpenses": 0,
    "operatingExpenses": 7809974,
    "costAndExpenses": 12626073,
    "interestIncome": 347837,
    "interestExpense": 15,
    "depreciationAndAmortization": 439278,
    "ebitda": 1124995,
    "ebitdaratio": 0.0851839212,
    "operatingIncome": 580586,
    "operatingIncomeRatio": 0.0439616106,
    "totalOtherIncomeExpensesNet": 288462,
    "incomeBeforeTax": 869048,
    "incomeBeforeTaxRatio": 0.0658037737,
    "incomeTaxExpense": 360000,
    "netIncome": 509048,
    "netIncomeRatio": 0.0385447977,
    "eps": 0.01,
    "epsdiluted": 0.01,
    "weightedAverageShsOut": 61319959,
    "weightedAverageShsOutDil": 63951739,
    "link": "https://www.sec.gov/Archives/edgar/data/1069183/000095015305002014/0000950153-05-002014-index.htm",
    "finalLink": "https://www.sec.gov/Archives/edgar/data/1069183/000095015305002014/p71055e10vq.htm"
  },
  {
    "date": "2005-03-31",
    "symbol": "AXON",
    "reportedCurrency": "USD",
    "cik": "0001069183",
    "fillingDate": "2005-05-23",
    "acceptedDate": "2005-05-23 16:14:11",
    "calendarYear": "2005",
    "period": "Q1",
    "revenue": 10204161,
    "costOfRevenue": 4528025,
    "grossProfit": 5676136,
    "grossProfitRatio": 0.5562570014,
    "researchAndDevelopmentExpenses": 347363,
    "generalAndAdministrativeExpenses": 0,
    "sellingAndMarketingExpenses": 0,
    "sellingGeneralAndAdministrativeExpenses": 5252164,
    "otherExpenses": 0,
    "operatingExpenses": 5599527,
    "costAndExpenses": 10127552,
    "interestIncome": 198875,
    "interestExpense": 88,
    "depreciationAndAmortization": 266777,
    "ebitda": 77177,
    "ebitdaratio": 0.0075632872,
    "operatingIncome": 76609,
    "operatingIncomeRatio": 0.0075076236,
    "totalOtherIncomeExpensesNet": 464621,
    "incomeBeforeTax": 275021,
    "incomeBeforeTaxRatio": 0.0269518484,
    "incomeTaxExpense": 107000,
    "netIncome": 168021,
    "netIncomeRatio": 0.0164659299,
    "eps": 0.0027,
    "epsdiluted": 0.0026,
    "weightedAverageShsOut": 61101125,
    "weightedAverageShsOutDil": 63948784,
    "link": "https://www.sec.gov/Archives/edgar/data/1069183/000095015305001221/0000950153-05-001221-index.htm",
    "finalLink": "https://www.sec.gov/Archives/edgar/data/1069183/000095015305001221/p70664e10vq.htm"
  },
  {
    "date": "2004-12-31",
    "symbol": "AXON",
    "reportedCurrency": "USD",
    "cik": "0001069183",
    "fillingDate": "2005-03-31",
    "acceptedDate": "2005-03-31 17:27:09",
    "calendarYear": "2004",
    "period": "Q4",
    "revenue": 19233770,
    "costOfRevenue": 6735593,
    "grossProfit": 12498177,
    "grossProfitRatio": 0.6498038086,
    "researchAndDevelopmentExpenses": 200121,
    "generalAndAdministrativeExpenses": 0,
    "sellingAndMarketingExpenses": 0,
    "sellingGeneralAndAdministrativeExpenses": 4492234,
    "otherExpenses": 0,
    "operatingExpenses": 4692355,
    "costAndExpenses": 11427948,
    "interestIncome": 255143,
    "interestExpense": 0,
    "depreciationAndAmortization": 216167,
    "ebitda": 8021989,
    "ebitdaratio": 0.4170783471,
    "operatingIncome": 7805822,
    "operatingIncomeRatio": 0.4058394168,
    "totalOtherIncomeExpensesNet": 251487,
    "incomeBeforeTax": 8057309,
    "incomeBeforeTaxRatio": 0.4189147006,
    "incomeTaxExpense": 3100000,
    "netIncome": 4957309,
    "netIncomeRatio": 0.2577398503,
    "eps": 0.0866,
    "epsdiluted": 0.0795,
    "weightedAverageShsOut": 57232329,
    "weightedAverageShsOutDil": 62319590,
    "link": "https://www.sec.gov/Archives/edgar/data/1069183/000095015305000689/0000950153-05-000689-index.htm",
    "finalLink": "https://www.sec.gov/Archives/edgar/data/1069183/000095015305000689/p70387e10ksb.htm"
  },
  {
    "date": "2004-09-30",
    "symbol": "AXON",
    "reportedCurrency": "USD",
    "cik": "0001069183",
    "fillingDate": "2004-11-15",
    "acceptedDate": "2004-11-15 17:12:58",
    "calendarYear": "2004",
    "period": "Q3",
    "revenue": 18947548,
    "costOfRevenue": 5768312,
    "grossProfit": 13179236,
    "grossProfitRatio": 0.6955641965,
    "researchAndDevelopmentExpenses": 105239,
    "generalAndAdministrativeExpenses": 0,
    "sellingAndMarketingExpenses": 0,
    "sellingGeneralAndAdministrativeExpenses": 3062422,
    "otherExpenses": 0,
    "operatingExpenses": 3167661,
    "costAndExpenses": 8935973,
    "interestIncome": 88463,
    "interestExpense": 0,
    "depreciationAndAmortization": 80262,
    "ebitda": 10011575,
    "ebitdaratio": 0.5283836727,
    "operatingIncome": 10011575,
    "operatingIncomeRatio": 0.5283836727,
    "totalOtherIncomeExpensesNet": 89463,
    "incomeBeforeTax": 10101038,
    "incomeBeforeTaxRatio": 0.5331052862,
    "incomeTaxExpense": 3975000,
    "netIncome": 6126038,
    "netIncomeRatio": 0.3233156079,
    "eps": 0.11,
    "epsdiluted": 0.09,
    "weightedAverageShsOut": 57954454,
    "weightedAverageShsOutDil": 64541234,
    "link": "https://www.sec.gov/Archives/edgar/data/1069183/000095012404005720/0000950124-04-005720-index.htm",
    "finalLink": "https://www.sec.gov/Archives/edgar/data/1069183/000095012404005720/p69869e10qsb.htm"
  },
  {
    "date": "2004-06-30",
    "symbol": "AXON",
    "reportedCurrency": "USD",
    "cik": "0001069183",
    "fillingDate": "2004-08-16",
    "acceptedDate": "2004-08-16 16:22:23",
    "calendarYear": "2004",
    "period": "Q2",
    "revenue": 16322007,
    "costOfRevenue": 5459784,
    "grossProfit": 10862223,
    "grossProfitRatio": 0.6654955484,
    "researchAndDevelopmentExpenses": 212910,
    "generalAndAdministrativeExpenses": 0,
    "sellingAndMarketingExpenses": 0,
    "sellingGeneralAndAdministrativeExpenses": 3359395,
    "otherExpenses": 0,
    "operatingExpenses": 3572305,
    "costAndExpenses": 9032089,
    "interestIncome": 55118,
    "interestExpense": 392,
    "depreciationAndAmortization": 133664,
    "ebitda": 7289918,
    "ebitdaratio": 0.4466312262,
    "operatingIncome": 7289918,
    "operatingIncomeRatio": 0.4466312262,
    "totalOtherIncomeExpensesNet": 60514,
    "incomeBeforeTax": 7350432,
    "incomeBeforeTaxRatio": 0.4503387359,
    "incomeTaxExpense": 2860000,
    "netIncome": 4490432,
    "netIncomeRatio": 0.2751151865,
    "eps": 0.08,
    "epsdiluted": 0.07,
    "weightedAverageShsOut": 57558688,
    "weightedAverageShsOutDil": 64437526,
    "link": "https://www.sec.gov/Archives/edgar/data/1069183/000095012404003869/0000950124-04-003869-index.htm",
    "finalLink": "https://www.sec.gov/Archives/edgar/data/1069183/000095012404003869/p69538e10qsb.htm"
  },
  {
    "date": "2004-03-31",
    "symbol": "AXON",
    "reportedCurrency": "USD",
    "cik": "0001069183",
    "fillingDate": "2004-05-10",
    "acceptedDate": "2004-05-10 16:25:22",
    "calendarYear": "2004",
    "period": "Q1",
    "revenue": 13136553,
    "costOfRevenue": 4532501,
    "grossProfit": 8604052,
    "grossProfitRatio": 0.6549702955,
    "researchAndDevelopmentExpenses": 267095,
    "generalAndAdministrativeExpenses": 0,
    "sellingAndMarketingExpenses": 0,
    "sellingGeneralAndAdministrativeExpenses": 2569288,
    "otherExpenses": 0,
    "operatingExpenses": 2836383,
    "costAndExpenses": 7368884,
    "interestIncome": 40005,
    "interestExpense": 932,
    "depreciationAndAmortization": 121700,
    "ebitda": 5767669,
    "ebitdaratio": 0.4390549789,
    "operatingIncome": 5767669,
    "operatingIncomeRatio": 0.4390549789,
    "totalOtherIncomeExpensesNet": 39370,
    "incomeBeforeTax": 5807039,
    "incomeBeforeTaxRatio": 0.4420519599,
    "incomeTaxExpense": 2256000,
    "netIncome": 3551039,
    "netIncomeRatio": 0.2703174113,
    "eps": 0.07,
    "epsdiluted": 0.06,
    "weightedAverageShsOut": 52732944,
    "weightedAverageShsOutDil": 60100316,
    "link": "https://www.sec.gov/Archives/edgar/data/1069183/000095015304001171/0000950153-04-001171-index.htm",
    "finalLink": "https://www.sec.gov/Archives/edgar/data/1069183/000095015304001171/p69151e10qsb.htm"
  },
  {
    "date": "2003-12-31",
    "symbol": "AXON",
    "reportedCurrency": "USD",
    "cik": "0001069183",
    "fillingDate": "2004-03-04",
    "acceptedDate": "2004-03-04 17:24:39",
    "calendarYear": "2003",
    "period": "Q4",
    "revenue": 10780446,
    "costOfRevenue": 3510125,
    "grossProfit": 7270321,
    "grossProfitRatio": 0.6743989071,
    "researchAndDevelopmentExpenses": 85698,
    "generalAndAdministrativeExpenses": 0,
    "sellingAndMarketingExpenses": 0,
    "sellingGeneralAndAdministrativeExpenses": 2348024,
    "otherExpenses": 0,
    "operatingExpenses": 2433722,
    "costAndExpenses": 5943847,
    "interestIncome": 26539,
    "interestExpense": 2890,
    "depreciationAndAmortization": 113422,
    "ebitda": 4950021,
    "ebitdaratio": 0.4591666245,
    "operatingIncome": 4836599,
    "operatingIncomeRatio": 0.4486455384,
    "totalOtherIncomeExpensesNet": -224539,
    "incomeBeforeTax": 4612060,
    "incomeBeforeTaxRatio": 0.4278171794,
    "incomeTaxExpense": 1810238,
    "netIncome": 2801822,
    "netIncomeRatio": 0.2598985237,
    "eps": 0.0739,
    "epsdiluted": 0.0601,
    "weightedAverageShsOut": 37889640,
    "weightedAverageShsOutDil": 46598312,
    "link": "https://www.sec.gov/Archives/edgar/data/1069183/000095015304000534/0000950153-04-000534-index.htm",
    "finalLink": "https://www.sec.gov/Archives/edgar/data/1069183/000095015304000534/p68840e10vk.htm"
  },
  {
    "date": "2003-09-30",
    "symbol": "AXON",
    "reportedCurrency": "USD",
    "cik": "0001069183",
    "fillingDate": "2003-11-07",
    "acceptedDate": "2003-11-07 12:12:42",
    "calendarYear": "2003",
    "period": "Q3",
    "revenue": 6089410,
    "costOfRevenue": 2591448,
    "grossProfit": 3497962,
    "grossProfitRatio": 0.5744336479,
    "researchAndDevelopmentExpenses": 113771,
    "generalAndAdministrativeExpenses": 0,
    "sellingAndMarketingExpenses": 0,
    "sellingGeneralAndAdministrativeExpenses": 1620926,
    "otherExpenses": 0,
    "operatingExpenses": 1734697,
    "costAndExpenses": 4326145,
    "interestIncome": 8004,
    "interestExpense": 1464,
    "depreciationAndAmortization": 106418,
    "ebitda": 1763265,
    "ebitdaratio": 0.2895625356,
    "operatingIncome": 1763265,
    "operatingIncomeRatio": 0.2895625356,
    "totalOtherIncomeExpensesNet": 5755,
    "incomeBeforeTax": 1769020,
    "incomeBeforeTaxRatio": 0.290507619,
    "incomeTaxExpense": 693229,
    "netIncome": 1075791,
    "netIncomeRatio": 0.1766658839,
    "eps": 0.03,
    "epsdiluted": 0.02,
    "weightedAverageShsOut": 36015504,
    "weightedAverageShsOutDil": 50636292,
    "link": "https://www.sec.gov/Archives/edgar/data/1069183/000095015303002232/0000950153-03-002232-index.htm",
    "finalLink": "https://www.sec.gov/Archives/edgar/data/1069183/000095015303002232/p68428e10qsb.htm"
  },
  {
    "date": "2003-06-30",
    "symbol": "AXON",
    "reportedCurrency": "USD",
    "cik": "0001069183",
    "fillingDate": "2003-08-07",
    "acceptedDate": "2003-08-07 17:22:26",
    "calendarYear": "2003",
    "period": "Q2",
    "revenue": 4184018,
    "costOfRevenue": 1708571,
    "grossProfit": 2475447,
    "grossProfitRatio": 0.5916434872,
    "researchAndDevelopmentExpenses": 223055,
    "generalAndAdministrativeExpenses": 0,
    "sellingAndMarketingExpenses": 0,
    "sellingGeneralAndAdministrativeExpenses": 1675365,
    "otherExpenses": 0,
    "operatingExpenses": 1898420,
    "costAndExpenses": 3606991,
    "interestIncome": 0,
    "interestExpense": 0,
    "depreciationAndAmortization": 92022,
    "ebitda": 577027,
    "ebitdaratio": 0.1379121696,
    "operatingIncome": 577027,
    "operatingIncomeRatio": 0.1379121696,
    "totalOtherIncomeExpensesNet": 2110,
    "incomeBeforeTax": 579137,
    "incomeBeforeTaxRatio": 0.1384164695,
    "incomeTaxExpense": 232078,
    "netIncome": 347059,
    "netIncomeRatio": 0.0829487349,
    "eps": 0.01,
    "epsdiluted": 0.01,
    "weightedAverageShsOut": 33940356,
    "weightedAverageShsOutDil": 42849732,
    "link": "https://www.sec.gov/Archives/edgar/data/1069183/000095015303001541/0000950153-03-001541-index.htm",
    "finalLink": "https://www.sec.gov/Archives/edgar/data/1069183/000095015303001541/p68119e10qsb.htm"
  },
  {
    "date": "2003-03-31",
    "symbol": "AXON",
    "reportedCurrency": "USD",
    "cik": "0001069183",
    "fillingDate": "2003-05-02",
    "acceptedDate": "2003-05-02 17:27:03",
    "calendarYear": "2003",
    "period": "Q1",
    "revenue": 3401632,
    "costOfRevenue": 1592972,
    "grossProfit": 1808660,
    "grossProfitRatio": 0.5317036058,
    "researchAndDevelopmentExpenses": 75446,
    "generalAndAdministrativeExpenses": 0,
    "sellingAndMarketingExpenses": 0,
    "sellingGeneralAndAdministrativeExpenses": 1329407,
    "otherExpenses": 0,
    "operatingExpenses": 1404853,
    "costAndExpenses": 2997825,
    "interestIncome": 8358,
    "interestExpense": 3154,
    "depreciationAndAmortization": 81706,
    "ebitda": 403807,
    "ebitdaratio": 0.118709784,
    "operatingIncome": 403807,
    "operatingIncomeRatio": 0.118709784,
    "totalOtherIncomeExpensesNet": 3267,
    "incomeBeforeTax": 407074,
    "incomeBeforeTaxRatio": 0.1196702054,
    "incomeTaxExpense": 178056,
    "netIncome": 229018,
    "netIncomeRatio": 0.0673259189,
    "eps": 0.0067,
    "epsdiluted": 0.0067,
    "weightedAverageShsOut": 33810492,
    "weightedAverageShsOutDil": 35318832,
    "link": "https://www.sec.gov/Archives/edgar/data/1069183/000095015303000930/0000950153-03-000930-index.htm",
    "finalLink": "https://www.sec.gov/Archives/edgar/data/1069183/000095015303000930/p67774e10qsb.htm"
  },
  {
    "date": "2002-12-31",
    "symbol": "AXON",
    "reportedCurrency": "USD",
    "cik": "0001069183",
    "fillingDate": "2003-03-14",
    "acceptedDate": "2003-03-14 16:34:36",
    "calendarYear": "2002",
    "period": "Q4",
    "revenue": 2817308,
    "costOfRevenue": 1125931,
    "grossProfit": 1691377,
    "grossProfitRatio": 0.6003521802,
    "researchAndDevelopmentExpenses": 65532,
    "generalAndAdministrativeExpenses": 0,
    "sellingAndMarketingExpenses": 0,
    "sellingGeneralAndAdministrativeExpenses": 1494905,
    "otherExpenses": 0,
    "operatingExpenses": 1560437,
    "costAndExpenses": 2686368,
    "interestIncome": 11557,
    "interestExpense": 2941,
    "depreciationAndAmortization": 74483,
    "ebitda": 205423,
    "ebitdaratio": 0.0729146405,
    "operatingIncome": 130940,
    "operatingIncomeRatio": 0.0464769915,
    "totalOtherIncomeExpensesNet": 11764,
    "incomeBeforeTax": 142704,
    "incomeBeforeTaxRatio": 0.0506526088,
    "incomeTaxExpense": 75207,
    "netIncome": 67497,
    "netIncomeRatio": 0.0239579769,
    "eps": 0.002,
    "epsdiluted": 0.0019,
    "weightedAverageShsOut": 33561204,
    "weightedAverageShsOutDil": 34915404,
    "link": "https://www.sec.gov/Archives/edgar/data/1069183/000095015303000486/0000950153-03-000486-index.htm",
    "finalLink": "https://www.sec.gov/Archives/edgar/data/1069183/000095015303000486/p67564e10ksb.htm"
  },
  {
    "date": "2002-09-30",
    "symbol": "AXON",
    "reportedCurrency": "USD",
    "cik": "0001069183",
    "fillingDate": "2002-11-13",
    "acceptedDate": "2002-11-13 10:53:56",
    "calendarYear": "2002",
    "period": "Q3",
    "revenue": 1922754,
    "costOfRevenue": 934396,
    "grossProfit": 988358,
    "grossProfitRatio": 0.5140324763,
    "researchAndDevelopmentExpenses": 20951,
    "generalAndAdministrativeExpenses": 0,
    "sellingAndMarketingExpenses": 0,
    "sellingGeneralAndAdministrativeExpenses": 1087261,
    "otherExpenses": 0,
    "operatingExpenses": 1108212,
    "costAndExpenses": 2042608,
    "interestIncome": 13721,
    "interestExpense": 10730,
    "depreciationAndAmortization": 64424,
    "ebitda": -55430,
    "ebitdaratio": -0.0288284409,
    "operatingIncome": -119854,
    "operatingIncomeRatio": -0.0623345472,
    "totalOtherIncomeExpensesNet": 376,
    "incomeBeforeTax": -119478,
    "incomeBeforeTaxRatio": -0.0621389944,
    "incomeTaxExpense": -50582,
    "netIncome": -68896,
    "netIncomeRatio": -0.0358319369,
    "eps": -0.002,
    "epsdiluted": -0.002,
    "weightedAverageShsOut": 33673164,
    "weightedAverageShsOutDil": 33673164,
    "link": "https://www.sec.gov/Archives/edgar/data/1069183/000095015302001911/0000950153-02-001911-index.htm",
    "finalLink": "https://www.sec.gov/Archives/edgar/data/1069183/000095015302001911/p67204e10qsb.htm"
  },
  {
    "date": "2002-06-30",
    "symbol": "AXON",
    "reportedCurrency": "USD",
    "cik": "0001069183",
    "fillingDate": "2002-08-12",
    "acceptedDate": "2002-08-12 16:43:16",
    "calendarYear": "2002",
    "period": "Q2",
    "revenue": 2689582,
    "costOfRevenue": 1183059,
    "grossProfit": 1506523,
    "grossProfitRatio": 0.5601327641,
    "researchAndDevelopmentExpenses": 32541,
    "generalAndAdministrativeExpenses": 0,
    "sellingAndMarketingExpenses": 0,
    "sellingGeneralAndAdministrativeExpenses": 1390589,
    "otherExpenses": 0,
    "operatingExpenses": 1376872,
    "costAndExpenses": 2559931,
    "interestIncome": 13901,
    "interestExpense": 5431,
    "depreciationAndAmortization": 53313,
    "ebitda": 182964,
    "ebitdaratio": 0.0680269276,
    "operatingIncome": 129651,
    "operatingIncomeRatio": 0.0482048883,
    "totalOtherIncomeExpensesNet": 8008,
    "incomeBeforeTax": 137659,
    "incomeBeforeTaxRatio": 0.0511823027,
    "incomeTaxExpense": 57063,
    "netIncome": 80596,
    "netIncomeRatio": 0.0299659947,
    "eps": 0.0025,
    "epsdiluted": 0.0017,
    "weightedAverageShsOut": 33629884,
    "weightedAverageShsOutDil": 46391352,
    "link": "https://www.sec.gov/Archives/edgar/data/1069183/000095015302001380/0000950153-02-001380-index.htm",
    "finalLink": "https://www.sec.gov/Archives/edgar/data/1069183/000095015302001380/p66891e10qsb.htm"
  },
  {
    "date": "2002-03-31",
    "symbol": "AXON",
    "reportedCurrency": "USD",
    "cik": "0001069183",
    "fillingDate": "2002-05-10",
    "acceptedDate": "2002-05-10 16:13:40",
    "calendarYear": "2002",
    "period": "Q1",
    "revenue": 2366875,
    "costOfRevenue": 1047569,
    "grossProfit": 1319306,
    "grossProfitRatio": 0.5574041722,
    "researchAndDevelopmentExpenses": 33075,
    "generalAndAdministrativeExpenses": 0,
    "sellingAndMarketingExpenses": 0,
    "sellingGeneralAndAdministrativeExpenses": 1065958,
    "otherExpenses": 0,
    "operatingExpenses": 1099033,
    "costAndExpenses": 2146602,
    "interestIncome": 18752,
    "interestExpense": 19093,
    "depreciationAndAmortization": 63282,
    "ebitda": 283555,
    "ebitdaratio": 0.1198014259,
    "operatingIncome": 220273,
    "operatingIncomeRatio": 0.0930649063,
    "totalOtherIncomeExpensesNet": -413,
    "incomeBeforeTax": 219860,
    "incomeBeforeTaxRatio": 0.0928904146,
    "incomeTaxExpense": 90154,
    "netIncome": 129706,
    "netIncomeRatio": 0.0548005281,
    "eps": 0.0042,
    "epsdiluted": 0.0025,
    "weightedAverageShsOut": 33522540,
    "weightedAverageShsOutDil": 45780768,
    "link": "https://www.sec.gov/Archives/edgar/data/1069183/000095015302000909/0000950153-02-000909-index.htm",
    "finalLink": "https://www.sec.gov/Archives/edgar/data/1069183/000095015302000909/p66579e10qsb.htm"
  },
  {
    "date": "2001-12-31",
    "symbol": "AXON",
    "reportedCurrency": "USD",
    "cik": "0001069183",
    "fillingDate": "2002-04-22",
    "acceptedDate": "2002-04-22 00:00:00",
    "calendarYear": "2001",
    "period": "Q4",
    "revenue": 2830091,
    "costOfRevenue": 1025860,
    "grossProfit": 1804231,
    "grossProfitRatio": 0.6375169562,
    "researchAndDevelopmentExpenses": 22387,
    "generalAndAdministrativeExpenses": 0,
    "sellingAndMarketingExpenses": 0,
    "sellingGeneralAndAdministrativeExpenses": 1301511,
    "otherExpenses": -42499,
    "operatingExpenses": 1100295,
    "costAndExpenses": 2126155,
    "interestIncome": 22889,
    "interestExpense": 25026,
    "depreciationAndAmortization": 77773,
    "ebitda": 781709,
    "ebitdaratio": 0.2762133797,
    "operatingIncome": 703936,
    "operatingIncomeRatio": 0.2487326379,
    "totalOtherIncomeExpensesNet": -221480,
    "incomeBeforeTax": 482456,
    "incomeBeforeTaxRatio": 0.1704736703,
    "incomeTaxExpense": 49968,
    "netIncome": 432487,
    "netIncomeRatio": 0.1528173476,
    "eps": 0.0156,
    "epsdiluted": 0.0119,
    "weightedAverageShsOut": 27640632,
    "weightedAverageShsOutDil": 36351960,
    "link": "https://www.sec.gov/Archives/edgar/data/1069183/000095015302000738/0000950153-02-000738-index.htm",
    "finalLink": "https://www.sec.gov/Archives/edgar/data/1069183/000095015302000738/p66457e10ksba.htm"
  },
  {
    "date": "2001-09-30",
    "symbol": "AXON",
    "reportedCurrency": "USD",
    "cik": "0001069183",
    "fillingDate": "2001-11-08",
    "acceptedDate": "2001-11-08 00:00:00",
    "calendarYear": "2001",
    "period": "Q3",
    "revenue": 1279276,
    "costOfRevenue": 633634,
    "grossProfit": 645642,
    "grossProfitRatio": 0.5046932796,
    "researchAndDevelopmentExpenses": 7521,
    "generalAndAdministrativeExpenses": 0,
    "sellingAndMarketingExpenses": 0,
    "sellingGeneralAndAdministrativeExpenses": 776871,
    "otherExpenses": 0,
    "operatingExpenses": 784392,
    "costAndExpenses": 1418026,
    "interestIncome": 47477,
    "interestExpense": 29477,
    "depreciationAndAmortization": 43284,
    "ebitda": -95466,
    "ebitdaratio": -0.0746250223,
    "operatingIncome": -138750,
    "operatingIncomeRatio": -0.1084597851,
    "totalOtherIncomeExpensesNet": 259500,
    "incomeBeforeTax": 120750,
    "incomeBeforeTaxRatio": 0.0943893265,
    "incomeTaxExpense": -48409,
    "netIncome": -72340,
    "netIncomeRatio": -0.0565476097,
    "eps": -0.0022,
    "epsdiluted": -0.0022,
    "weightedAverageShsOut": 32529048,
    "weightedAverageShsOutDil": 32529048,
    "link": "https://www.sec.gov/Archives/edgar/data/1069183/000095015301501244/0000950153-01-501244-index.htm",
    "finalLink": "https://www.sec.gov/Archives/edgar/data/1069183/000095015301501244/p65780e10qsb.htm"
  },
  {
    "date": "2001-06-30",
    "symbol": "AXON",
    "reportedCurrency": "USD",
    "cik": "0001069183",
    "fillingDate": "2001-08-13",
    "acceptedDate": "2001-08-13 00:00:00",
    "calendarYear": "2001",
    "period": "Q2",
    "revenue": 1537574,
    "costOfRevenue": 658169,
    "grossProfit": 879405,
    "grossProfitRatio": 0.571943204,
    "researchAndDevelopmentExpenses": 13304,
    "generalAndAdministrativeExpenses": 0,
    "sellingAndMarketingExpenses": 0,
    "sellingGeneralAndAdministrativeExpenses": 596476,
    "otherExpenses": 0,
    "operatingExpenses": 609780,
    "costAndExpenses": 1267949,
    "interestIncome": 16239,
    "interestExpense": 90439,
    "depreciationAndAmortization": 32943,
    "ebitda": 302568,
    "ebitdaratio": 0.196782724,
    "operatingIncome": 269625,
    "operatingIncomeRatio": 0.1753574137,
    "totalOtherIncomeExpensesNet": -74200,
    "incomeBeforeTax": 195425,
    "incomeBeforeTaxRatio": 0.1270995737,
    "incomeTaxExpense": 78170,
    "netIncome": 117255,
    "netIncomeRatio": 0.0762597442,
    "eps": 0.0042,
    "epsdiluted": 0.0042,
    "weightedAverageShsOut": 26542536,
    "weightedAverageShsOutDil": 28287924,
    "link": "https://www.sec.gov/Archives/edgar/data/1069183/000095015301500872/0000950153-01-500872-index.htm",
    "finalLink": "https://www.sec.gov/Archives/edgar/data/1069183/000095015301500872/p65463e10qsb.htm"
  },
  {
    "date": "2001-03-31",
    "symbol": "AXON",
    "reportedCurrency": "USD",
    "cik": "0001069183",
    "fillingDate": "2001-06-21",
    "acceptedDate": "2001-06-21 00:00:00",
    "calendarYear": "2001",
    "period": "Q1",
    "revenue": 1206331,
    "costOfRevenue": 554407,
    "grossProfit": 651924,
    "grossProfitRatio": 0.5404188403,
    "researchAndDevelopmentExpenses": 0,
    "generalAndAdministrativeExpenses": 0,
    "sellingAndMarketingExpenses": 0,
    "sellingGeneralAndAdministrativeExpenses": 444687,
    "otherExpenses": 42499,
    "operatingExpenses": 487186,
    "costAndExpenses": 1041593,
    "interestIncome": 0,
    "interestExpense": 101834,
    "depreciationAndAmortization": 42499,
    "ebitda": 207237,
    "ebitdaratio": 0.1717911585,
    "operatingIncome": 122239,
    "operatingIncomeRatio": 0.1013312267,
    "totalOtherIncomeExpensesNet": -59335,
    "incomeBeforeTax": 62904,
    "incomeBeforeTaxRatio": 0.0521448922,
    "incomeTaxExpense": 25266,
    "netIncome": 37638,
    "netIncomeRatio": 0.0312003919,
    "eps": 0.0017,
    "epsdiluted": 0.0017,
    "weightedAverageShsOut": 18129048,
    "weightedAverageShsOutDil": 19883604,
    "link": "https://www.sec.gov/Archives/edgar/data/1069183/000095015301500683/0000950153-01-500683-index.htm",
    "finalLink": "https://www.sec.gov/Archives/edgar/data/1069183/000095015301500683/p65242e10qsb.htm"
  }
]