[
  {
    "date": "2025-06-30",
    "symbol": "AXP",
    "reportedCurrency": "USD",
    "cik": "0000004962",
    "fillingDate": "2025-07-18",
    "acceptedDate": "2025-07-18 12:40:32",
    "calendarYear": "2025",
    "period": "Q2",
    "revenue": 19933000000,
    "costOfRevenue": 3482000000,
    "grossProfit": 16451000000,
    "grossProfitRatio": 0.8253148046,
    "researchAndDevelopmentExpenses": 0,
    "generalAndAdministrativeExpenses": 2152000000,
    "sellingAndMarketingExpenses": 1555000000,
    "sellingGeneralAndAdministrativeExpenses": 3707000000,
    "otherExpenses": 9194000000,
    "operatingExpenses": 12901000000,
    "costAndExpenses": 16383000000,
    "interestIncome": 6264000000,
    "interestExpense": 2077000000,
    "depreciationAndAmortization": 427000000,
    "ebitda": 3977000000,
    "ebitdaratio": 0.1995183866,
    "operatingIncome": 3550000000,
    "operatingIncomeRatio": 0.1780966237,
    "totalOtherIncomeExpensesNet": 0,
    "incomeBeforeTax": 3550000000,
    "incomeBeforeTaxRatio": 0.1780966237,
    "incomeTaxExpense": 665000000,
    "netIncome": 2885000000,
    "netIncomeRatio": 0.1447348618,
    "eps": 4.09,
    "epsdiluted": 4.08,
    "weightedAverageShsOut": 698000000,
    "weightedAverageShsOutDil": 699000000,
    "link": "https://www.sec.gov/Archives/edgar/data/4962/000000496225000083/0000004962-25-000083-index.htm",
    "finalLink": "https://www.sec.gov/Archives/edgar/data/4962/000000496225000083/axp-20250630.htm"
  },
  {
    "date": "2025-03-31",
    "symbol": "AXP",
    "reportedCurrency": "USD",
    "cik": "0000004962",
    "fillingDate": "2025-04-18",
    "acceptedDate": "2025-04-18 12:21:54",
    "calendarYear": "2025",
    "period": "Q1",
    "revenue": 18933000000,
    "costOfRevenue": 3116000000,
    "grossProfit": 15817000000,
    "grossProfitRatio": 0.8354196377,
    "researchAndDevelopmentExpenses": 0,
    "generalAndAdministrativeExpenses": 2120000000,
    "sellingAndMarketingExpenses": 1486000000,
    "sellingGeneralAndAdministrativeExpenses": 3606000000,
    "otherExpenses": 8881000000,
    "operatingExpenses": 12487000000,
    "costAndExpenses": 15603000000,
    "interestIncome": 6135000000,
    "interestExpense": 1966000000,
    "depreciationAndAmortization": 433000000,
    "ebitda": 3763000000,
    "ebitdaratio": 0.1987534992,
    "operatingIncome": 3330000000,
    "operatingIncomeRatio": 0.1758833782,
    "totalOtherIncomeExpensesNet": 0,
    "incomeBeforeTax": 3330000000,
    "incomeBeforeTaxRatio": 0.1758833782,
    "incomeTaxExpense": 746000000,
    "netIncome": 2584000000,
    "netIncomeRatio": 0.1364812761,
    "eps": 3.64,
    "epsdiluted": 3.64,
    "weightedAverageShsOut": 701000000,
    "weightedAverageShsOutDil": 702000000,
    "link": "https://www.sec.gov/Archives/edgar/data/4962/000000496225000045/0000004962-25-000045-index.htm",
    "finalLink": "https://www.sec.gov/Archives/edgar/data/4962/000000496225000045/axp-20250331.htm"
  },
  {
    "date": "2024-12-31",
    "symbol": "AXP",
    "reportedCurrency": "USD",
    "cik": "0000004962",
    "fillingDate": "2025-02-07",
    "acceptedDate": "2025-02-07 14:10:04",
    "calendarYear": "2024",
    "period": "Q4",
    "revenue": 19218000000,
    "costOfRevenue": 3331000000,
    "grossProfit": 15887000000,
    "grossProfitRatio": 0.8266729108,
    "researchAndDevelopmentExpenses": 0,
    "generalAndAdministrativeExpenses": 2102000000,
    "sellingAndMarketingExpenses": 1614000000,
    "sellingGeneralAndAdministrativeExpenses": 3716000000,
    "otherExpenses": 9415000000,
    "operatingExpenses": 13131000000,
    "costAndExpenses": 16462000000,
    "interestIncome": 6077000000,
    "interestExpense": 2039000000,
    "depreciationAndAmortization": 428000000,
    "ebitda": 3184000000,
    "ebitdaratio": 0.1656780102,
    "operatingIncome": 2756000000,
    "operatingIncomeRatio": 0.1434072224,
    "totalOtherIncomeExpensesNet": 0,
    "incomeBeforeTax": 2756000000,
    "incomeBeforeTaxRatio": 0.1434072224,
    "incomeTaxExpense": 586000000,
    "netIncome": 2170000000,
    "netIncomeRatio": 0.1129149755,
    "eps": 2.99,
    "epsdiluted": 3.04,
    "weightedAverageShsOut": 704000000,
    "weightedAverageShsOutDil": 704000000,
    "link": "https://www.sec.gov/Archives/edgar/data/4962/000000496225000016/0000004962-25-000016-index.htm",
    "finalLink": "https://www.sec.gov/Archives/edgar/data/4962/000000496225000016/axp-20241231.htm"
  },
  {
    "date": "2024-09-30",
    "symbol": "AXP",
    "reportedCurrency": "USD",
    "cik": "0000004962",
    "fillingDate": "2024-10-18",
    "acceptedDate": "2024-10-18 15:10:16",
    "calendarYear": "2024",
    "period": "Q3",
    "revenue": 18779000000,
    "costOfRevenue": 3499000000,
    "grossProfit": 15280000000,
    "grossProfitRatio": 0.8136748496,
    "researchAndDevelopmentExpenses": 0,
    "generalAndAdministrativeExpenses": 2049000000,
    "sellingAndMarketingExpenses": 1470000000,
    "sellingGeneralAndAdministrativeExpenses": 3519000000,
    "otherExpenses": 8557000000,
    "operatingExpenses": 12076000000,
    "costAndExpenses": 15575000000,
    "interestIncome": 6149000000,
    "interestExpense": 2143000000,
    "depreciationAndAmortization": 437000000,
    "ebitda": 3641000000,
    "ebitdaratio": 0.1938867884,
    "operatingIncome": 3204000000,
    "operatingIncomeRatio": 0.1706161137,
    "totalOtherIncomeExpensesNet": 0,
    "incomeBeforeTax": 3204000000,
    "incomeBeforeTaxRatio": 0.1706161137,
    "incomeTaxExpense": 697000000,
    "netIncome": 2507000000,
    "netIncomeRatio": 0.1335001864,
    "eps": 3.49,
    "epsdiluted": 3.49,
    "weightedAverageShsOut": 708000000,
    "weightedAverageShsOutDil": 709000000,
    "link": "https://www.sec.gov/Archives/edgar/data/4962/000000496224000068/0000004962-24-000068-index.htm",
    "finalLink": "https://www.sec.gov/Archives/edgar/data/4962/000000496224000068/axp-20240930.htm"
  },
  {
    "date": "2024-06-30",
    "symbol": "AXP",
    "reportedCurrency": "USD",
    "cik": "0000004962",
    "fillingDate": "2024-07-19",
    "acceptedDate": "2024-07-19 13:18:53",
    "calendarYear": "2024",
    "period": "Q2",
    "revenue": 18397000000,
    "costOfRevenue": 3332000000,
    "grossProfit": 15065000000,
    "grossProfitRatio": 0.8188835136,
    "researchAndDevelopmentExpenses": 0,
    "generalAndAdministrativeExpenses": 1949000000,
    "sellingAndMarketingExpenses": 1480000000,
    "sellingGeneralAndAdministrativeExpenses": 3429000000,
    "otherExpenses": 7846000000,
    "operatingExpenses": 11275000000,
    "costAndExpenses": 14607000000,
    "interestIncome": 5794000000,
    "interestExpense": 2064000000,
    "depreciationAndAmortization": 421000000,
    "ebitda": 4211000000,
    "ebitdaratio": 0.2288960157,
    "operatingIncome": 3790000000,
    "operatingIncomeRatio": 0.2060118498,
    "totalOtherIncomeExpensesNet": 0,
    "incomeBeforeTax": 3790000000,
    "incomeBeforeTaxRatio": 0.2060118498,
    "incomeTaxExpense": 775000000,
    "netIncome": 3015000000,
    "netIncomeRatio": 0.1638854161,
    "eps": 4.16,
    "epsdiluted": 4.15,
    "weightedAverageShsOut": 716000000,
    "weightedAverageShsOutDil": 717000000,
    "link": "https://www.sec.gov/Archives/edgar/data/4962/000000496224000052/0000004962-24-000052-index.htm",
    "finalLink": "https://www.sec.gov/Archives/edgar/data/4962/000000496224000052/axp-20240630.htm"
  },
  {
    "date": "2024-03-31",
    "symbol": "AXP",
    "reportedCurrency": "USD",
    "cik": "0000004962",
    "fillingDate": "2024-04-19",
    "acceptedDate": "2024-04-19 10:58:03",
    "calendarYear": "2024",
    "period": "Q1",
    "revenue": 17807000000,
    "costOfRevenue": 3275000000,
    "grossProfit": 14532000000,
    "grossProfitRatio": 0.8160835626,
    "researchAndDevelopmentExpenses": 0,
    "generalAndAdministrativeExpenses": 2098000000,
    "sellingAndMarketingExpenses": 1476000000,
    "sellingGeneralAndAdministrativeExpenses": 3574000000,
    "otherExpenses": 7813000000,
    "operatingExpenses": 11387000000,
    "costAndExpenses": 14662000000,
    "interestIncome": 5775000000,
    "interestExpense": 2006000000,
    "depreciationAndAmortization": 390000000,
    "ebitda": 3535000000,
    "ebitdaratio": 0.198517437,
    "operatingIncome": 3145000000,
    "operatingIncomeRatio": 0.1766159376,
    "totalOtherIncomeExpensesNet": 0,
    "incomeBeforeTax": 3145000000,
    "incomeBeforeTaxRatio": 0.1766159376,
    "incomeTaxExpense": 708000000,
    "netIncome": 2437000000,
    "netIncomeRatio": 0.1368562925,
    "eps": 3.34,
    "epsdiluted": 3.33,
    "weightedAverageShsOut": 721000000,
    "weightedAverageShsOutDil": 722000000,
    "link": "https://www.sec.gov/Archives/edgar/data/4962/000000496224000031/0000004962-24-000031-index.htm",
    "finalLink": "https://www.sec.gov/Archives/edgar/data/4962/000000496224000031/axp-20240331.htm"
  },
  {
    "date": "2023-12-31",
    "symbol": "AXP",
    "reportedCurrency": "USD",
    "cik": "0000004962",
    "fillingDate": "2024-02-09",
    "acceptedDate": "2024-02-09 14:08:08",
    "calendarYear": "2023",
    "period": "Q4",
    "revenue": 17740000000,
    "costOfRevenue": 3385000000,
    "grossProfit": 14355000000,
    "grossProfitRatio": 0.8091882751,
    "researchAndDevelopmentExpenses": 0,
    "generalAndAdministrativeExpenses": 2131000000,
    "sellingAndMarketingExpenses": 1228000000,
    "sellingGeneralAndAdministrativeExpenses": 3359000000,
    "otherExpenses": 8484000000,
    "operatingExpenses": 11843000000,
    "costAndExpenses": 15228000000,
    "interestIncome": 5552000000,
    "interestExpense": 1948000000,
    "depreciationAndAmortization": 422000000,
    "ebitda": 2934000000,
    "ebitdaratio": 0.1653889515,
    "operatingIncome": 2512000000,
    "operatingIncomeRatio": 0.1416009019,
    "totalOtherIncomeExpensesNet": 0,
    "incomeBeforeTax": 2512000000,
    "incomeBeforeTaxRatio": 0.1416009019,
    "incomeTaxExpense": 579000000,
    "netIncome": 1933000000,
    "netIncomeRatio": 0.1089627959,
    "eps": 2.63,
    "epsdiluted": 2.62,
    "weightedAverageShsOut": 725000000,
    "weightedAverageShsOutDil": 726000000,
    "link": "https://www.sec.gov/Archives/edgar/data/4962/000000496224000013/0000004962-24-000013-index.htm",
    "finalLink": "https://www.sec.gov/Archives/edgar/data/4962/000000496224000013/axp-20231231.htm"
  },
  {
    "date": "2023-09-30",
    "symbol": "AXP",
    "reportedCurrency": "USD",
    "cik": "0000004962",
    "fillingDate": "2023-10-20",
    "acceptedDate": "2023-10-20 12:36:01",
    "calendarYear": "2023",
    "period": "Q3",
    "revenue": 17179000000,
    "costOfRevenue": 3031000000,
    "grossProfit": 14148000000,
    "grossProfitRatio": 0.8235636533,
    "researchAndDevelopmentExpenses": 0,
    "generalAndAdministrativeExpenses": 2047000000,
    "sellingAndMarketingExpenses": 1236000000,
    "sellingGeneralAndAdministrativeExpenses": 3283000000,
    "otherExpenses": 7765000000,
    "operatingExpenses": 11048000000,
    "costAndExpenses": 14079000000,
    "interestIncome": 5240000000,
    "interestExpense": 1798000000,
    "depreciationAndAmortization": 429000000,
    "ebitda": 3529000000,
    "ebitdaratio": 0.2054252285,
    "operatingIncome": 3100000000,
    "operatingIncomeRatio": 0.1804528785,
    "totalOtherIncomeExpensesNet": 0,
    "incomeBeforeTax": 3100000000,
    "incomeBeforeTaxRatio": 0.1804528785,
    "incomeTaxExpense": 649000000,
    "netIncome": 2451000000,
    "netIncomeRatio": 0.1426741952,
    "eps": 3.3,
    "epsdiluted": 3.3,
    "weightedAverageShsOut": 732000000,
    "weightedAverageShsOutDil": 733000000,
    "link": "https://www.sec.gov/Archives/edgar/data/4962/000000496223000038/0000004962-23-000038-index.htm",
    "finalLink": "https://www.sec.gov/Archives/edgar/data/4962/000000496223000038/axp-20230930.htm"
  },
  {
    "date": "2023-06-30",
    "symbol": "AXP",
    "reportedCurrency": "USD",
    "cik": "0000004962",
    "fillingDate": "2023-07-25",
    "acceptedDate": "2023-07-24 18:01:03",
    "calendarYear": "2023",
    "period": "Q2",
    "revenue": 16724000000,
    "costOfRevenue": 2868000000,
    "grossProfit": 13856000000,
    "grossProfitRatio": 0.8285099259,
    "researchAndDevelopmentExpenses": 0,
    "generalAndAdministrativeExpenses": 1875000000,
    "sellingAndMarketingExpenses": 1408000000,
    "sellingGeneralAndAdministrativeExpenses": 3283000000,
    "otherExpenses": 7839000000,
    "operatingExpenses": 11122000000,
    "costAndExpenses": 13990000000,
    "interestIncome": 4775000000,
    "interestExpense": 1670000000,
    "depreciationAndAmortization": 400000000,
    "ebitda": 3134000000,
    "ebitdaratio": 0.18739536,
    "operatingIncome": 2734000000,
    "operatingIncomeRatio": 0.1634776369,
    "totalOtherIncomeExpensesNet": 0,
    "incomeBeforeTax": 2734000000,
    "incomeBeforeTaxRatio": 0.1634776369,
    "incomeTaxExpense": 560000000,
    "netIncome": 2174000000,
    "netIncomeRatio": 0.1299928247,
    "eps": 2.89,
    "epsdiluted": 2.89,
    "weightedAverageShsOut": 740000000,
    "weightedAverageShsOutDil": 741000000,
    "link": "https://www.sec.gov/Archives/edgar/data/4962/000000496223000028/0000004962-23-000028-index.htm",
    "finalLink": "https://www.sec.gov/Archives/edgar/data/4962/000000496223000028/axp-20230630.htm"
  },
  {
    "date": "2023-03-31",
    "symbol": "AXP",
    "reportedCurrency": "USD",
    "cik": "0000004962",
    "fillingDate": "2023-04-21",
    "acceptedDate": "2023-04-21 13:28:58",
    "calendarYear": "2023",
    "period": "Q1",
    "revenue": 15714000000,
    "costOfRevenue": 2488000000,
    "grossProfit": 13226000000,
    "grossProfitRatio": 0.8416698485,
    "researchAndDevelopmentExpenses": 0,
    "generalAndAdministrativeExpenses": 2014000000,
    "sellingAndMarketingExpenses": 1341000000,
    "sellingGeneralAndAdministrativeExpenses": 3355000000,
    "otherExpenses": 7704000000,
    "operatingExpenses": 11059000000,
    "costAndExpenses": 13547000000,
    "interestIncome": 4416000000,
    "interestExpense": 1433000000,
    "depreciationAndAmortization": 400000000,
    "ebitda": 2567000000,
    "ebitdaratio": 0.1633575156,
    "operatingIncome": 2167000000,
    "operatingIncomeRatio": 0.1379025073,
    "totalOtherIncomeExpensesNet": 0,
    "incomeBeforeTax": 2167000000,
    "incomeBeforeTaxRatio": 0.1379025073,
    "incomeTaxExpense": 351000000,
    "netIncome": 1816000000,
    "netIncomeRatio": 0.1155657376,
    "eps": 2.41,
    "epsdiluted": 2.4,
    "weightedAverageShsOut": 743000000,
    "weightedAverageShsOutDil": 744000000,
    "link": "https://www.sec.gov/Archives/edgar/data/4962/000000496223000016/0000004962-23-000016-index.htm",
    "finalLink": "https://www.sec.gov/Archives/edgar/data/4962/000000496223000016/axp-20230331.htm"
  },
  {
    "date": "2022-12-31",
    "symbol": "AXP",
    "reportedCurrency": "USD",
    "cik": "0000004962",
    "fillingDate": "2023-02-10",
    "acceptedDate": "2023-02-10 15:21:14",
    "calendarYear": "2022",
    "period": "Q4",
    "revenue": 15149000000,
    "costOfRevenue": 2234000000,
    "grossProfit": 12915000000,
    "grossProfitRatio": 0.8525315202,
    "researchAndDevelopmentExpenses": 0,
    "generalAndAdministrativeExpenses": 2034000000,
    "sellingAndMarketingExpenses": 1274000000,
    "sellingGeneralAndAdministrativeExpenses": 3308000000,
    "otherExpenses": 7736000000,
    "operatingExpenses": 11044000000,
    "costAndExpenses": 13278000000,
    "interestIncome": 3965000000,
    "interestExpense": 1207000000,
    "depreciationAndAmortization": 418000000,
    "ebitda": 2289000000,
    "ebitdaratio": 0.1510990824,
    "operatingIncome": 1871000000,
    "operatingIncomeRatio": 0.1235065021,
    "totalOtherIncomeExpensesNet": 0,
    "incomeBeforeTax": 1871000000,
    "incomeBeforeTaxRatio": 0.1235065021,
    "incomeTaxExpense": 299000000,
    "netIncome": 1572000000,
    "netIncomeRatio": 0.1037692257,
    "eps": 2.08,
    "epsdiluted": 2.07,
    "weightedAverageShsOut": 745000000,
    "weightedAverageShsOutDil": 746000000,
    "link": "https://www.sec.gov/Archives/edgar/data/4962/000000496223000006/0000004962-23-000006-index.htm",
    "finalLink": "https://www.sec.gov/Archives/edgar/data/4962/000000496223000006/axp-20221231.htm"
  },
  {
    "date": "2022-09-30",
    "symbol": "AXP",
    "reportedCurrency": "USD",
    "cik": "0000004962",
    "fillingDate": "2022-10-21",
    "acceptedDate": "2022-10-21 13:36:15",
    "calendarYear": "2022",
    "period": "Q3",
    "revenue": 14305000000,
    "costOfRevenue": 1574000000,
    "grossProfit": 12731000000,
    "grossProfitRatio": 0.8899685425,
    "researchAndDevelopmentExpenses": 0,
    "generalAndAdministrativeExpenses": 1748000000,
    "sellingAndMarketingExpenses": 1458000000,
    "sellingGeneralAndAdministrativeExpenses": 3206000000,
    "otherExpenses": 7066000000,
    "operatingExpenses": 10272000000,
    "costAndExpenses": 11846000000,
    "interestIncome": 3374000000,
    "interestExpense": 796000000,
    "depreciationAndAmortization": 413000000,
    "ebitda": 2872000000,
    "ebitdaratio": 0.2007689619,
    "operatingIncome": 2459000000,
    "operatingIncomeRatio": 0.1718979378,
    "totalOtherIncomeExpensesNet": 0,
    "incomeBeforeTax": 2459000000,
    "incomeBeforeTaxRatio": 0.1718979378,
    "incomeTaxExpense": 580000000,
    "netIncome": 1879000000,
    "netIncomeRatio": 0.1313526739,
    "eps": 2.47,
    "epsdiluted": 2.47,
    "weightedAverageShsOut": 748000000,
    "weightedAverageShsOutDil": 749000000,
    "link": "https://www.sec.gov/Archives/edgar/data/4962/000000496222000054/0000004962-22-000054-index.htm",
    "finalLink": "https://www.sec.gov/Archives/edgar/data/4962/000000496222000054/axp-20220930.htm"
  },
  {
    "date": "2022-06-30",
    "symbol": "AXP",
    "reportedCurrency": "USD",
    "cik": "0000004962",
    "fillingDate": "2022-07-22",
    "acceptedDate": "2022-07-22 12:34:27",
    "calendarYear": "2022",
    "period": "Q2",
    "revenue": 13824000000,
    "costOfRevenue": 849000000,
    "grossProfit": 12975000000,
    "grossProfitRatio": 0.9385850694,
    "researchAndDevelopmentExpenses": 0,
    "generalAndAdministrativeExpenses": 1816000000,
    "sellingAndMarketingExpenses": 1502000000,
    "sellingGeneralAndAdministrativeExpenses": 3318000000,
    "otherExpenses": 7114000000,
    "operatingExpenses": 10432000000,
    "costAndExpenses": 11281000000,
    "interestIncome": 2799000000,
    "interestExpense": 439000000,
    "depreciationAndAmortization": 397000000,
    "ebitda": 2940000000,
    "ebitdaratio": 0.2126736111,
    "operatingIncome": 2543000000,
    "operatingIncomeRatio": 0.1839554398,
    "totalOtherIncomeExpensesNet": 0,
    "incomeBeforeTax": 2543000000,
    "incomeBeforeTaxRatio": 0.1839554398,
    "incomeTaxExpense": 579000000,
    "netIncome": 1964000000,
    "netIncomeRatio": 0.1420717593,
    "eps": 2.57,
    "epsdiluted": 2.57,
    "weightedAverageShsOut": 752000000,
    "weightedAverageShsOutDil": 753000000,
    "link": "https://www.sec.gov/Archives/edgar/data/4962/000000496222000041/0000004962-22-000041-index.htm",
    "finalLink": "https://www.sec.gov/Archives/edgar/data/4962/000000496222000041/axp-20220630.htm"
  },
  {
    "date": "2022-03-31",
    "symbol": "AXP",
    "reportedCurrency": "USD",
    "cik": "0000004962",
    "fillingDate": "2022-04-22",
    "acceptedDate": "2022-04-22 13:54:24",
    "calendarYear": "2022",
    "period": "Q1",
    "revenue": 12045000000,
    "costOfRevenue": 288000000,
    "grossProfit": 11757000000,
    "grossProfitRatio": 0.9760896638,
    "researchAndDevelopmentExpenses": 0,
    "generalAndAdministrativeExpenses": 1654000000,
    "sellingAndMarketingExpenses": 1224000000,
    "sellingGeneralAndAdministrativeExpenses": 2878000000,
    "otherExpenses": 6167000000,
    "operatingExpenses": 9045000000,
    "costAndExpenses": 9333000000,
    "interestIncome": 2520000000,
    "interestExpense": 321000000,
    "depreciationAndAmortization": 398000000,
    "ebitda": 3110000000,
    "ebitdaratio": 0.2581984226,
    "operatingIncome": 2712000000,
    "operatingIncomeRatio": 0.2251556663,
    "totalOtherIncomeExpensesNet": 0,
    "incomeBeforeTax": 2712000000,
    "incomeBeforeTaxRatio": 0.2251556663,
    "incomeTaxExpense": 613000000,
    "netIncome": 2099000000,
    "netIncomeRatio": 0.1742631797,
    "eps": 2.73,
    "epsdiluted": 2.73,
    "weightedAverageShsOut": 757000000,
    "weightedAverageShsOutDil": 758000000,
    "link": "https://www.sec.gov/Archives/edgar/data/4962/000000496222000028/0000004962-22-000028-index.htm",
    "finalLink": "https://www.sec.gov/Archives/edgar/data/4962/000000496222000028/axp-20220331.htm"
  },
  {
    "date": "2021-12-31",
    "symbol": "AXP",
    "reportedCurrency": "USD",
    "cik": "0000004962",
    "fillingDate": "2022-02-11",
    "acceptedDate": "2022-02-11 15:42:21",
    "calendarYear": "2021",
    "period": "Q4",
    "revenue": 12431000000,
    "costOfRevenue": 345000000,
    "grossProfit": 12086000000,
    "grossProfitRatio": 0.9722468023,
    "researchAndDevelopmentExpenses": 0,
    "generalAndAdministrativeExpenses": 1654000000,
    "sellingAndMarketingExpenses": 2713000000,
    "sellingGeneralAndAdministrativeExpenses": 4367000000,
    "otherExpenses": 5413000000,
    "operatingExpenses": 9780000000,
    "costAndExpenses": 10125000000,
    "interestIncome": 2400000000,
    "interestExpense": 292000000,
    "depreciationAndAmortization": 419000000,
    "ebitda": 2725000000,
    "ebitdaratio": 0.2192100394,
    "operatingIncome": 2306000000,
    "operatingIncomeRatio": 0.185503982,
    "totalOtherIncomeExpensesNet": 0,
    "incomeBeforeTax": 2306000000,
    "incomeBeforeTaxRatio": 0.185503982,
    "incomeTaxExpense": 587000000,
    "netIncome": 1719000000,
    "netIncomeRatio": 0.1382833239,
    "eps": 2.24,
    "epsdiluted": 2.18,
    "weightedAverageShsOut": 786297000,
    "weightedAverageShsOutDil": 769000000,
    "link": "https://www.sec.gov/Archives/edgar/data/4962/000000496222000008/0000004962-22-000008-index.htm",
    "finalLink": "https://www.sec.gov/Archives/edgar/data/4962/000000496222000008/axp-20211231.htm"
  },
  {
    "date": "2021-09-30",
    "symbol": "AXP",
    "reportedCurrency": "USD",
    "cik": "0000004962",
    "fillingDate": "2021-10-22",
    "acceptedDate": "2021-10-22 14:59:47",
    "calendarYear": "2021",
    "period": "Q3",
    "revenue": 11377000000,
    "costOfRevenue": 116000000,
    "grossProfit": 11261000000,
    "grossProfitRatio": 0.9898039905,
    "researchAndDevelopmentExpenses": 0,
    "generalAndAdministrativeExpenses": 1497000000,
    "sellingAndMarketingExpenses": 1412000000,
    "sellingGeneralAndAdministrativeExpenses": 2909000000,
    "otherExpenses": 5902000000,
    "operatingExpenses": 8811000000,
    "costAndExpenses": 8927000000,
    "interestIncome": 2301000000,
    "interestExpense": 307000000,
    "depreciationAndAmortization": 442000000,
    "ebitda": 2892000000,
    "ebitdaratio": 0.2541970643,
    "operatingIncome": 2450000000,
    "operatingIncomeRatio": 0.2153467522,
    "totalOtherIncomeExpensesNet": 0,
    "incomeBeforeTax": 2450000000,
    "incomeBeforeTaxRatio": 0.2153467522,
    "incomeTaxExpense": 624000000,
    "netIncome": 1826000000,
    "netIncomeRatio": 0.1604992529,
    "eps": 2.27,
    "epsdiluted": 2.27,
    "weightedAverageShsOut": 804956000,
    "weightedAverageShsOutDil": 787000000,
    "link": "https://www.sec.gov/Archives/edgar/data/4962/000000496221000060/0000004962-21-000060-index.htm",
    "finalLink": "https://www.sec.gov/Archives/edgar/data/4962/000000496221000060/axp-20210930.htm"
  },
  {
    "date": "2021-06-30",
    "symbol": "AXP",
    "reportedCurrency": "USD",
    "cik": "0000004962",
    "fillingDate": "2021-07-23",
    "acceptedDate": "2021-07-23 12:05:06",
    "calendarYear": "2021",
    "period": "Q2",
    "revenue": 10813000000,
    "costOfRevenue": -284000000,
    "grossProfit": 11097000000,
    "grossProfitRatio": 1.0262646814,
    "researchAndDevelopmentExpenses": 0,
    "generalAndAdministrativeExpenses": 1539000000,
    "sellingAndMarketingExpenses": 1330000000,
    "sellingGeneralAndAdministrativeExpenses": 2869000000,
    "otherExpenses": 5288000000,
    "operatingExpenses": 8157000000,
    "costAndExpenses": 7873000000,
    "interestIncome": 2140000000,
    "interestExpense": 322000000,
    "depreciationAndAmortization": 412000000,
    "ebitda": 3352000000,
    "ebitdaratio": 0.3099972256,
    "operatingIncome": 2940000000,
    "operatingIncomeRatio": 0.2718949413,
    "totalOtherIncomeExpensesNet": 0,
    "incomeBeforeTax": 2940000000,
    "incomeBeforeTaxRatio": 0.2718949413,
    "incomeTaxExpense": 660000000,
    "netIncome": 2280000000,
    "netIncomeRatio": 0.2108573014,
    "eps": 2.81,
    "epsdiluted": 2.8,
    "weightedAverageShsOut": 801000000,
    "weightedAverageShsOutDil": 802000000,
    "link": "https://www.sec.gov/Archives/edgar/data/4962/000000496221000042/0000004962-21-000042-index.htm",
    "finalLink": "https://www.sec.gov/Archives/edgar/data/4962/000000496221000042/axp-20210630.htm"
  },
  {
    "date": "2021-03-31",
    "symbol": "AXP",
    "reportedCurrency": "USD",
    "cik": "0000004962",
    "fillingDate": "2021-04-23",
    "acceptedDate": "2021-04-23 12:23:33",
    "calendarYear": "2021",
    "period": "Q1",
    "revenue": 9810000000,
    "costOfRevenue": -313000000,
    "grossProfit": 10123000000,
    "grossProfitRatio": 1.0319062181,
    "researchAndDevelopmentExpenses": 0,
    "generalAndAdministrativeExpenses": 1550000000,
    "sellingAndMarketingExpenses": 964000000,
    "sellingGeneralAndAdministrativeExpenses": 2514000000,
    "otherExpenses": 4616000000,
    "operatingExpenses": 7130000000,
    "costAndExpenses": 6817000000,
    "interestIncome": 2192000000,
    "interestExpense": 362000000,
    "depreciationAndAmortization": 422000000,
    "ebitda": 3415000000,
    "ebitdaratio": 0.3481141692,
    "operatingIncome": 2993000000,
    "operatingIncomeRatio": 0.30509684,
    "totalOtherIncomeExpensesNet": 0,
    "incomeBeforeTax": 2993000000,
    "incomeBeforeTaxRatio": 0.30509684,
    "incomeTaxExpense": 758000000,
    "netIncome": 2235000000,
    "netIncomeRatio": 0.2278287462,
    "eps": 2.74,
    "epsdiluted": 2.74,
    "weightedAverageShsOut": 804000000,
    "weightedAverageShsOutDil": 805000000,
    "link": "https://www.sec.gov/Archives/edgar/data/4962/000000496221000028/0000004962-21-000028-index.htm",
    "finalLink": "https://www.sec.gov/Archives/edgar/data/4962/000000496221000028/axp-20210331.htm"
  },
  {
    "date": "2020-12-31",
    "symbol": "AXP",
    "reportedCurrency": "USD",
    "cik": "0000004962",
    "fillingDate": "2021-02-12",
    "acceptedDate": "2021-02-12 14:26:54",
    "calendarYear": "2020",
    "period": "Q4",
    "revenue": 9741000000,
    "costOfRevenue": 279000000,
    "grossProfit": 9462000000,
    "grossProfitRatio": 0.9713581768,
    "researchAndDevelopmentExpenses": 0,
    "generalAndAdministrativeExpenses": 1566000000,
    "sellingAndMarketingExpenses": 1858000000,
    "sellingGeneralAndAdministrativeExpenses": 3424000000,
    "otherExpenses": 4180000000,
    "operatingExpenses": 7604000000,
    "costAndExpenses": 7883000000,
    "interestIncome": 2287000000,
    "interestExpense": 390000000,
    "depreciationAndAmortization": 428000000,
    "ebitda": 2286000000,
    "ebitdaratio": 0.2346781645,
    "operatingIncome": 1858000000,
    "operatingIncomeRatio": 0.1907401704,
    "totalOtherIncomeExpensesNet": 0,
    "incomeBeforeTax": 1858000000,
    "incomeBeforeTaxRatio": 0.1907401704,
    "incomeTaxExpense": 420000000,
    "netIncome": 1438000000,
    "netIncomeRatio": 0.1476234473,
    "eps": 1.76,
    "epsdiluted": 1.76,
    "weightedAverageShsOut": 805000000,
    "weightedAverageShsOutDil": 806000000,
    "link": "https://www.sec.gov/Archives/edgar/data/4962/000000496221000013/0000004962-21-000013-index.htm",
    "finalLink": "https://www.sec.gov/Archives/edgar/data/4962/000000496221000013/axp-20201231.htm"
  },
  {
    "date": "2020-09-30",
    "symbol": "AXP",
    "reportedCurrency": "USD",
    "cik": "0000004962",
    "fillingDate": "2020-10-23",
    "acceptedDate": "2020-10-23 12:01:09",
    "calendarYear": "2020",
    "period": "Q3",
    "revenue": 9267000000,
    "costOfRevenue": 1115000000,
    "grossProfit": 8152000000,
    "grossProfitRatio": 0.879680587,
    "researchAndDevelopmentExpenses": 0,
    "generalAndAdministrativeExpenses": 1408000000,
    "sellingAndMarketingExpenses": 1822000000,
    "sellingGeneralAndAdministrativeExpenses": 3230000000,
    "otherExpenses": 3558000000,
    "operatingExpenses": 6788000000,
    "costAndExpenses": 7903000000,
    "interestIncome": 2324000000,
    "interestExpense": 450000000,
    "depreciationAndAmortization": 404000000,
    "ebitda": 1768000000,
    "ebitdaratio": 0.1907845042,
    "operatingIncome": 1364000000,
    "operatingIncomeRatio": 0.14718895,
    "totalOtherIncomeExpensesNet": 0,
    "incomeBeforeTax": 1364000000,
    "incomeBeforeTaxRatio": 0.14718895,
    "incomeTaxExpense": 291000000,
    "netIncome": 1073000000,
    "netIncomeRatio": 0.1157872019,
    "eps": 1.31,
    "epsdiluted": 1.3,
    "weightedAverageShsOut": 804000000,
    "weightedAverageShsOutDil": 805000000,
    "link": "https://www.sec.gov/Archives/edgar/data/4962/000000496220000098/0000004962-20-000098-index.htm",
    "finalLink": "https://www.sec.gov/Archives/edgar/data/4962/000000496220000098/axp-20200930.htm"
  },
  {
    "date": "2020-06-30",
    "symbol": "AXP",
    "reportedCurrency": "USD",
    "cik": "0000004962",
    "fillingDate": "2020-07-24",
    "acceptedDate": "2020-07-24 13:23:32",
    "calendarYear": "2020",
    "period": "Q2",
    "revenue": 8224000000,
    "costOfRevenue": 2097000000,
    "grossProfit": 6127000000,
    "grossProfitRatio": 0.7450145914,
    "researchAndDevelopmentExpenses": 0,
    "generalAndAdministrativeExpenses": 1349000000,
    "sellingAndMarketingExpenses": 1362000000,
    "sellingGeneralAndAdministrativeExpenses": 2711000000,
    "otherExpenses": 2794000000,
    "operatingExpenses": 5505000000,
    "costAndExpenses": 7602000000,
    "interestIncome": 2426000000,
    "interestExpense": 542000000,
    "depreciationAndAmortization": 374000000,
    "ebitda": 996000000,
    "ebitdaratio": 0.1211089494,
    "operatingIncome": 622000000,
    "operatingIncomeRatio": 0.0756322957,
    "totalOtherIncomeExpensesNet": 0,
    "incomeBeforeTax": 622000000,
    "incomeBeforeTaxRatio": 0.0756322957,
    "incomeTaxExpense": 365000000,
    "netIncome": 257000000,
    "netIncomeRatio": 0.03125,
    "eps": 0.29,
    "epsdiluted": 0.29,
    "weightedAverageShsOut": 804000000,
    "weightedAverageShsOutDil": 805000000,
    "link": "https://www.sec.gov/Archives/edgar/data/4962/000000496220000079/0000004962-20-000079-index.htm",
    "finalLink": "https://www.sec.gov/Archives/edgar/data/4962/000000496220000079/axp-20200630.htm"
  },
  {
    "date": "2020-03-31",
    "symbol": "AXP",
    "reportedCurrency": "USD",
    "cik": "0000004962",
    "fillingDate": "2020-04-24",
    "acceptedDate": "2020-04-24 15:51:23",
    "calendarYear": "2020",
    "period": "Q1",
    "revenue": 11041000000,
    "costOfRevenue": 3337000000,
    "grossProfit": 7704000000,
    "grossProfitRatio": 0.6977628838,
    "researchAndDevelopmentExpenses": 0,
    "generalAndAdministrativeExpenses": 1395000000,
    "sellingAndMarketingExpenses": 1705000000,
    "sellingGeneralAndAdministrativeExpenses": 3100000000,
    "otherExpenses": 4152000000,
    "operatingExpenses": 7252000000,
    "costAndExpenses": 10589000000,
    "interestIncome": 3046000000,
    "interestExpense": 716000000,
    "depreciationAndAmortization": 337000000,
    "ebitda": 789000000,
    "ebitdaratio": 0.0714609184,
    "operatingIncome": 452000000,
    "operatingIncomeRatio": 0.0409383208,
    "totalOtherIncomeExpensesNet": 0,
    "incomeBeforeTax": 452000000,
    "incomeBeforeTaxRatio": 0.0409383208,
    "incomeTaxExpense": 85000000,
    "netIncome": 367000000,
    "netIncomeRatio": 0.0332397428,
    "eps": 0.41,
    "epsdiluted": 0.41,
    "weightedAverageShsOut": 807000000,
    "weightedAverageShsOutDil": 808000000,
    "link": "https://www.sec.gov/Archives/edgar/data/4962/000000496220000054/0000004962-20-000054-index.htm",
    "finalLink": "https://www.sec.gov/Archives/edgar/data/4962/000000496220000054/axp-20200331.htm"
  },
  {
    "date": "2019-12-31",
    "symbol": "AXP",
    "reportedCurrency": "USD",
    "cik": "0000004962",
    "fillingDate": "2020-02-13",
    "acceptedDate": "2020-02-13 16:04:42",
    "calendarYear": "2019",
    "period": "Q4",
    "revenue": 12166000000,
    "costOfRevenue": 1825000000,
    "grossProfit": 10341000000,
    "grossProfitRatio": 0.8499917804,
    "researchAndDevelopmentExpenses": 0,
    "generalAndAdministrativeExpenses": 1623000000,
    "sellingAndMarketingExpenses": 1950000000,
    "sellingGeneralAndAdministrativeExpenses": 3573000000,
    "otherExpenses": 4782000000,
    "operatingExpenses": 8355000000,
    "costAndExpenses": 10180000000,
    "interestIncome": 3085000000,
    "interestExpense": 801000000,
    "depreciationAndAmortization": 305000000,
    "ebitda": 2291000000,
    "ebitdaratio": 0.1883116883,
    "operatingIncome": 1986000000,
    "operatingIncomeRatio": 0.1632418215,
    "totalOtherIncomeExpensesNet": 0,
    "incomeBeforeTax": 1986000000,
    "incomeBeforeTaxRatio": 0.1632418215,
    "incomeTaxExpense": 293000000,
    "netIncome": 1693000000,
    "netIncomeRatio": 0.13915831,
    "eps": 2.04,
    "epsdiluted": 2.03,
    "weightedAverageShsOut": 814000000,
    "weightedAverageShsOutDil": 816000000,
    "link": "https://www.sec.gov/Archives/edgar/data/4962/000000496220000030/0000004962-20-000030-index.htm",
    "finalLink": "https://www.sec.gov/Archives/edgar/data/4962/000000496220000030/axp-20191231.htm"
  },
  {
    "date": "2019-09-30",
    "symbol": "AXP",
    "reportedCurrency": "USD",
    "cik": "0000004962",
    "fillingDate": "2019-10-21",
    "acceptedDate": "2019-10-21 13:56:06",
    "calendarYear": "2019",
    "period": "Q3",
    "revenue": 11866000000,
    "costOfRevenue": 1756000000,
    "grossProfit": 10110000000,
    "grossProfitRatio": 0.8520141581,
    "researchAndDevelopmentExpenses": 0,
    "generalAndAdministrativeExpenses": 1499000000,
    "sellingAndMarketingExpenses": 1821000000,
    "sellingGeneralAndAdministrativeExpenses": 3320000000,
    "otherExpenses": 4524000000,
    "operatingExpenses": 7844000000,
    "costAndExpenses": 9600000000,
    "interestIncome": 3080000000,
    "interestExpense": 877000000,
    "depreciationAndAmortization": 300000000,
    "ebitda": 2566000000,
    "ebitdaratio": 0.2162481038,
    "operatingIncome": 2266000000,
    "operatingIncomeRatio": 0.1909657846,
    "totalOtherIncomeExpensesNet": 0,
    "incomeBeforeTax": 2266000000,
    "incomeBeforeTaxRatio": 0.1909657846,
    "incomeTaxExpense": 511000000,
    "netIncome": 1755000000,
    "netIncomeRatio": 0.1479015675,
    "eps": 2.09,
    "epsdiluted": 2.08,
    "weightedAverageShsOut": 825000000,
    "weightedAverageShsOutDil": 827000000,
    "link": "https://www.sec.gov/Archives/edgar/data/4962/000000496219000086/0000004962-19-000086-index.htm",
    "finalLink": "https://www.sec.gov/Archives/edgar/data/4962/000000496219000086/axp-20190930.htm"
  },
  {
    "date": "2019-06-30",
    "symbol": "AXP",
    "reportedCurrency": "USD",
    "cik": "0000004962",
    "fillingDate": "2019-07-23",
    "acceptedDate": "2019-07-23 15:55:11",
    "calendarYear": "2019",
    "period": "Q2",
    "revenue": 11729000000,
    "costOfRevenue": 1752000000,
    "grossProfit": 9977000000,
    "grossProfitRatio": 0.8506266519,
    "researchAndDevelopmentExpenses": 0,
    "generalAndAdministrativeExpenses": 1367000000,
    "sellingAndMarketingExpenses": 1776000000,
    "sellingGeneralAndAdministrativeExpenses": 3143000000,
    "otherExpenses": 4615000000,
    "operatingExpenses": 7758000000,
    "costAndExpenses": 9510000000,
    "interestIncome": 2965000000,
    "interestExpense": 891000000,
    "depreciationAndAmortization": 286000000,
    "ebitda": 2505000000,
    "ebitdaratio": 0.2135731946,
    "operatingIncome": 2219000000,
    "operatingIncomeRatio": 0.1891891892,
    "totalOtherIncomeExpensesNet": 0,
    "incomeBeforeTax": 2219000000,
    "incomeBeforeTaxRatio": 0.1891891892,
    "incomeTaxExpense": 458000000,
    "netIncome": 1761000000,
    "netIncomeRatio": 0.150140677,
    "eps": 2.07,
    "epsdiluted": 2.07,
    "weightedAverageShsOut": 834000000,
    "weightedAverageShsOutDil": 836000000,
    "link": "https://www.sec.gov/Archives/edgar/data/4962/000000496219000051/0000004962-19-000051-index.htm",
    "finalLink": "https://www.sec.gov/Archives/edgar/data/4962/000000496219000051/axpq21910q.htm"
  },
  {
    "date": "2019-03-31",
    "symbol": "AXP",
    "reportedCurrency": "USD",
    "cik": "0000004962",
    "fillingDate": "2019-04-23",
    "acceptedDate": "2019-04-23 12:49:32",
    "calendarYear": "2019",
    "period": "Q1",
    "revenue": 11259000000,
    "costOfRevenue": 1704000000,
    "grossProfit": 9555000000,
    "grossProfitRatio": 0.8486544098,
    "researchAndDevelopmentExpenses": 0,
    "generalAndAdministrativeExpenses": 1422000000,
    "sellingAndMarketingExpenses": 1575000000,
    "sellingGeneralAndAdministrativeExpenses": 2997000000,
    "otherExpenses": 4600000000,
    "operatingExpenses": 7597000000,
    "costAndExpenses": 9301000000,
    "interestIncome": 2954000000,
    "interestExpense": 895000000,
    "depreciationAndAmortization": 297000000,
    "ebitda": 2255000000,
    "ebitdaratio": 0.2002842171,
    "operatingIncome": 1958000000,
    "operatingIncomeRatio": 0.1739053202,
    "totalOtherIncomeExpensesNet": 0,
    "incomeBeforeTax": 1958000000,
    "incomeBeforeTaxRatio": 0.1739053202,
    "incomeTaxExpense": 408000000,
    "netIncome": 1550000000,
    "netIncomeRatio": 0.1376676437,
    "eps": 1.81,
    "epsdiluted": 1.8,
    "weightedAverageShsOut": 841000000,
    "weightedAverageShsOutDil": 843000000,
    "link": "https://www.sec.gov/Archives/edgar/data/4962/000000496219000031/0000004962-19-000031-index.htm",
    "finalLink": "https://www.sec.gov/Archives/edgar/data/4962/000000496219000031/axpq11910q.htm"
  },
  {
    "date": "2018-12-31",
    "symbol": "AXP",
    "reportedCurrency": "USD",
    "cik": "0000004962",
    "fillingDate": "2019-02-13",
    "acceptedDate": "2019-02-13 17:21:47",
    "calendarYear": "2018",
    "period": "Q4",
    "revenue": 11285000000,
    "costOfRevenue": 1788000000,
    "grossProfit": 9497000000,
    "grossProfitRatio": 0.8415595924,
    "researchAndDevelopmentExpenses": 0,
    "generalAndAdministrativeExpenses": 1459000000,
    "sellingAndMarketingExpenses": 1820000000,
    "sellingGeneralAndAdministrativeExpenses": 3279000000,
    "otherExpenses": 4387000000,
    "operatingExpenses": 7666000000,
    "costAndExpenses": 9454000000,
    "interestIncome": 2866000000,
    "interestExpense": 834000000,
    "depreciationAndAmortization": 286000000,
    "ebitda": 2117000000,
    "ebitdaratio": 0.1875941515,
    "operatingIncome": 1831000000,
    "operatingIncomeRatio": 0.1622507754,
    "totalOtherIncomeExpensesNet": 0,
    "incomeBeforeTax": 1831000000,
    "incomeBeforeTaxRatio": 0.1622507754,
    "incomeTaxExpense": -179000000,
    "netIncome": 2010000000,
    "netIncomeRatio": 0.1781125388,
    "eps": 2.33,
    "epsdiluted": 2.32,
    "weightedAverageShsOut": 850000000,
    "weightedAverageShsOutDil": 852000000,
    "link": "https://www.sec.gov/Archives/edgar/data/4962/000000496219000018/0000004962-19-000018-index.htm",
    "finalLink": "https://www.sec.gov/Archives/edgar/data/4962/000000496219000018/axp201810k.htm"
  },
  {
    "date": "2018-09-30",
    "symbol": "AXP",
    "reportedCurrency": "USD",
    "cik": "0000004962",
    "fillingDate": "2018-10-23",
    "acceptedDate": "2018-10-23 15:10:07",
    "calendarYear": "2018",
    "period": "Q3",
    "revenue": 10921000000,
    "costOfRevenue": 1594000000,
    "grossProfit": 9327000000,
    "grossProfitRatio": 0.8540426701,
    "researchAndDevelopmentExpenses": 0,
    "generalAndAdministrativeExpenses": 1350000000,
    "sellingAndMarketingExpenses": 1642000000,
    "sellingGeneralAndAdministrativeExpenses": 2992000000,
    "otherExpenses": 4217000000,
    "operatingExpenses": 7209000000,
    "costAndExpenses": 8803000000,
    "interestIncome": 2738000000,
    "interestExpense": 777000000,
    "depreciationAndAmortization": 322000000,
    "ebitda": 2440000000,
    "ebitdaratio": 0.2234227635,
    "operatingIncome": 2118000000,
    "operatingIncomeRatio": 0.193938284,
    "totalOtherIncomeExpensesNet": 0,
    "incomeBeforeTax": 2118000000,
    "incomeBeforeTaxRatio": 0.193938284,
    "incomeTaxExpense": 464000000,
    "netIncome": 1654000000,
    "netIncomeRatio": 0.1514513323,
    "eps": 1.89,
    "epsdiluted": 1.88,
    "weightedAverageShsOut": 858000000,
    "weightedAverageShsOutDil": 860000000,
    "link": "https://www.sec.gov/Archives/edgar/data/4962/000000496218000121/0000004962-18-000121-index.htm",
    "finalLink": "https://www.sec.gov/Archives/edgar/data/4962/000000496218000121/axpq31810q.htm"
  },
  {
    "date": "2018-06-30",
    "symbol": "AXP",
    "reportedCurrency": "USD",
    "cik": "0000004962",
    "fillingDate": "2018-07-24",
    "acceptedDate": "2018-07-24 16:07:50",
    "calendarYear": "2018",
    "period": "Q2",
    "revenue": 10713000000,
    "costOfRevenue": 1517000000,
    "grossProfit": 9196000000,
    "grossProfitRatio": 0.8583963409,
    "researchAndDevelopmentExpenses": 0,
    "generalAndAdministrativeExpenses": 1280000000,
    "sellingAndMarketingExpenses": 1663000000,
    "sellingGeneralAndAdministrativeExpenses": 2943000000,
    "otherExpenses": 4162000000,
    "operatingExpenses": 7105000000,
    "costAndExpenses": 8622000000,
    "interestIncome": 2540000000,
    "interestExpense": 711000000,
    "depreciationAndAmortization": 337000000,
    "ebitda": 2428000000,
    "ebitdaratio": 0.2266405302,
    "operatingIncome": 2091000000,
    "operatingIncomeRatio": 0.195183422,
    "totalOtherIncomeExpensesNet": 0,
    "incomeBeforeTax": 2091000000,
    "incomeBeforeTaxRatio": 0.195183422,
    "incomeTaxExpense": 468000000,
    "netIncome": 1623000000,
    "netIncomeRatio": 0.1514981798,
    "eps": 1.85,
    "epsdiluted": 1.84,
    "weightedAverageShsOut": 860000000,
    "weightedAverageShsOutDil": 862000000,
    "link": "https://www.sec.gov/Archives/edgar/data/4962/000000496218000095/0000004962-18-000095-index.htm",
    "finalLink": "https://www.sec.gov/Archives/edgar/data/4962/000000496218000095/axpq21810q.htm"
  },
  {
    "date": "2018-03-31",
    "symbol": "AXP",
    "reportedCurrency": "USD",
    "cik": "0000004962",
    "fillingDate": "2018-04-25",
    "acceptedDate": "2018-04-25 15:54:04",
    "calendarYear": "2018",
    "period": "Q1",
    "revenue": 10339000000,
    "costOfRevenue": 1396000000,
    "grossProfit": 8943000000,
    "grossProfitRatio": 0.8649772705,
    "researchAndDevelopmentExpenses": 0,
    "generalAndAdministrativeExpenses": 1326000000,
    "sellingAndMarketingExpenses": 1345000000,
    "sellingGeneralAndAdministrativeExpenses": 2671000000,
    "otherExpenses": 4190000000,
    "operatingExpenses": 6861000000,
    "costAndExpenses": 8257000000,
    "interestIncome": 2462000000,
    "interestExpense": 621000000,
    "depreciationAndAmortization": 348000000,
    "ebitda": 2430000000,
    "ebitdaratio": 0.2350324016,
    "operatingIncome": 2082000000,
    "operatingIncomeRatio": 0.2013734404,
    "totalOtherIncomeExpensesNet": 0,
    "incomeBeforeTax": 2082000000,
    "incomeBeforeTaxRatio": 0.2013734404,
    "incomeTaxExpense": 448000000,
    "netIncome": 1634000000,
    "netIncomeRatio": 0.1580423639,
    "eps": 1.86,
    "epsdiluted": 1.86,
    "weightedAverageShsOut": 859000000,
    "weightedAverageShsOutDil": 861000000,
    "link": "https://www.sec.gov/Archives/edgar/data/4962/000000496218000060/0000004962-18-000060-index.htm",
    "finalLink": "https://www.sec.gov/Archives/edgar/data/4962/000000496218000060/axpq11810q.htm"
  },
  {
    "date": "2017-12-31",
    "symbol": "AXP",
    "reportedCurrency": "USD",
    "cik": "0000004962",
    "fillingDate": "2018-02-16",
    "acceptedDate": "2018-02-16 16:54:58",
    "calendarYear": "2017",
    "period": "Q4",
    "revenue": 9419000000,
    "costOfRevenue": 1413000000,
    "grossProfit": 8006000000,
    "grossProfitRatio": 0.8499840747,
    "researchAndDevelopmentExpenses": 0,
    "generalAndAdministrativeExpenses": 1436000000,
    "sellingAndMarketingExpenses": 873000000,
    "sellingGeneralAndAdministrativeExpenses": 2309000000,
    "otherExpenses": 3876000000,
    "operatingExpenses": 6185000000,
    "costAndExpenses": 7598000000,
    "interestIncome": 2316000000,
    "interestExpense": 580000000,
    "depreciationAndAmortization": 368000000,
    "ebitda": 2189000000,
    "ebitdaratio": 0.2324025905,
    "operatingIncome": 1821000000,
    "operatingIncomeRatio": 0.1933326255,
    "totalOtherIncomeExpensesNet": 0,
    "incomeBeforeTax": 1821000000,
    "incomeBeforeTaxRatio": 0.1933326255,
    "incomeTaxExpense": 3018000000,
    "netIncome": -1197000000,
    "netIncomeRatio": -0.1270835545,
    "eps": -1.38,
    "epsdiluted": -1.38,
    "weightedAverageShsOut": 865000000,
    "weightedAverageShsOutDil": 865000000,
    "link": "https://www.sec.gov/Archives/edgar/data/4962/000000496218000032/0000004962-18-000032-index.htm",
    "finalLink": "https://www.sec.gov/Archives/edgar/data/4962/000000496218000032/axp201710k.htm"
  },
  {
    "date": "2017-09-30",
    "symbol": "AXP",
    "reportedCurrency": "USD",
    "cik": "0000004962",
    "fillingDate": "2017-10-24",
    "acceptedDate": "2017-10-24 13:20:11",
    "calendarYear": "2017",
    "period": "Q3",
    "revenue": 9858000000,
    "costOfRevenue": 1338000000,
    "grossProfit": 8520000000,
    "grossProfitRatio": 0.8642726719,
    "researchAndDevelopmentExpenses": 0,
    "generalAndAdministrativeExpenses": 1265000000,
    "sellingAndMarketingExpenses": 1446000000,
    "sellingGeneralAndAdministrativeExpenses": 2711000000,
    "otherExpenses": 3978000000,
    "operatingExpenses": 6689000000,
    "costAndExpenses": 8027000000,
    "interestIncome": 2245000000,
    "interestExpense": 568000000,
    "depreciationAndAmortization": 338000000,
    "ebitda": 2169000000,
    "ebitdaratio": 0.2200243457,
    "operatingIncome": 1831000000,
    "operatingIncomeRatio": 0.1857374721,
    "totalOtherIncomeExpensesNet": 0,
    "incomeBeforeTax": 1831000000,
    "incomeBeforeTaxRatio": 0.1857374721,
    "incomeTaxExpense": 472000000,
    "netIncome": 1359000000,
    "netIncomeRatio": 0.1378575776,
    "eps": 1.51,
    "epsdiluted": 1.5,
    "weightedAverageShsOut": 878000000,
    "weightedAverageShsOutDil": 881000000,
    "link": "https://www.sec.gov/Archives/edgar/data/4962/000000496217000105/0000004962-17-000105-index.htm",
    "finalLink": "https://www.sec.gov/Archives/edgar/data/4962/000000496217000105/axpq31710q.htm"
  },
  {
    "date": "2017-06-30",
    "symbol": "AXP",
    "reportedCurrency": "USD",
    "cik": "0000004962",
    "fillingDate": "2017-07-25",
    "acceptedDate": "2017-07-25 12:56:32",
    "calendarYear": "2017",
    "period": "Q2",
    "revenue": 9693000000,
    "costOfRevenue": 1104000000,
    "grossProfit": 8589000000,
    "grossProfitRatio": 0.8861033736,
    "researchAndDevelopmentExpenses": 0,
    "generalAndAdministrativeExpenses": 1293000000,
    "sellingAndMarketingExpenses": 1456000000,
    "sellingGeneralAndAdministrativeExpenses": 2749000000,
    "otherExpenses": 3883000000,
    "operatingExpenses": 6632000000,
    "costAndExpenses": 7736000000,
    "interestIncome": 2054000000,
    "interestExpense": 521000000,
    "depreciationAndAmortization": 319000000,
    "ebitda": 2276000000,
    "ebitdaratio": 0.2348086248,
    "operatingIncome": 1957000000,
    "operatingIncomeRatio": 0.2018982771,
    "totalOtherIncomeExpensesNet": 0,
    "incomeBeforeTax": 1957000000,
    "incomeBeforeTaxRatio": 0.2018982771,
    "incomeTaxExpense": 613000000,
    "netIncome": 1344000000,
    "netIncomeRatio": 0.1386567626,
    "eps": 1.47,
    "epsdiluted": 1.47,
    "weightedAverageShsOut": 890000000,
    "weightedAverageShsOutDil": 893000000,
    "link": "https://www.sec.gov/Archives/edgar/data/4962/000000496217000071/0000004962-17-000071-index.htm",
    "finalLink": "https://www.sec.gov/Archives/edgar/data/4962/000000496217000071/axpq21710q.htm"
  },
  {
    "date": "2017-03-31",
    "symbol": "AXP",
    "reportedCurrency": "USD",
    "cik": "0000004962",
    "fillingDate": "2017-04-27",
    "acceptedDate": "2017-04-27 15:12:48",
    "calendarYear": "2017",
    "period": "Q1",
    "revenue": 9152000000,
    "costOfRevenue": 1016000000,
    "grossProfit": 8136000000,
    "grossProfitRatio": 0.888986014,
    "researchAndDevelopmentExpenses": 0,
    "generalAndAdministrativeExpenses": 1264000000,
    "sellingAndMarketingExpenses": 1285000000,
    "sellingGeneralAndAdministrativeExpenses": 2549000000,
    "otherExpenses": 3748000000,
    "operatingExpenses": 6297000000,
    "costAndExpenses": 7313000000,
    "interestIncome": 1945000000,
    "interestExpense": 443000000,
    "depreciationAndAmortization": 296000000,
    "ebitda": 2135000000,
    "ebitdaratio": 0.2332823427,
    "operatingIncome": 1839000000,
    "operatingIncomeRatio": 0.2009396853,
    "totalOtherIncomeExpensesNet": 0,
    "incomeBeforeTax": 1839000000,
    "incomeBeforeTaxRatio": 0.2009396853,
    "incomeTaxExpense": 588000000,
    "netIncome": 1251000000,
    "netIncomeRatio": 0.1366914336,
    "eps": 1.34,
    "epsdiluted": 1.34,
    "weightedAverageShsOut": 899000000,
    "weightedAverageShsOutDil": 903000000,
    "link": "https://www.sec.gov/Archives/edgar/data/4962/000000496217000040/0000004962-17-000040-index.htm",
    "finalLink": "https://www.sec.gov/Archives/edgar/data/4962/000000496217000040/axpq11710q.htm"
  },
  {
    "date": "2016-12-31",
    "symbol": "AXP",
    "reportedCurrency": "USD",
    "cik": "0000004962",
    "fillingDate": "2017-02-17",
    "acceptedDate": "2017-02-17 11:45:00",
    "calendarYear": "2016",
    "period": "Q4",
    "revenue": 8435000000,
    "costOfRevenue": 1038000000,
    "grossProfit": 7397000000,
    "grossProfitRatio": 0.8769413159,
    "researchAndDevelopmentExpenses": 0,
    "generalAndAdministrativeExpenses": 1207000000,
    "sellingAndMarketingExpenses": 1205000000,
    "sellingGeneralAndAdministrativeExpenses": 2412000000,
    "otherExpenses": 3824000000,
    "operatingExpenses": 6236000000,
    "costAndExpenses": 7274000000,
    "interestIncome": 1821000000,
    "interestExpense": 413000000,
    "depreciationAndAmortization": 285000000,
    "ebitda": 1446000000,
    "ebitdaratio": 0.1714285714,
    "operatingIncome": 1161000000,
    "operatingIncomeRatio": 0.1376407825,
    "totalOtherIncomeExpensesNet": 0,
    "incomeBeforeTax": 1161000000,
    "incomeBeforeTaxRatio": 0.1376407825,
    "incomeTaxExpense": 336000000,
    "netIncome": 825000000,
    "netIncomeRatio": 0.0978067576,
    "eps": 0.88,
    "epsdiluted": 0.88,
    "weightedAverageShsOut": 910000000,
    "weightedAverageShsOutDil": 913000000,
    "link": "https://www.sec.gov/Archives/edgar/data/4962/000119312517047588/0001193125-17-047588-index.htm",
    "finalLink": "https://www.sec.gov/Archives/edgar/data/4962/000119312517047588/d321397d10k.htm"
  },
  {
    "date": "2016-09-30",
    "symbol": "AXP",
    "reportedCurrency": "USD",
    "cik": "0000004962",
    "fillingDate": "2016-10-25",
    "acceptedDate": "2016-10-25 15:42:00",
    "calendarYear": "2016",
    "period": "Q3",
    "revenue": 8204000000,
    "costOfRevenue": 934000000,
    "grossProfit": 7270000000,
    "grossProfitRatio": 0.8861530961,
    "researchAndDevelopmentExpenses": 0,
    "generalAndAdministrativeExpenses": 1263000000,
    "sellingAndMarketingExpenses": 930000000,
    "sellingGeneralAndAdministrativeExpenses": 2193000000,
    "otherExpenses": 3342000000,
    "operatingExpenses": 5535000000,
    "costAndExpenses": 6469000000,
    "interestIncome": 1764000000,
    "interestExpense": 430000000,
    "depreciationAndAmortization": 274000000,
    "ebitda": 2009000000,
    "ebitdaratio": 0.2448805461,
    "operatingIncome": 1735000000,
    "operatingIncomeRatio": 0.2114822038,
    "totalOtherIncomeExpensesNet": 0,
    "incomeBeforeTax": 1735000000,
    "incomeBeforeTaxRatio": 0.2114822038,
    "incomeTaxExpense": 593000000,
    "netIncome": 1142000000,
    "netIncomeRatio": 0.1392003901,
    "eps": 1.21,
    "epsdiluted": 1.2,
    "weightedAverageShsOut": 920000000,
    "weightedAverageShsOutDil": 923000000,
    "link": "https://www.sec.gov/Archives/edgar/data/4962/000119312516746492/0001193125-16-746492-index.htm",
    "finalLink": "https://www.sec.gov/Archives/edgar/data/4962/000119312516746492/d258419d10q.htm"
  },
  {
    "date": "2016-06-30",
    "symbol": "AXP",
    "reportedCurrency": "USD",
    "cik": "0000004962",
    "fillingDate": "2016-07-26",
    "acceptedDate": "2016-07-26 13:36:31",
    "calendarYear": "2016",
    "period": "Q2",
    "revenue": 9762000000,
    "costOfRevenue": 899000000,
    "grossProfit": 8863000000,
    "grossProfitRatio": 0.9079082155,
    "researchAndDevelopmentExpenses": 0,
    "generalAndAdministrativeExpenses": 1451000000,
    "sellingAndMarketingExpenses": 788000000,
    "sellingGeneralAndAdministrativeExpenses": 2239000000,
    "otherExpenses": 3608000000,
    "operatingExpenses": 5847000000,
    "costAndExpenses": 6746000000,
    "interestIncome": 1885000000,
    "interestExpense": 436000000,
    "depreciationAndAmortization": 275000000,
    "ebitda": 3291000000,
    "ebitdaratio": 0.3371235403,
    "operatingIncome": 3016000000,
    "operatingIncomeRatio": 0.3089530834,
    "totalOtherIncomeExpensesNet": 0,
    "incomeBeforeTax": 3016000000,
    "incomeBeforeTaxRatio": 0.3089530834,
    "incomeTaxExpense": 1001000000,
    "netIncome": 2015000000,
    "netIncomeRatio": 0.2064126204,
    "eps": 2.11,
    "epsdiluted": 2.1,
    "weightedAverageShsOut": 938000000,
    "weightedAverageShsOutDil": 941000000,
    "link": "https://www.sec.gov/Archives/edgar/data/4962/000119312516657869/0001193125-16-657869-index.htm",
    "finalLink": "https://www.sec.gov/Archives/edgar/data/4962/000119312516657869/d218447d10q.htm"
  },
  {
    "date": "2016-03-31",
    "symbol": "AXP",
    "reportedCurrency": "USD",
    "cik": "0000004962",
    "fillingDate": "2016-04-27",
    "acceptedDate": "2016-04-27 14:28:56",
    "calendarYear": "2016",
    "period": "Q1",
    "revenue": 8640000000,
    "costOfRevenue": 859000000,
    "grossProfit": 7781000000,
    "grossProfitRatio": 0.9005787037,
    "researchAndDevelopmentExpenses": 0,
    "generalAndAdministrativeExpenses": 1338000000,
    "sellingAndMarketingExpenses": 727000000,
    "sellingGeneralAndAdministrativeExpenses": 2065000000,
    "otherExpenses": 3532000000,
    "operatingExpenses": 5597000000,
    "costAndExpenses": 6456000000,
    "interestIncome": 2005000000,
    "interestExpense": 425000000,
    "depreciationAndAmortization": 261000000,
    "ebitda": 2445000000,
    "ebitdaratio": 0.2829861111,
    "operatingIncome": 2184000000,
    "operatingIncomeRatio": 0.2527777778,
    "totalOtherIncomeExpensesNet": 0,
    "incomeBeforeTax": 2184000000,
    "incomeBeforeTaxRatio": 0.2527777778,
    "incomeTaxExpense": 758000000,
    "netIncome": 1426000000,
    "netIncomeRatio": 0.1650462963,
    "eps": 1.45,
    "epsdiluted": 1.45,
    "weightedAverageShsOut": 961000000,
    "weightedAverageShsOutDil": 963000000,
    "link": "https://www.sec.gov/Archives/edgar/data/4962/000119312516558855/0001193125-16-558855-index.htm",
    "finalLink": "https://www.sec.gov/Archives/edgar/data/4962/000119312516558855/d172171d10q.htm"
  },
  {
    "date": "2015-12-31",
    "symbol": "AXP",
    "reportedCurrency": "USD",
    "cik": "0000004962",
    "fillingDate": "2016-02-19",
    "acceptedDate": "2016-02-19 14:36:25",
    "calendarYear": "2015",
    "period": "Q4",
    "revenue": 8730000000,
    "costOfRevenue": 972000000,
    "grossProfit": 7758000000,
    "grossProfitRatio": 0.8886597938,
    "researchAndDevelopmentExpenses": 0,
    "generalAndAdministrativeExpenses": 1429000000,
    "sellingAndMarketingExpenses": 892000000,
    "sellingGeneralAndAdministrativeExpenses": 2321000000,
    "otherExpenses": 4203000000,
    "operatingExpenses": 6304000000,
    "costAndExpenses": 7276000000,
    "interestIncome": 1947000000,
    "interestExpense": 400000000,
    "depreciationAndAmortization": 263000000,
    "ebitda": 1717000000,
    "ebitdaratio": 0.1966781214,
    "operatingIncome": 1454000000,
    "operatingIncomeRatio": 0.1665521191,
    "totalOtherIncomeExpensesNet": 0,
    "incomeBeforeTax": 1454000000,
    "incomeBeforeTaxRatio": 0.1665521191,
    "incomeTaxExpense": 555000000,
    "netIncome": 899000000,
    "netIncomeRatio": 0.102978236,
    "eps": 0.89,
    "epsdiluted": 0.89,
    "weightedAverageShsOut": 977000000,
    "weightedAverageShsOutDil": 981000000,
    "link": "https://www.sec.gov/Archives/edgar/data/4962/000119312516469798/0001193125-16-469798-index.htm",
    "finalLink": "https://www.sec.gov/Archives/edgar/data/4962/000119312516469798/d131774d10k.htm"
  },
  {
    "date": "2015-09-30",
    "symbol": "AXP",
    "reportedCurrency": "USD",
    "cik": "0000004962",
    "fillingDate": "2015-10-28",
    "acceptedDate": "2015-10-28 14:30:03",
    "calendarYear": "2015",
    "period": "Q3",
    "revenue": 8592000000,
    "costOfRevenue": 928000000,
    "grossProfit": 7664000000,
    "grossProfitRatio": 0.8919925512,
    "researchAndDevelopmentExpenses": 0,
    "generalAndAdministrativeExpenses": 1212000000,
    "sellingAndMarketingExpenses": 847000000,
    "sellingGeneralAndAdministrativeExpenses": 2059000000,
    "otherExpenses": 3667000000,
    "operatingExpenses": 5726000000,
    "costAndExpenses": 6654000000,
    "interestIncome": 1904000000,
    "interestExpense": 399000000,
    "depreciationAndAmortization": 266000000,
    "ebitda": 2204000000,
    "ebitdaratio": 0.2565176909,
    "operatingIncome": 1938000000,
    "operatingIncomeRatio": 0.2255586592,
    "totalOtherIncomeExpensesNet": 0,
    "incomeBeforeTax": 1938000000,
    "incomeBeforeTaxRatio": 0.2255586592,
    "incomeTaxExpense": 672000000,
    "netIncome": 1266000000,
    "netIncomeRatio": 0.1473463687,
    "eps": 1.24,
    "epsdiluted": 1.24,
    "weightedAverageShsOut": 994000000,
    "weightedAverageShsOutDil": 997000000,
    "link": "https://www.sec.gov/Archives/edgar/data/4962/000119312515356064/0001193125-15-356064-index.htm",
    "finalLink": "https://www.sec.gov/Archives/edgar/data/4962/000119312515356064/d20866d10q.htm"
  },
  {
    "date": "2015-06-30",
    "symbol": "AXP",
    "reportedCurrency": "USD",
    "cik": "0000004962",
    "fillingDate": "2015-07-29",
    "acceptedDate": "2015-07-29 13:06:38",
    "calendarYear": "2015",
    "period": "Q2",
    "revenue": 8698000000,
    "costOfRevenue": 881000000,
    "grossProfit": 7817000000,
    "grossProfitRatio": 0.8987123477,
    "researchAndDevelopmentExpenses": 0,
    "generalAndAdministrativeExpenses": 1250000000,
    "sellingAndMarketingExpenses": 761000000,
    "sellingGeneralAndAdministrativeExpenses": 2011000000,
    "otherExpenses": 3576000000,
    "operatingExpenses": 5587000000,
    "costAndExpenses": 6468000000,
    "interestIncome": 1837000000,
    "interestExpense": 414000000,
    "depreciationAndAmortization": 263000000,
    "ebitda": 2493000000,
    "ebitdaratio": 0.2866176132,
    "operatingIncome": 2230000000,
    "operatingIncomeRatio": 0.2563807772,
    "totalOtherIncomeExpensesNet": 0,
    "incomeBeforeTax": 2230000000,
    "incomeBeforeTaxRatio": 0.2563807772,
    "incomeTaxExpense": 757000000,
    "netIncome": 1473000000,
    "netIncomeRatio": 0.1693492757,
    "eps": 1.43,
    "epsdiluted": 1.42,
    "weightedAverageShsOut": 1009000000,
    "weightedAverageShsOutDil": 1013000000,
    "link": "https://www.sec.gov/Archives/edgar/data/4962/000119312515267714/0001193125-15-267714-index.htm",
    "finalLink": "https://www.sec.gov/Archives/edgar/data/4962/000119312515267714/d80442d10q.htm"
  },
  {
    "date": "2015-03-31",
    "symbol": "AXP",
    "reportedCurrency": "USD",
    "cik": "0000004962",
    "fillingDate": "2015-04-29",
    "acceptedDate": "2015-04-29 12:02:17",
    "calendarYear": "2015",
    "period": "Q1",
    "revenue": 8360000000,
    "costOfRevenue": 830000000,
    "grossProfit": 7530000000,
    "grossProfitRatio": 0.9007177033,
    "researchAndDevelopmentExpenses": 0,
    "generalAndAdministrativeExpenses": 1305000000,
    "sellingAndMarketingExpenses": 609000000,
    "sellingGeneralAndAdministrativeExpenses": 1914000000,
    "otherExpenses": 3300000000,
    "operatingExpenses": 5214000000,
    "costAndExpenses": 6044000000,
    "interestIncome": 1857000000,
    "interestExpense": 410000000,
    "depreciationAndAmortization": 251000000,
    "ebitda": 2567000000,
    "ebitdaratio": 0.3070574163,
    "operatingIncome": 2316000000,
    "operatingIncomeRatio": 0.2770334928,
    "totalOtherIncomeExpensesNet": 0,
    "incomeBeforeTax": 2316000000,
    "incomeBeforeTaxRatio": 0.2770334928,
    "incomeTaxExpense": 791000000,
    "netIncome": 1525000000,
    "netIncomeRatio": 0.1824162679,
    "eps": 1.49,
    "epsdiluted": 1.48,
    "weightedAverageShsOut": 1019000000,
    "weightedAverageShsOutDil": 1023000000,
    "link": "https://www.sec.gov/Archives/edgar/data/4962/000119312515155393/0001193125-15-155393-index.htm",
    "finalLink": "https://www.sec.gov/Archives/edgar/data/4962/000119312515155393/d914131d10q.htm"
  },
  {
    "date": "2014-12-31",
    "symbol": "AXP",
    "reportedCurrency": "USD",
    "cik": "0000004962",
    "fillingDate": "2015-02-24",
    "acceptedDate": "2015-02-24 15:38:15",
    "calendarYear": "2014",
    "period": "Q4",
    "revenue": 8768000000,
    "costOfRevenue": 987000000,
    "grossProfit": 7781000000,
    "grossProfitRatio": 0.8874315693,
    "researchAndDevelopmentExpenses": 0,
    "generalAndAdministrativeExpenses": 1607000000,
    "sellingAndMarketingExpenses": 847000000,
    "sellingGeneralAndAdministrativeExpenses": 2494000000,
    "otherExpenses": 3062000000,
    "operatingExpenses": 5556000000,
    "costAndExpenses": 6543000000,
    "interestIncome": 1829000000,
    "interestExpense": 405000000,
    "depreciationAndAmortization": 248000000,
    "ebitda": 2473000000,
    "ebitdaratio": 0.2820483577,
    "operatingIncome": 2225000000,
    "operatingIncomeRatio": 0.2537636861,
    "totalOtherIncomeExpensesNet": 0,
    "incomeBeforeTax": 2225000000,
    "incomeBeforeTaxRatio": 0.2537636861,
    "incomeTaxExpense": 778000000,
    "netIncome": 1447000000,
    "netIncomeRatio": 0.1650319343,
    "eps": 1.4,
    "epsdiluted": 1.39,
    "weightedAverageShsOut": 1028000000,
    "weightedAverageShsOutDil": 1033000000,
    "link": "https://www.sec.gov/Archives/edgar/data/4962/000119312515059931/0001193125-15-059931-index.htm",
    "finalLink": "https://www.sec.gov/Archives/edgar/data/4962/000119312515059931/d862737d10k.htm"
  },
  {
    "date": "2014-09-30",
    "symbol": "AXP",
    "reportedCurrency": "USD",
    "cik": "0000004962",
    "fillingDate": "2014-10-28",
    "acceptedDate": "2014-10-28 15:58:38",
    "calendarYear": "2014",
    "period": "Q3",
    "revenue": 8723000000,
    "costOfRevenue": 908000000,
    "grossProfit": 7815000000,
    "grossProfitRatio": 0.8959073713,
    "researchAndDevelopmentExpenses": 0,
    "generalAndAdministrativeExpenses": 1290000000,
    "sellingAndMarketingExpenses": 783000000,
    "sellingGeneralAndAdministrativeExpenses": 2073000000,
    "otherExpenses": 3496000000,
    "operatingExpenses": 5569000000,
    "costAndExpenses": 6477000000,
    "interestIncome": 1815000000,
    "interestExpense": 420000000,
    "depreciationAndAmortization": 249000000,
    "ebitda": 2495000000,
    "ebitdaratio": 0.28602545,
    "operatingIncome": 2246000000,
    "operatingIncomeRatio": 0.2574802247,
    "totalOtherIncomeExpensesNet": 0,
    "incomeBeforeTax": 2246000000,
    "incomeBeforeTaxRatio": 0.2574802247,
    "incomeTaxExpense": 769000000,
    "netIncome": 1477000000,
    "netIncomeRatio": 0.1693224808,
    "eps": 1.41,
    "epsdiluted": 1.4,
    "weightedAverageShsOut": 1041000000,
    "weightedAverageShsOutDil": 1047000000,
    "link": "https://www.sec.gov/Archives/edgar/data/4962/000119312514384990/0001193125-14-384990-index.htm",
    "finalLink": "https://www.sec.gov/Archives/edgar/data/4962/000119312514384990/d808273d10q.htm"
  },
  {
    "date": "2014-06-30",
    "symbol": "AXP",
    "reportedCurrency": "USD",
    "cik": "0000004962",
    "fillingDate": "2014-07-30",
    "acceptedDate": "2014-07-30 16:22:40",
    "calendarYear": "2014",
    "period": "Q2",
    "revenue": 9074000000,
    "costOfRevenue": 932000000,
    "grossProfit": 8142000000,
    "grossProfitRatio": 0.8972889575,
    "researchAndDevelopmentExpenses": 0,
    "generalAndAdministrativeExpenses": 1658000000,
    "sellingAndMarketingExpenses": 959000000,
    "sellingGeneralAndAdministrativeExpenses": 2617000000,
    "otherExpenses": 3213000000,
    "operatingExpenses": 5830000000,
    "costAndExpenses": 6762000000,
    "interestIncome": 1759000000,
    "interestExpense": 443000000,
    "depreciationAndAmortization": 266000000,
    "ebitda": 2578000000,
    "ebitdaratio": 0.2841084417,
    "operatingIncome": 2312000000,
    "operatingIncomeRatio": 0.2547939167,
    "totalOtherIncomeExpensesNet": 0,
    "incomeBeforeTax": 2312000000,
    "incomeBeforeTaxRatio": 0.2547939167,
    "incomeTaxExpense": 783000000,
    "netIncome": 1529000000,
    "netIncomeRatio": 0.1685034164,
    "eps": 1.44,
    "epsdiluted": 1.43,
    "weightedAverageShsOut": 1052000000,
    "weightedAverageShsOutDil": 1058000000,
    "link": "https://www.sec.gov/Archives/edgar/data/4962/000119312514286961/0001193125-14-286961-index.htm",
    "finalLink": "https://www.sec.gov/Archives/edgar/data/4962/000119312514286961/d762725d10q.htm"
  },
  {
    "date": "2014-03-31",
    "symbol": "AXP",
    "reportedCurrency": "USD",
    "cik": "0000004962",
    "fillingDate": "2014-04-29",
    "acceptedDate": "2014-04-29 16:03:15",
    "calendarYear": "2014",
    "period": "Q1",
    "revenue": 8612000000,
    "costOfRevenue": 924000000,
    "grossProfit": 7688000000,
    "grossProfitRatio": 0.8927078495,
    "researchAndDevelopmentExpenses": 0,
    "generalAndAdministrativeExpenses": 1540000000,
    "sellingAndMarketingExpenses": 587000000,
    "sellingGeneralAndAdministrativeExpenses": 2127000000,
    "otherExpenses": 3353000000,
    "operatingExpenses": 5480000000,
    "costAndExpenses": 6404000000,
    "interestIncome": 1776000000,
    "interestExpense": 439000000,
    "depreciationAndAmortization": 249000000,
    "ebitda": 2457000000,
    "ebitdaratio": 0.285299582,
    "operatingIncome": 2208000000,
    "operatingIncomeRatio": 0.2563864375,
    "totalOtherIncomeExpensesNet": 0,
    "incomeBeforeTax": 2208000000,
    "incomeBeforeTaxRatio": 0.2563864375,
    "incomeTaxExpense": 776000000,
    "netIncome": 1432000000,
    "netIncomeRatio": 0.1662796098,
    "eps": 1.34,
    "epsdiluted": 1.33,
    "weightedAverageShsOut": 1060000000,
    "weightedAverageShsOutDil": 1067000000,
    "link": "https://www.sec.gov/Archives/edgar/data/4962/000119312514167067/0001193125-14-167067-index.htm",
    "finalLink": "https://www.sec.gov/Archives/edgar/data/4962/000119312514167067/d714342d10q.htm"
  },
  {
    "date": "2013-12-31",
    "symbol": "AXP",
    "reportedCurrency": "USD",
    "cik": "0000004962",
    "fillingDate": "2014-02-25",
    "acceptedDate": "2014-02-25 12:48:41",
    "calendarYear": "2013",
    "period": "Q4",
    "revenue": 9006000000,
    "costOfRevenue": 991000000,
    "grossProfit": 8015000000,
    "grossProfitRatio": 0.8899622474,
    "researchAndDevelopmentExpenses": 0,
    "generalAndAdministrativeExpenses": 1489000000,
    "sellingAndMarketingExpenses": 2714000000,
    "sellingGeneralAndAdministrativeExpenses": 4203000000,
    "otherExpenses": 1832000000,
    "operatingExpenses": 6035000000,
    "costAndExpenses": 7026000000,
    "interestIncome": 1782000000,
    "interestExpense": 463000000,
    "depreciationAndAmortization": 257000000,
    "ebitda": 2237000000,
    "ebitdaratio": 0.2483899622,
    "operatingIncome": 1980000000,
    "operatingIncomeRatio": 0.219853431,
    "totalOtherIncomeExpensesNet": 0,
    "incomeBeforeTax": 1980000000,
    "incomeBeforeTaxRatio": 0.219853431,
    "incomeTaxExpense": 672000000,
    "netIncome": 1308000000,
    "netIncomeRatio": 0.145236509,
    "eps": 1.22,
    "epsdiluted": 1.21,
    "weightedAverageShsOut": 1067000000,
    "weightedAverageShsOutDil": 1073000000,
    "link": "https://www.sec.gov/Archives/edgar/data/4962/000119312514066777/0001193125-14-066777-index.htm",
    "finalLink": "https://www.sec.gov/Archives/edgar/data/4962/000119312514066777/d656045d10k.htm"
  },
  {
    "date": "2013-09-30",
    "symbol": "AXP",
    "reportedCurrency": "USD",
    "cik": "0000004962",
    "fillingDate": "2013-10-29",
    "acceptedDate": "2013-10-29 15:59:17",
    "calendarYear": "2013",
    "period": "Q3",
    "revenue": 8785000000,
    "costOfRevenue": 903000000,
    "grossProfit": 7882000000,
    "grossProfitRatio": 0.8972111554,
    "researchAndDevelopmentExpenses": 0,
    "generalAndAdministrativeExpenses": 1544000000,
    "sellingAndMarketingExpenses": 2643000000,
    "sellingGeneralAndAdministrativeExpenses": 4187000000,
    "otherExpenses": 1691000000,
    "operatingExpenses": 5878000000,
    "costAndExpenses": 6677000000,
    "interestIncome": 1767000000,
    "interestExpense": 484000000,
    "depreciationAndAmortization": 266000000,
    "ebitda": 2270000000,
    "ebitdaratio": 0.2583949915,
    "operatingIncome": 2004000000,
    "operatingIncomeRatio": 0.228116107,
    "totalOtherIncomeExpensesNet": 0,
    "incomeBeforeTax": 2004000000,
    "incomeBeforeTaxRatio": 0.228116107,
    "incomeTaxExpense": 638000000,
    "netIncome": 1366000000,
    "netIncomeRatio": 0.1554923164,
    "eps": 1.26,
    "epsdiluted": 1.25,
    "weightedAverageShsOut": 1074000000,
    "weightedAverageShsOutDil": 1081000000,
    "link": "https://www.sec.gov/Archives/edgar/data/4962/000119312513415898/0001193125-13-415898-index.htm",
    "finalLink": "https://www.sec.gov/Archives/edgar/data/4962/000119312513415898/d600603d10q.htm"
  },
  {
    "date": "2013-06-30",
    "symbol": "AXP",
    "reportedCurrency": "USD",
    "cik": "0000004962",
    "fillingDate": "2013-07-29",
    "acceptedDate": "2013-07-29 17:18:14",
    "calendarYear": "2013",
    "period": "Q2",
    "revenue": 8737000000,
    "costOfRevenue": 1010000000,
    "grossProfit": 7727000000,
    "grossProfitRatio": 0.8843996795,
    "researchAndDevelopmentExpenses": 0,
    "generalAndAdministrativeExpenses": 1543000000,
    "sellingAndMarketingExpenses": 2580000000,
    "sellingGeneralAndAdministrativeExpenses": 4123000000,
    "otherExpenses": 1609000000,
    "operatingExpenses": 5732000000,
    "costAndExpenses": 6742000000,
    "interestIncome": 1694000000,
    "interestExpense": 492000000,
    "depreciationAndAmortization": 252000000,
    "ebitda": 2247000000,
    "ebitdaratio": 0.2571820991,
    "operatingIncome": 1995000000,
    "operatingIncomeRatio": 0.2283392469,
    "totalOtherIncomeExpensesNet": 0,
    "incomeBeforeTax": 1995000000,
    "incomeBeforeTaxRatio": 0.2283392469,
    "incomeTaxExpense": 590000000,
    "netIncome": 1405000000,
    "netIncomeRatio": 0.1608103468,
    "eps": 1.28,
    "epsdiluted": 1.27,
    "weightedAverageShsOut": 1090000000,
    "weightedAverageShsOutDil": 1097000000,
    "link": "https://www.sec.gov/Archives/edgar/data/4962/000119312513307673/0001193125-13-307673-index.htm",
    "finalLink": "https://www.sec.gov/Archives/edgar/data/4962/000119312513307673/d575832d10q.htm"
  },
  {
    "date": "2013-03-31",
    "symbol": "AXP",
    "reportedCurrency": "USD",
    "cik": "0000004962",
    "fillingDate": "2013-04-29",
    "acceptedDate": "2013-04-29 11:38:19",
    "calendarYear": "2013",
    "period": "Q1",
    "revenue": 8400000000,
    "costOfRevenue": 935000000,
    "grossProfit": 7465000000,
    "grossProfitRatio": 0.8886904762,
    "researchAndDevelopmentExpenses": 0,
    "generalAndAdministrativeExpenses": 1615000000,
    "sellingAndMarketingExpenses": 2330000000,
    "sellingGeneralAndAdministrativeExpenses": 3945000000,
    "otherExpenses": 1611000000,
    "operatingExpenses": 5556000000,
    "costAndExpenses": 6491000000,
    "interestIncome": 1762000000,
    "interestExpense": 519000000,
    "depreciationAndAmortization": 245000000,
    "ebitda": 2154000000,
    "ebitdaratio": 0.2564285714,
    "operatingIncome": 1909000000,
    "operatingIncomeRatio": 0.2272619048,
    "totalOtherIncomeExpensesNet": 0,
    "incomeBeforeTax": 1909000000,
    "incomeBeforeTaxRatio": 0.2272619048,
    "incomeTaxExpense": 629000000,
    "netIncome": 1280000000,
    "netIncomeRatio": 0.1523809524,
    "eps": 1.15,
    "epsdiluted": 1.15,
    "weightedAverageShsOut": 1099000000,
    "weightedAverageShsOutDil": 1106000000,
    "link": "https://www.sec.gov/Archives/edgar/data/4962/000119312513180601/0001193125-13-180601-index.htm",
    "finalLink": "https://www.sec.gov/Archives/edgar/data/4962/000119312513180601/d526492d10q.htm"
  },
  {
    "date": "2012-12-31",
    "symbol": "AXP",
    "reportedCurrency": "USD",
    "cik": "0000004962",
    "fillingDate": "2013-02-22",
    "acceptedDate": "2013-02-22 09:45:18",
    "calendarYear": "2012",
    "period": "Q4",
    "revenue": 8685000000,
    "costOfRevenue": 1182000000,
    "grossProfit": 7503000000,
    "grossProfitRatio": 0.8639032815,
    "researchAndDevelopmentExpenses": 0,
    "generalAndAdministrativeExpenses": 1910000000,
    "sellingAndMarketingExpenses": 2776000000,
    "sellingGeneralAndAdministrativeExpenses": 4686000000,
    "otherExpenses": 1888000000,
    "operatingExpenses": 6574000000,
    "costAndExpenses": 7756000000,
    "interestIncome": 1737000000,
    "interestExpense": 544000000,
    "depreciationAndAmortization": 240000000,
    "ebitda": 1169000000,
    "ebitdaratio": 0.1345998849,
    "operatingIncome": 929000000,
    "operatingIncomeRatio": 0.1069660334,
    "totalOtherIncomeExpensesNet": 0,
    "incomeBeforeTax": 929000000,
    "incomeBeforeTaxRatio": 0.1069660334,
    "incomeTaxExpense": 292000000,
    "netIncome": 637000000,
    "netIncomeRatio": 0.0733448474,
    "eps": 0.57,
    "epsdiluted": 0.56,
    "weightedAverageShsOut": 1110000000,
    "weightedAverageShsOutDil": 1116000000,
    "link": "https://www.sec.gov/Archives/edgar/data/4962/000119312513070554/0001193125-13-070554-index.htm",
    "finalLink": "https://www.sec.gov/Archives/edgar/data/4962/000119312513070554/d486442d10k.htm"
  },
  {
    "date": "2012-09-30",
    "symbol": "AXP",
    "reportedCurrency": "USD",
    "cik": "0000004962",
    "fillingDate": "2012-10-31",
    "acceptedDate": "2012-10-31 16:13:30",
    "calendarYear": "2012",
    "period": "Q3",
    "revenue": 8420000000,
    "costOfRevenue": 1037000000,
    "grossProfit": 7383000000,
    "grossProfitRatio": 0.8768408551,
    "researchAndDevelopmentExpenses": 0,
    "generalAndAdministrativeExpenses": 1516000000,
    "sellingAndMarketingExpenses": 2461000000,
    "sellingGeneralAndAdministrativeExpenses": 3977000000,
    "otherExpenses": 1536000000,
    "operatingExpenses": 5513000000,
    "costAndExpenses": 6550000000,
    "interestIncome": 1739000000,
    "interestExpense": 558000000,
    "depreciationAndAmortization": 244000000,
    "ebitda": 2114000000,
    "ebitdaratio": 0.2510688836,
    "operatingIncome": 1870000000,
    "operatingIncomeRatio": 0.2220902613,
    "totalOtherIncomeExpensesNet": 0,
    "incomeBeforeTax": 1870000000,
    "incomeBeforeTaxRatio": 0.2220902613,
    "incomeTaxExpense": 620000000,
    "netIncome": 1250000000,
    "netIncomeRatio": 0.148456057,
    "eps": 1.1,
    "epsdiluted": 1.09,
    "weightedAverageShsOut": 1126000000,
    "weightedAverageShsOutDil": 1132000000,
    "link": "https://www.sec.gov/Archives/edgar/data/4962/000119312512443821/0001193125-12-443821-index.htm",
    "finalLink": "https://www.sec.gov/Archives/edgar/data/4962/000119312512443821/d429609d10q.htm"
  },
  {
    "date": "2012-06-30",
    "symbol": "AXP",
    "reportedCurrency": "USD",
    "cik": "0000004962",
    "fillingDate": "2012-08-02",
    "acceptedDate": "2012-08-02 17:08:51",
    "calendarYear": "2012",
    "period": "Q2",
    "revenue": 8515000000,
    "costOfRevenue": 1011000000,
    "grossProfit": 7504000000,
    "grossProfitRatio": 0.88126835,
    "researchAndDevelopmentExpenses": 0,
    "generalAndAdministrativeExpenses": 1536000000,
    "sellingAndMarketingExpenses": 2415000000,
    "sellingGeneralAndAdministrativeExpenses": 3951000000,
    "otherExpenses": 1674000000,
    "operatingExpenses": 5625000000,
    "costAndExpenses": 6636000000,
    "interestIncome": 1671000000,
    "interestExpense": 550000000,
    "depreciationAndAmortization": 253000000,
    "ebitda": 2132000000,
    "ebitdaratio": 0.2503816794,
    "operatingIncome": 1879000000,
    "operatingIncomeRatio": 0.2206694069,
    "totalOtherIncomeExpensesNet": 0,
    "incomeBeforeTax": 1879000000,
    "incomeBeforeTaxRatio": 0.2206694069,
    "incomeTaxExpense": 540000000,
    "netIncome": 1339000000,
    "netIncomeRatio": 0.1572519084,
    "eps": 1.16,
    "epsdiluted": 1.15,
    "weightedAverageShsOut": 1145000000,
    "weightedAverageShsOutDil": 1152000000,
    "link": "https://www.sec.gov/Archives/edgar/data/4962/000119312512332179/0001193125-12-332179-index.htm",
    "finalLink": "https://www.sec.gov/Archives/edgar/data/4962/000119312512332179/d387264d10q.htm"
  },
  {
    "date": "2012-03-31",
    "symbol": "AXP",
    "reportedCurrency": "USD",
    "cik": "0000004962",
    "fillingDate": "2012-05-01",
    "acceptedDate": "2012-05-01 14:57:54",
    "calendarYear": "2012",
    "period": "Q1",
    "revenue": 8161000000,
    "costOfRevenue": 986000000,
    "grossProfit": 7175000000,
    "grossProfitRatio": 0.8791814729,
    "researchAndDevelopmentExpenses": 0,
    "generalAndAdministrativeExpenses": 1635000000,
    "sellingAndMarketingExpenses": 2292000000,
    "sellingGeneralAndAdministrativeExpenses": 3927000000,
    "otherExpenses": 1475000000,
    "operatingExpenses": 5402000000,
    "costAndExpenses": 6388000000,
    "interestIncome": 1707000000,
    "interestExpense": 574000000,
    "depreciationAndAmortization": 254000000,
    "ebitda": 2027000000,
    "ebitdaratio": 0.2483764245,
    "operatingIncome": 1773000000,
    "operatingIncomeRatio": 0.2172527876,
    "totalOtherIncomeExpensesNet": 0,
    "incomeBeforeTax": 1773000000,
    "incomeBeforeTaxRatio": 0.2172527876,
    "incomeTaxExpense": 517000000,
    "netIncome": 1256000000,
    "netIncomeRatio": 0.153902708,
    "eps": 1.07,
    "epsdiluted": 1.07,
    "weightedAverageShsOut": 1160000000,
    "weightedAverageShsOutDil": 1166000000,
    "link": "https://www.sec.gov/Archives/edgar/data/4962/000119312512200270/0001193125-12-200270-index.htm",
    "finalLink": "https://www.sec.gov/Archives/edgar/data/4962/000119312512200270/d339106d10q.htm"
  },
  {
    "date": "2011-12-31",
    "symbol": "AXP",
    "reportedCurrency": "USD",
    "cik": "0000004962",
    "fillingDate": "2012-02-24",
    "acceptedDate": "2012-02-24 12:34:57",
    "calendarYear": "2011",
    "period": "Q4",
    "revenue": 8317000000,
    "costOfRevenue": 984000000,
    "grossProfit": 7333000000,
    "grossProfitRatio": 0.8816881087,
    "researchAndDevelopmentExpenses": 0,
    "generalAndAdministrativeExpenses": 1537000000,
    "sellingAndMarketingExpenses": 2388000000,
    "sellingGeneralAndAdministrativeExpenses": 3925000000,
    "otherExpenses": 1660000000,
    "operatingExpenses": 5585000000,
    "costAndExpenses": 6569000000,
    "interestIncome": 1752000000,
    "interestExpense": 575000000,
    "depreciationAndAmortization": 185000000,
    "ebitda": 1933000000,
    "ebitdaratio": 0.2324155344,
    "operatingIncome": 1748000000,
    "operatingIncomeRatio": 0.210171937,
    "totalOtherIncomeExpensesNet": 0,
    "incomeBeforeTax": 1748000000,
    "incomeBeforeTaxRatio": 0.210171937,
    "incomeTaxExpense": 556000000,
    "netIncome": 1192000000,
    "netIncomeRatio": 0.143320909,
    "eps": 1.03,
    "epsdiluted": 1.02,
    "weightedAverageShsOut": 1160000000,
    "weightedAverageShsOutDil": 1166000000,
    "link": "https://www.sec.gov/Archives/edgar/data/4962/000119312512077400/0001193125-12-077400-index.htm",
    "finalLink": "https://www.sec.gov/Archives/edgar/data/4962/000119312512077400/d281394d10k.htm"
  },
  {
    "date": "2011-09-30",
    "symbol": "AXP",
    "reportedCurrency": "USD",
    "cik": "0000004962",
    "fillingDate": "2011-11-02",
    "acceptedDate": "2011-11-02 17:23:28",
    "calendarYear": "2011",
    "period": "Q3",
    "revenue": 8146000000,
    "costOfRevenue": 824000000,
    "grossProfit": 7322000000,
    "grossProfitRatio": 0.8988460594,
    "researchAndDevelopmentExpenses": 0,
    "generalAndAdministrativeExpenses": 1598000000,
    "sellingAndMarketingExpenses": 2511000000,
    "sellingGeneralAndAdministrativeExpenses": 4109000000,
    "otherExpenses": 1502000000,
    "operatingExpenses": 5611000000,
    "costAndExpenses": 6435000000,
    "interestIncome": 1688000000,
    "interestExpense": 575000000,
    "depreciationAndAmortization": 228000000,
    "ebitda": 1939000000,
    "ebitdaratio": 0.2380309354,
    "operatingIncome": 1711000000,
    "operatingIncomeRatio": 0.2100417383,
    "totalOtherIncomeExpensesNet": 0,
    "incomeBeforeTax": 1711000000,
    "incomeBeforeTaxRatio": 0.2100417383,
    "incomeTaxExpense": 476000000,
    "netIncome": 1235000000,
    "netIncomeRatio": 0.1516081512,
    "eps": 1.04,
    "epsdiluted": 1.03,
    "weightedAverageShsOut": 1175000000,
    "weightedAverageShsOutDil": 1181000000,
    "link": "https://www.sec.gov/Archives/edgar/data/4962/000095012311094420/0000950123-11-094420-index.htm",
    "finalLink": "https://www.sec.gov/Archives/edgar/data/4962/000095012311094420/y93235e10vq.htm"
  },
  {
    "date": "2011-06-30",
    "symbol": "AXP",
    "reportedCurrency": "USD",
    "cik": "0000004962",
    "fillingDate": "2011-08-03",
    "acceptedDate": "2011-08-03 16:38:45",
    "calendarYear": "2011",
    "period": "Q2",
    "revenue": 8195000000,
    "costOfRevenue": 934000000,
    "grossProfit": 7261000000,
    "grossProfitRatio": 0.8860280659,
    "researchAndDevelopmentExpenses": 0,
    "generalAndAdministrativeExpenses": 1595000000,
    "sellingAndMarketingExpenses": 2581000000,
    "sellingGeneralAndAdministrativeExpenses": 4176000000,
    "otherExpenses": 1320000000,
    "operatingExpenses": 5496000000,
    "costAndExpenses": 6430000000,
    "interestIncome": 1660000000,
    "interestExpense": 577000000,
    "depreciationAndAmortization": 278000000,
    "ebitda": 2043000000,
    "ebitdaratio": 0.2492983527,
    "operatingIncome": 1765000000,
    "operatingIncomeRatio": 0.2153752288,
    "totalOtherIncomeExpensesNet": 0,
    "incomeBeforeTax": 1765000000,
    "incomeBeforeTaxRatio": 0.2153752288,
    "incomeTaxExpense": 470000000,
    "netIncome": 1331000000,
    "netIncomeRatio": 0.1624161074,
    "eps": 1.11,
    "epsdiluted": 1.1,
    "weightedAverageShsOut": 1190000000,
    "weightedAverageShsOutDil": 1197000000,
    "link": "https://www.sec.gov/Archives/edgar/data/4962/000095012311072260/0000950123-11-072260-index.htm",
    "finalLink": "https://www.sec.gov/Archives/edgar/data/4962/000095012311072260/y92008te10vq.htm"
  },
  {
    "date": "2011-03-31",
    "symbol": "AXP",
    "reportedCurrency": "USD",
    "cik": "0000004962",
    "fillingDate": "2011-05-04",
    "acceptedDate": "2011-05-04 13:35:09",
    "calendarYear": "2011",
    "period": "Q1",
    "revenue": 7624000000,
    "costOfRevenue": 690000000,
    "grossProfit": 6934000000,
    "grossProfitRatio": 0.9094963274,
    "researchAndDevelopmentExpenses": 0,
    "generalAndAdministrativeExpenses": 1522000000,
    "sellingAndMarketingExpenses": 2450000000,
    "sellingGeneralAndAdministrativeExpenses": 3972000000,
    "otherExpenses": 1230000000,
    "operatingExpenses": 5202000000,
    "costAndExpenses": 5892000000,
    "interestIncome": 1663000000,
    "interestExpense": 593000000,
    "depreciationAndAmortization": 227000000,
    "ebitda": 1959000000,
    "ebitdaratio": 0.2569517314,
    "operatingIncome": 1732000000,
    "operatingIncomeRatio": 0.2271773347,
    "totalOtherIncomeExpensesNet": 0,
    "incomeBeforeTax": 1732000000,
    "incomeBeforeTaxRatio": 0.2271773347,
    "incomeTaxExpense": 555000000,
    "netIncome": 1177000000,
    "netIncomeRatio": 0.1543809024,
    "eps": 0.98,
    "epsdiluted": 0.97,
    "weightedAverageShsOut": 1192000000,
    "weightedAverageShsOutDil": 1198000000,
    "link": "https://www.sec.gov/Archives/edgar/data/4962/000095012311044479/0000950123-11-044479-index.htm",
    "finalLink": "https://www.sec.gov/Archives/edgar/data/4962/000095012311044479/y90330te10vq.htm"
  },
  {
    "date": "2010-12-31",
    "symbol": "AXP",
    "reportedCurrency": "USD",
    "cik": "0000004962",
    "fillingDate": "2011-02-28",
    "acceptedDate": "2011-02-25 21:38:38",
    "calendarYear": "2010",
    "period": "Q4",
    "revenue": 7747000000,
    "costOfRevenue": 844000000,
    "grossProfit": 6903000000,
    "grossProfitRatio": 0.8910546018,
    "researchAndDevelopmentExpenses": 0,
    "generalAndAdministrativeExpenses": -2805000000,
    "sellingAndMarketingExpenses": 6400000000,
    "sellingGeneralAndAdministrativeExpenses": 3595000000,
    "otherExpenses": 1831000000,
    "operatingExpenses": 5426000000,
    "costAndExpenses": 6270000000,
    "interestIncome": 1795000000,
    "interestExpense": 605000000,
    "depreciationAndAmortization": 228000000,
    "ebitda": 1705000000,
    "ebitdaratio": 0.2200851943,
    "operatingIncome": 1477000000,
    "operatingIncomeRatio": 0.1906544469,
    "totalOtherIncomeExpensesNet": 0,
    "incomeBeforeTax": 1477000000,
    "incomeBeforeTaxRatio": 0.1906544469,
    "incomeTaxExpense": 415000000,
    "netIncome": 1062000000,
    "netIncomeRatio": 0.1370853234,
    "eps": 0.89,
    "epsdiluted": 0.89,
    "weightedAverageShsOut": 1192000000,
    "weightedAverageShsOutDil": 1198000000,
    "link": "https://www.sec.gov/Archives/edgar/data/4962/000095012311019072/0000950123-11-019072-index.htm",
    "finalLink": "https://www.sec.gov/Archives/edgar/data/4962/000095012311019072/y87970e10vk.htm"
  },
  {
    "date": "2010-09-30",
    "symbol": "AXP",
    "reportedCurrency": "USD",
    "cik": "0000004962",
    "fillingDate": "2010-11-03",
    "acceptedDate": "2010-11-03 17:22:14",
    "calendarYear": "2010",
    "period": "Q3",
    "revenue": 7583000000,
    "costOfRevenue": 983000000,
    "grossProfit": 6600000000,
    "grossProfitRatio": 0.8703679283,
    "researchAndDevelopmentExpenses": 0,
    "generalAndAdministrativeExpenses": 1354000000,
    "sellingAndMarketingExpenses": 2275000000,
    "sellingGeneralAndAdministrativeExpenses": 3629000000,
    "otherExpenses": 1331000000,
    "operatingExpenses": 4960000000,
    "costAndExpenses": 5943000000,
    "interestIncome": 1794000000,
    "interestExpense": 610000000,
    "depreciationAndAmortization": 248000000,
    "ebitda": 1888000000,
    "ebitdaratio": 0.2489779771,
    "operatingIncome": 1640000000,
    "operatingIncomeRatio": 0.2162732428,
    "totalOtherIncomeExpensesNet": 0,
    "incomeBeforeTax": 1640000000,
    "incomeBeforeTaxRatio": 0.2162732428,
    "incomeTaxExpense": 547000000,
    "netIncome": 1093000000,
    "netIncomeRatio": 0.1441382039,
    "eps": 0.91,
    "epsdiluted": 0.9,
    "weightedAverageShsOut": 1193000000,
    "weightedAverageShsOutDil": 1199000000,
    "link": "https://www.sec.gov/Archives/edgar/data/4962/000095012310100214/0000950123-10-100214-index.htm",
    "finalLink": "https://www.sec.gov/Archives/edgar/data/4962/000095012310100214/y86865e10vq.htm"
  },
  {
    "date": "2010-06-30",
    "symbol": "AXP",
    "reportedCurrency": "USD",
    "cik": "0000004962",
    "fillingDate": "2010-08-05",
    "acceptedDate": "2010-08-04 21:45:58",
    "calendarYear": "2010",
    "period": "Q2",
    "revenue": 7415000000,
    "costOfRevenue": 1262000000,
    "grossProfit": 6153000000,
    "grossProfitRatio": 0.8298044504,
    "researchAndDevelopmentExpenses": 0,
    "generalAndAdministrativeExpenses": 1315000000,
    "sellingAndMarketingExpenses": 2143000000,
    "sellingGeneralAndAdministrativeExpenses": 3458000000,
    "otherExpenses": 1100000000,
    "operatingExpenses": 4558000000,
    "costAndExpenses": 5820000000,
    "interestIncome": 1798000000,
    "interestExpense": 610000000,
    "depreciationAndAmortization": 220000000,
    "ebitda": 1815000000,
    "ebitdaratio": 0.2447741065,
    "operatingIncome": 1595000000,
    "operatingIncomeRatio": 0.2151045179,
    "totalOtherIncomeExpensesNet": 0,
    "incomeBeforeTax": 1595000000,
    "incomeBeforeTaxRatio": 0.2151045179,
    "incomeTaxExpense": 578000000,
    "netIncome": 1017000000,
    "netIncomeRatio": 0.1371544167,
    "eps": 0.84,
    "epsdiluted": 0.84,
    "weightedAverageShsOut": 1185000000,
    "weightedAverageShsOutDil": 1197000000,
    "link": "https://www.sec.gov/Archives/edgar/data/4962/000095012310072749/0000950123-10-072749-index.htm",
    "finalLink": "https://www.sec.gov/Archives/edgar/data/4962/000095012310072749/c02607e10vq.htm"
  },
  {
    "date": "2010-03-31",
    "symbol": "AXP",
    "reportedCurrency": "USD",
    "cik": "0000004962",
    "fillingDate": "2010-05-05",
    "acceptedDate": "2010-05-05 17:06:53",
    "calendarYear": "2010",
    "period": "Q1",
    "revenue": 7158000000,
    "costOfRevenue": 1541000000,
    "grossProfit": 5617000000,
    "grossProfitRatio": 0.7847164012,
    "researchAndDevelopmentExpenses": 0,
    "generalAndAdministrativeExpenses": 1327000000,
    "sellingAndMarketingExpenses": 1987000000,
    "sellingGeneralAndAdministrativeExpenses": 3314000000,
    "otherExpenses": 1051000000,
    "operatingExpenses": 4365000000,
    "costAndExpenses": 5906000000,
    "interestIncome": 1905000000,
    "interestExpense": 598000000,
    "depreciationAndAmortization": 221000000,
    "ebitda": 1473000000,
    "ebitdaratio": 0.2057837385,
    "operatingIncome": 1252000000,
    "operatingIncomeRatio": 0.1749091925,
    "totalOtherIncomeExpensesNet": 0,
    "incomeBeforeTax": 1252000000,
    "incomeBeforeTaxRatio": 0.1749091925,
    "incomeTaxExpense": 367000000,
    "netIncome": 885000000,
    "netIncomeRatio": 0.1236378877,
    "eps": 0.74,
    "epsdiluted": 0.73,
    "weightedAverageShsOut": 1185000000,
    "weightedAverageShsOutDil": 1191000000,
    "link": "https://www.sec.gov/Archives/edgar/data/4962/000119312510109084/0001193125-10-109084-index.htm",
    "finalLink": "https://www.sec.gov/Archives/edgar/data/4962/000119312510109084/d10q.htm"
  },
  {
    "date": "2009-12-31",
    "symbol": "AXP",
    "reportedCurrency": "USD",
    "cik": "0000004962",
    "fillingDate": "2010-02-26",
    "acceptedDate": "2010-02-25 20:48:03",
    "calendarYear": "2009",
    "period": "Q4",
    "revenue": 6840000000,
    "costOfRevenue": 1120000000,
    "grossProfit": 5720000000,
    "grossProfitRatio": 0.8362573099,
    "researchAndDevelopmentExpenses": 0,
    "generalAndAdministrativeExpenses": 1196000000,
    "sellingAndMarketingExpenses": 2034000000,
    "sellingGeneralAndAdministrativeExpenses": 3230000000,
    "otherExpenses": 1529000000,
    "operatingExpenses": 4759000000,
    "costAndExpenses": 5879000000,
    "interestIncome": 1272000000,
    "interestExpense": 562000000,
    "depreciationAndAmortization": 293000000,
    "ebitda": 1254000000,
    "ebitdaratio": 0.1833333333,
    "operatingIncome": 961000000,
    "operatingIncomeRatio": 0.140497076,
    "totalOtherIncomeExpensesNet": 0,
    "incomeBeforeTax": 961000000,
    "incomeBeforeTaxRatio": 0.140497076,
    "incomeTaxExpense": 251000000,
    "netIncome": 716000000,
    "netIncomeRatio": 0.1046783626,
    "eps": 0.6,
    "epsdiluted": 0.6,
    "weightedAverageShsOut": 1185000000,
    "weightedAverageShsOutDil": 1191000000,
    "link": "https://www.sec.gov/Archives/edgar/data/4962/000119312510041232/0001193125-10-041232-index.htm",
    "finalLink": "https://www.sec.gov/Archives/edgar/data/4962/000119312510041232/d10k.htm"
  },
  {
    "date": "2009-09-30",
    "symbol": "AXP",
    "reportedCurrency": "USD",
    "cik": "0000004962",
    "fillingDate": "2009-10-30",
    "acceptedDate": "2009-10-30 16:27:04",
    "calendarYear": "2009",
    "period": "Q3",
    "revenue": 6559000000,
    "costOfRevenue": 1721000000,
    "grossProfit": 4838000000,
    "grossProfitRatio": 0.7376124409,
    "researchAndDevelopmentExpenses": 0,
    "generalAndAdministrativeExpenses": 2481000000,
    "sellingAndMarketingExpenses": 504000000,
    "sellingGeneralAndAdministrativeExpenses": 2985000000,
    "otherExpenses": 935000000,
    "operatingExpenses": 3920000000,
    "costAndExpenses": 5641000000,
    "interestIncome": 1297000000,
    "interestExpense": 543000000,
    "depreciationAndAmortization": 209000000,
    "ebitda": 1127000000,
    "ebitdaratio": 0.1718249733,
    "operatingIncome": 918000000,
    "operatingIncomeRatio": 0.1399603598,
    "totalOtherIncomeExpensesNet": 0,
    "incomeBeforeTax": 918000000,
    "incomeBeforeTaxRatio": 0.1399603598,
    "incomeTaxExpense": 276000000,
    "netIncome": 640000000,
    "netIncomeRatio": 0.09757585,
    "eps": 0.54,
    "epsdiluted": 0.53,
    "weightedAverageShsOut": 1178000000,
    "weightedAverageShsOutDil": 1181000000,
    "link": "https://www.sec.gov/Archives/edgar/data/4962/000119312509218953/0001193125-09-218953-index.htm",
    "finalLink": "https://www.sec.gov/Archives/edgar/data/4962/000119312509218953/d10q.htm"
  },
  {
    "date": "2009-06-30",
    "symbol": "AXP",
    "reportedCurrency": "USD",
    "cik": "0000004962",
    "fillingDate": "2009-08-03",
    "acceptedDate": "2009-08-03 16:29:37",
    "calendarYear": "2009",
    "period": "Q2",
    "revenue": 6639000000,
    "costOfRevenue": 2131000000,
    "grossProfit": 4508000000,
    "grossProfitRatio": 0.6790179244,
    "researchAndDevelopmentExpenses": 0,
    "generalAndAdministrativeExpenses": 2636000000,
    "sellingAndMarketingExpenses": 74000000,
    "sellingGeneralAndAdministrativeExpenses": 2988000000,
    "otherExpenses": 1102000000,
    "operatingExpenses": 4090000000,
    "costAndExpenses": 6221000000,
    "interestIncome": 1288000000,
    "interestExpense": 547000000,
    "depreciationAndAmortization": 376000000,
    "ebitda": 794000000,
    "ebitdaratio": 0.1195963247,
    "operatingIncome": 418000000,
    "operatingIncomeRatio": 0.0629612894,
    "totalOtherIncomeExpensesNet": 0,
    "incomeBeforeTax": 418000000,
    "incomeBeforeTaxRatio": 0.0629612894,
    "incomeTaxExpense": 76000000,
    "netIncome": 337000000,
    "netIncomeRatio": 0.0507606567,
    "eps": 0.09,
    "epsdiluted": 0.09,
    "weightedAverageShsOut": 1162000000,
    "weightedAverageShsOutDil": 1165000000,
    "link": "https://www.sec.gov/Archives/edgar/data/4962/000119312509162246/0001193125-09-162246-index.htm",
    "finalLink": "https://www.sec.gov/Archives/edgar/data/4962/000119312509162246/d10q.htm"
  },
  {
    "date": "2009-03-31",
    "symbol": "AXP",
    "reportedCurrency": "USD",
    "cik": "0000004962",
    "fillingDate": "2009-05-01",
    "acceptedDate": "2009-05-01 14:19:01",
    "calendarYear": "2009",
    "period": "Q1",
    "revenue": 6481000000,
    "costOfRevenue": 2358000000,
    "grossProfit": 4123000000,
    "grossProfitRatio": 0.6361672581,
    "researchAndDevelopmentExpenses": 0,
    "generalAndAdministrativeExpenses": 1253000000,
    "sellingAndMarketingExpenses": 1302000000,
    "sellingGeneralAndAdministrativeExpenses": 2555000000,
    "otherExpenses": 1024000000,
    "operatingExpenses": 3579000000,
    "costAndExpenses": 5937000000,
    "interestIncome": 1474000000,
    "interestExpense": 555000000,
    "depreciationAndAmortization": 192000000,
    "ebitda": 736000000,
    "ebitdaratio": 0.1135627218,
    "operatingIncome": 544000000,
    "operatingIncomeRatio": 0.0839376639,
    "totalOtherIncomeExpensesNet": 0,
    "incomeBeforeTax": 544000000,
    "incomeBeforeTaxRatio": 0.0839376639,
    "incomeTaxExpense": 101000000,
    "netIncome": 437000000,
    "netIncomeRatio": 0.0674278661,
    "eps": 0.31,
    "epsdiluted": 0.31,
    "weightedAverageShsOut": 1156000000,
    "weightedAverageShsOutDil": 1156000000,
    "link": "https://www.sec.gov/Archives/edgar/data/4962/000110465909028486/0001104659-09-028486-index.htm",
    "finalLink": "https://www.sec.gov/Archives/edgar/data/4962/000110465909028486/a09-11386_110q.htm"
  },
  {
    "date": "2008-12-31",
    "symbol": "AXP",
    "reportedCurrency": "USD",
    "cik": "0000004962",
    "fillingDate": "2009-02-27",
    "acceptedDate": "2009-02-27 16:25:14",
    "calendarYear": "2008",
    "period": "Q4",
    "revenue": 7443000000,
    "costOfRevenue": 2091000000,
    "grossProfit": 5352000000,
    "grossProfitRatio": 0.7190648932,
    "researchAndDevelopmentExpenses": 0,
    "generalAndAdministrativeExpenses": 1660000000,
    "sellingAndMarketingExpenses": 1752000000,
    "sellingGeneralAndAdministrativeExpenses": 3412000000,
    "otherExpenses": 1672000000,
    "operatingExpenses": 5084000000,
    "costAndExpenses": 7175000000,
    "interestIncome": 2355000000,
    "interestExpense": 937000000,
    "depreciationAndAmortization": 174000000,
    "ebitda": 442000000,
    "ebitdaratio": 0.0593846567,
    "operatingIncome": 268000000,
    "operatingIncomeRatio": 0.0360069864,
    "totalOtherIncomeExpensesNet": 0,
    "incomeBeforeTax": 268000000,
    "incomeBeforeTaxRatio": 0.0360069864,
    "incomeTaxExpense": -38000000,
    "netIncome": 240000000,
    "netIncomeRatio": 0.0322450625,
    "eps": 0.21,
    "epsdiluted": 0.21,
    "weightedAverageShsOut": 1154000000,
    "weightedAverageShsOutDil": 1156000000,
    "link": "https://www.sec.gov/Archives/edgar/data/4962/000119312509041008/0001193125-09-041008-index.htm",
    "finalLink": "https://www.sec.gov/Archives/edgar/data/4962/000119312509041008/d10k.htm"
  },
  {
    "date": "2008-09-30",
    "symbol": "AXP",
    "reportedCurrency": "USD",
    "cik": "0000004962",
    "fillingDate": "2008-10-31",
    "acceptedDate": "2008-10-31 06:04:52",
    "calendarYear": "2008",
    "period": "Q3",
    "revenue": 8048000000,
    "costOfRevenue": 2243000000,
    "grossProfit": 5805000000,
    "grossProfitRatio": 0.7212972167,
    "researchAndDevelopmentExpenses": 0,
    "generalAndAdministrativeExpenses": 1465000000,
    "sellingAndMarketingExpenses": 1929000000,
    "sellingGeneralAndAdministrativeExpenses": 3394000000,
    "otherExpenses": 1333000000,
    "operatingExpenses": 4727000000,
    "costAndExpenses": 6970000000,
    "interestIncome": 1834000000,
    "interestExpense": 884000000,
    "depreciationAndAmortization": 179000000,
    "ebitda": 1257000000,
    "ebitdaratio": 0.1561878728,
    "operatingIncome": 1078000000,
    "operatingIncomeRatio": 0.1339463221,
    "totalOtherIncomeExpensesNet": 0,
    "incomeBeforeTax": 1078000000,
    "incomeBeforeTaxRatio": 0.1339463221,
    "incomeTaxExpense": 217000000,
    "netIncome": 815000000,
    "netIncomeRatio": 0.1012673956,
    "eps": 0.71,
    "epsdiluted": 0.7,
    "weightedAverageShsOut": 1154000000,
    "weightedAverageShsOutDil": 1158000000,
    "link": "https://www.sec.gov/Archives/edgar/data/4962/000110465908067075/0001104659-08-067075-index.htm",
    "finalLink": "https://www.sec.gov/Archives/edgar/data/4962/000110465908067075/a08-25726_110q.htm"
  },
  {
    "date": "2008-06-30",
    "symbol": "AXP",
    "reportedCurrency": "USD",
    "cik": "0000004962",
    "fillingDate": "2008-07-31",
    "acceptedDate": "2008-07-31 17:20:40",
    "calendarYear": "2008",
    "period": "Q2",
    "revenue": 8358000000,
    "costOfRevenue": 2727000000,
    "grossProfit": 5631000000,
    "grossProfitRatio": 0.6737257717,
    "researchAndDevelopmentExpenses": 0,
    "generalAndAdministrativeExpenses": 1495000000,
    "sellingAndMarketingExpenses": 1924000000,
    "sellingGeneralAndAdministrativeExpenses": 3419000000,
    "otherExpenses": 1438000000,
    "operatingExpenses": 4857000000,
    "costAndExpenses": 7584000000,
    "interestIncome": 1857000000,
    "interestExpense": 903000000,
    "depreciationAndAmortization": 186000000,
    "ebitda": 960000000,
    "ebitdaratio": 0.1148600144,
    "operatingIncome": 774000000,
    "operatingIncomeRatio": 0.0926058866,
    "totalOtherIncomeExpensesNet": 0,
    "incomeBeforeTax": 774000000,
    "incomeBeforeTaxRatio": 0.0926058866,
    "incomeTaxExpense": 114000000,
    "netIncome": 653000000,
    "netIncomeRatio": 0.0781287389,
    "eps": 0.57,
    "epsdiluted": 0.56,
    "weightedAverageShsOut": 1154000000,
    "weightedAverageShsOutDil": 1163000000,
    "link": "https://www.sec.gov/Archives/edgar/data/4962/000110465908048974/0001104659-08-048974-index.htm",
    "finalLink": "https://www.sec.gov/Archives/edgar/data/4962/000110465908048974/a08-19063_110q.htm"
  },
  {
    "date": "2008-03-31",
    "symbol": "AXP",
    "reportedCurrency": "USD",
    "cik": "0000004962",
    "fillingDate": "2008-05-02",
    "acceptedDate": "2008-05-02 15:18:27",
    "calendarYear": "2008",
    "period": "Q1",
    "revenue": 8211000000,
    "costOfRevenue": 2182000000,
    "grossProfit": 6029000000,
    "grossProfitRatio": 0.734258921,
    "researchAndDevelopmentExpenses": 0,
    "generalAndAdministrativeExpenses": 1470000000,
    "sellingAndMarketingExpenses": 1756000000,
    "sellingGeneralAndAdministrativeExpenses": 3226000000,
    "otherExpenses": 1342000000,
    "operatingExpenses": 4568000000,
    "costAndExpenses": 6750000000,
    "interestIncome": 1942000000,
    "interestExpense": 971000000,
    "depreciationAndAmortization": 173000000,
    "ebitda": 1634000000,
    "ebitdaratio": 0.1990013397,
    "operatingIncome": 1461000000,
    "operatingIncomeRatio": 0.1779320424,
    "totalOtherIncomeExpensesNet": 0,
    "incomeBeforeTax": 1461000000,
    "incomeBeforeTaxRatio": 0.1779320424,
    "incomeTaxExpense": 417000000,
    "netIncome": 991000000,
    "netIncomeRatio": 0.120691755,
    "eps": 0.86,
    "epsdiluted": 0.85,
    "weightedAverageShsOut": 1153000000,
    "weightedAverageShsOutDil": 1163000000,
    "link": "https://www.sec.gov/Archives/edgar/data/4962/000110465908029464/0001104659-08-029464-index.htm",
    "finalLink": "https://www.sec.gov/Archives/edgar/data/4962/000110465908029464/a08-11759_110q.htm"
  },
  {
    "date": "2007-12-31",
    "symbol": "AXP",
    "reportedCurrency": "USD",
    "cik": "0000004962",
    "fillingDate": "2008-02-28",
    "acceptedDate": "2008-02-28 17:21:14",
    "calendarYear": "2007",
    "period": "Q4",
    "revenue": 8400000000,
    "costOfRevenue": 1036000000,
    "grossProfit": 7364000000,
    "grossProfitRatio": 0.8766666667,
    "researchAndDevelopmentExpenses": 0,
    "generalAndAdministrativeExpenses": 3977000000,
    "sellingAndMarketingExpenses": 2717000000,
    "sellingGeneralAndAdministrativeExpenses": 4107000000,
    "otherExpenses": 2128000000,
    "operatingExpenses": 6235000000,
    "costAndExpenses": 7271000000,
    "interestIncome": 3009000000,
    "interestExpense": 1036000000,
    "depreciationAndAmortization": 166000000,
    "ebitda": 1295000000,
    "ebitdaratio": 0.1541666667,
    "operatingIncome": 1129000000,
    "operatingIncomeRatio": 0.1344047619,
    "totalOtherIncomeExpensesNet": 0,
    "incomeBeforeTax": 1129000000,
    "incomeBeforeTaxRatio": 0.1344047619,
    "incomeTaxExpense": 290000000,
    "netIncome": 831000000,
    "netIncomeRatio": 0.0989285714,
    "eps": 0.72,
    "epsdiluted": 0.71,
    "weightedAverageShsOut": 1153000000,
    "weightedAverageShsOutDil": 1163000000,
    "link": "https://www.sec.gov/Archives/edgar/data/4962/000119312508042043/0001193125-08-042043-index.htm",
    "finalLink": "https://www.sec.gov/Archives/edgar/data/4962/000119312508042043/d10k.htm"
  },
  {
    "date": "2007-09-30",
    "symbol": "AXP",
    "reportedCurrency": "USD",
    "cik": "0000004962",
    "fillingDate": "2007-11-09",
    "acceptedDate": "2007-11-09 17:12:06",
    "calendarYear": "2007",
    "period": "Q3",
    "revenue": 7953000000,
    "costOfRevenue": 1008000000,
    "grossProfit": 6945000000,
    "grossProfitRatio": 0.8732553753,
    "researchAndDevelopmentExpenses": 0,
    "generalAndAdministrativeExpenses": 1366000000,
    "sellingAndMarketingExpenses": 1810000000,
    "sellingGeneralAndAdministrativeExpenses": 3176000000,
    "otherExpenses": 2352000000,
    "operatingExpenses": 5528000000,
    "costAndExpenses": 6536000000,
    "interestIncome": 1890000000,
    "interestExpense": 1008000000,
    "depreciationAndAmortization": 143000000,
    "ebitda": 1560000000,
    "ebitdaratio": 0.1961523953,
    "operatingIncome": 1417000000,
    "operatingIncomeRatio": 0.1781717591,
    "totalOtherIncomeExpensesNet": 0,
    "incomeBeforeTax": 1417000000,
    "incomeBeforeTaxRatio": 0.1781717591,
    "incomeTaxExpense": 343000000,
    "netIncome": 1067000000,
    "netIncomeRatio": 0.1341632089,
    "eps": 0.91,
    "epsdiluted": 0.9,
    "weightedAverageShsOut": 1170000000,
    "weightedAverageShsOutDil": 1192000000,
    "link": "https://www.sec.gov/Archives/edgar/data/4962/000110465907081852/0001104659-07-081852-index.htm",
    "finalLink": "https://www.sec.gov/Archives/edgar/data/4962/000110465907081852/a07-28534_110q.htm"
  },
  {
    "date": "2007-06-30",
    "symbol": "AXP",
    "reportedCurrency": "USD",
    "cik": "0000004962",
    "fillingDate": "2007-08-07",
    "acceptedDate": "2007-08-07 10:48:12",
    "calendarYear": "2007",
    "period": "Q2",
    "revenue": 8199000000,
    "costOfRevenue": 1069000000,
    "grossProfit": 7130000000,
    "grossProfitRatio": 0.8696182461,
    "researchAndDevelopmentExpenses": 0,
    "generalAndAdministrativeExpenses": 1331000000,
    "sellingAndMarketingExpenses": 1828000000,
    "sellingGeneralAndAdministrativeExpenses": 3159000000,
    "otherExpenses": 2531000000,
    "operatingExpenses": 5690000000,
    "costAndExpenses": 6759000000,
    "interestIncome": 2072000000,
    "interestExpense": 1069000000,
    "depreciationAndAmortization": 183000000,
    "ebitda": 1623000000,
    "ebitdaratio": 0.1979509696,
    "operatingIncome": 1440000000,
    "operatingIncomeRatio": 0.1756311745,
    "totalOtherIncomeExpensesNet": 0,
    "incomeBeforeTax": 1440000000,
    "incomeBeforeTaxRatio": 0.1756311745,
    "incomeTaxExpense": 378000000,
    "netIncome": 1057000000,
    "netIncomeRatio": 0.1289181608,
    "eps": 0.9,
    "epsdiluted": 0.88,
    "weightedAverageShsOut": 1179000000,
    "weightedAverageShsOutDil": 1203000000,
    "link": "https://www.sec.gov/Archives/edgar/data/4962/000110465907059503/0001104659-07-059503-index.htm",
    "finalLink": "https://www.sec.gov/Archives/edgar/data/4962/000110465907059503/a07-19301_110q.htm"
  },
  {
    "date": "2007-03-31",
    "symbol": "AXP",
    "reportedCurrency": "USD",
    "cik": "0000004962",
    "fillingDate": "2007-05-09",
    "acceptedDate": "2007-05-09 17:01:17",
    "calendarYear": "2007",
    "period": "Q1",
    "revenue": 7327000000,
    "costOfRevenue": 1702000000,
    "grossProfit": 5625000000,
    "grossProfitRatio": 0.7677084755,
    "researchAndDevelopmentExpenses": 0,
    "generalAndAdministrativeExpenses": 1819000000,
    "sellingAndMarketingExpenses": 1462000000,
    "sellingGeneralAndAdministrativeExpenses": 3281000000,
    "otherExpenses": 733000000,
    "operatingExpenses": 4014000000,
    "costAndExpenses": 5716000000,
    "interestIncome": 1671000000,
    "interestExpense": 843000000,
    "depreciationAndAmortization": 156000000,
    "ebitda": 1767000000,
    "ebitdaratio": 0.2411628224,
    "operatingIncome": 1611000000,
    "operatingIncomeRatio": 0.2198717074,
    "totalOtherIncomeExpensesNet": 0,
    "incomeBeforeTax": 1611000000,
    "incomeBeforeTaxRatio": 0.2198717074,
    "incomeTaxExpense": 516000000,
    "netIncome": 1057000000,
    "netIncomeRatio": 0.1442609526,
    "eps": 0.89,
    "epsdiluted": 0.87,
    "weightedAverageShsOut": 1187000000,
    "weightedAverageShsOutDil": 1210000000,
    "link": "https://www.sec.gov/Archives/edgar/data/4962/000110465907037625/0001104659-07-037625-index.htm",
    "finalLink": "https://www.sec.gov/Archives/edgar/data/4962/000110465907037625/a07-13364_110q.htm"
  },
  {
    "date": "2006-12-31",
    "symbol": "AXP",
    "reportedCurrency": "USD",
    "cik": "0000004962",
    "fillingDate": "2007-03-01",
    "acceptedDate": "2007-03-01 15:46:48",
    "calendarYear": "2006",
    "period": "Q4",
    "revenue": 8850000000,
    "costOfRevenue": 1980000000,
    "grossProfit": 6870000000,
    "grossProfitRatio": 0.7762711864,
    "researchAndDevelopmentExpenses": 0,
    "generalAndAdministrativeExpenses": -971000000,
    "sellingAndMarketingExpenses": 1734000000,
    "sellingGeneralAndAdministrativeExpenses": 763000000,
    "otherExpenses": 4884000000,
    "operatingExpenses": 5647000000,
    "costAndExpenses": 7627000000,
    "interestIncome": 3866000000,
    "interestExpense": 1980000000,
    "depreciationAndAmortization": 161000000,
    "ebitda": 1384000000,
    "ebitdaratio": 0.1563841808,
    "operatingIncome": 1223000000,
    "operatingIncomeRatio": 0.1381920904,
    "totalOtherIncomeExpensesNet": 0,
    "incomeBeforeTax": 1223000000,
    "incomeBeforeTaxRatio": 0.1381920904,
    "incomeTaxExpense": 298000000,
    "netIncome": 922000000,
    "netIncomeRatio": 0.104180791,
    "eps": 0.78,
    "epsdiluted": 0.76,
    "weightedAverageShsOut": 1187000000,
    "weightedAverageShsOutDil": 1210000000,
    "link": "https://www.sec.gov/Archives/edgar/data/4962/000095012307003020/0000950123-07-003020-index.htm",
    "finalLink": "https://www.sec.gov/Archives/edgar/data/4962/000095012307003020/y30921e10vk.htm"
  },
  {
    "date": "2006-09-30",
    "symbol": "AXP",
    "reportedCurrency": "USD",
    "cik": "0000004962",
    "fillingDate": "2006-11-09",
    "acceptedDate": "2006-11-09 16:42:18",
    "calendarYear": "2006",
    "period": "Q3",
    "revenue": 6992000000,
    "costOfRevenue": 1514000000,
    "grossProfit": 5478000000,
    "grossProfitRatio": 0.7834668192,
    "researchAndDevelopmentExpenses": 0,
    "generalAndAdministrativeExpenses": 1227000000,
    "sellingAndMarketingExpenses": 1586000000,
    "sellingGeneralAndAdministrativeExpenses": 2813000000,
    "otherExpenses": 1354000000,
    "operatingExpenses": 4167000000,
    "costAndExpenses": 5681000000,
    "interestIncome": 1504000000,
    "interestExpense": 727000000,
    "depreciationAndAmortization": 136000000,
    "ebitda": 1447000000,
    "ebitdaratio": 0.2069508009,
    "operatingIncome": 1311000000,
    "operatingIncomeRatio": 0.1875,
    "totalOtherIncomeExpensesNet": 0,
    "incomeBeforeTax": 1311000000,
    "incomeBeforeTaxRatio": 0.1875,
    "incomeTaxExpense": 377000000,
    "netIncome": 967000000,
    "netIncomeRatio": 0.1383009153,
    "eps": 0.8,
    "epsdiluted": 0.79,
    "weightedAverageShsOut": 1202000000,
    "weightedAverageShsOutDil": 1227000000,
    "link": "https://www.sec.gov/Archives/edgar/data/4962/000104746906013844/0001047469-06-013844-index.htm",
    "finalLink": "https://www.sec.gov/Archives/edgar/data/4962/000104746906013844/a2174289z10-q.txt"
  },
  {
    "date": "2006-06-30",
    "symbol": "AXP",
    "reportedCurrency": "USD",
    "cik": "0000004962",
    "fillingDate": "2006-08-07",
    "acceptedDate": "2006-08-04 20:26:44",
    "calendarYear": "2006",
    "period": "Q2",
    "revenue": 6885000000,
    "costOfRevenue": 743000000,
    "grossProfit": 6142000000,
    "grossProfitRatio": 0.8920842411,
    "researchAndDevelopmentExpenses": 0,
    "generalAndAdministrativeExpenses": 1276000000,
    "sellingAndMarketingExpenses": 1671000000,
    "sellingGeneralAndAdministrativeExpenses": 2947000000,
    "otherExpenses": 1753000000,
    "operatingExpenses": 4700000000,
    "costAndExpenses": 5443000000,
    "interestIncome": 1548000000,
    "interestExpense": 743000000,
    "depreciationAndAmortization": 159000000,
    "ebitda": 1601000000,
    "ebitdaratio": 0.2325344953,
    "operatingIncome": 1442000000,
    "operatingIncomeRatio": 0.2094408134,
    "totalOtherIncomeExpensesNet": 0,
    "incomeBeforeTax": 1442000000,
    "incomeBeforeTaxRatio": 0.2094408134,
    "incomeTaxExpense": 470000000,
    "netIncome": 945000000,
    "netIncomeRatio": 0.137254902,
    "eps": 0.78,
    "epsdiluted": 0.76,
    "weightedAverageShsOut": 1217000000,
    "weightedAverageShsOutDil": 1242000000,
    "link": "https://www.sec.gov/Archives/edgar/data/4962/000104746906010452/0001047469-06-010452-index.htm",
    "finalLink": "https://www.sec.gov/Archives/edgar/data/4962/000104746906010452/a2172301z10-q.txt"
  },
  {
    "date": "2006-03-31",
    "symbol": "AXP",
    "reportedCurrency": "USD",
    "cik": "0000004962",
    "fillingDate": "2006-05-08",
    "acceptedDate": "2006-05-05 19:37:35",
    "calendarYear": "2006",
    "period": "Q1",
    "revenue": 6720000000,
    "costOfRevenue": 1335000000,
    "grossProfit": 5385000000,
    "grossProfitRatio": 0.8013392857,
    "researchAndDevelopmentExpenses": 0,
    "generalAndAdministrativeExpenses": 1240000000,
    "sellingAndMarketingExpenses": 1522000000,
    "sellingGeneralAndAdministrativeExpenses": 2762000000,
    "otherExpenses": 1298000000,
    "operatingExpenses": 4060000000,
    "costAndExpenses": 5395000000,
    "interestIncome": 1392000000,
    "interestExpense": 667000000,
    "depreciationAndAmortization": 161000000,
    "ebitda": 1486000000,
    "ebitdaratio": 0.2211309524,
    "operatingIncome": 1325000000,
    "operatingIncomeRatio": 0.197172619,
    "totalOtherIncomeExpensesNet": 0,
    "incomeBeforeTax": 1325000000,
    "incomeBeforeTaxRatio": 0.197172619,
    "incomeTaxExpense": 449000000,
    "netIncome": 873000000,
    "netIncomeRatio": 0.1299107143,
    "eps": 0.71,
    "epsdiluted": 0.69,
    "weightedAverageShsOut": 1232000000,
    "weightedAverageShsOutDil": 1258000000,
    "link": "https://www.sec.gov/Archives/edgar/data/4962/000104746906006595/0001047469-06-006595-index.htm",
    "finalLink": "https://www.sec.gov/Archives/edgar/data/4962/000104746906006595/a2170150z10-q.txt"
  },
  {
    "date": "2005-12-31",
    "symbol": "AXP",
    "reportedCurrency": "USD",
    "cik": "0000004962",
    "fillingDate": "2006-03-06",
    "acceptedDate": "2006-03-06 16:03:02",
    "calendarYear": "2005",
    "period": "Q4",
    "revenue": 6437000000,
    "costOfRevenue": 249000000,
    "grossProfit": 6188000000,
    "grossProfitRatio": 0.9613173839,
    "researchAndDevelopmentExpenses": 0,
    "generalAndAdministrativeExpenses": 1990000000,
    "sellingAndMarketingExpenses": 1581000000,
    "sellingGeneralAndAdministrativeExpenses": 3571000000,
    "otherExpenses": 1658000000,
    "operatingExpenses": 5229000000,
    "costAndExpenses": 5478000000,
    "interestIncome": 279000000,
    "interestExpense": 249000000,
    "depreciationAndAmortization": 159000000,
    "ebitda": 1118000000,
    "ebitdaratio": 0.1736833929,
    "operatingIncome": 959000000,
    "operatingIncomeRatio": 0.1489824452,
    "totalOtherIncomeExpensesNet": 0,
    "incomeBeforeTax": 959000000,
    "incomeBeforeTaxRatio": 0.1489824452,
    "incomeTaxExpense": 208000000,
    "netIncome": 745000000,
    "netIncomeRatio": 0.1157371446,
    "eps": 0.6,
    "epsdiluted": 0.59,
    "weightedAverageShsOut": 1232000000,
    "weightedAverageShsOutDil": 1258000000,
    "link": "https://www.sec.gov/Archives/edgar/data/4962/000119312506046095/0001193125-06-046095-index.htm",
    "finalLink": "https://www.sec.gov/Archives/edgar/data/4962/000119312506046095/d10k.htm"
  },
  {
    "date": "2005-09-30",
    "symbol": "AXP",
    "reportedCurrency": "USD",
    "cik": "0000004962",
    "fillingDate": "2005-11-09",
    "acceptedDate": "2005-11-09 17:09:33",
    "calendarYear": "2005",
    "period": "Q3",
    "revenue": 6028000000,
    "costOfRevenue": 238000000,
    "grossProfit": 5790000000,
    "grossProfitRatio": 0.9605175846,
    "researchAndDevelopmentExpenses": 0,
    "generalAndAdministrativeExpenses": 1936000000,
    "sellingAndMarketingExpenses": 1492000000,
    "sellingGeneralAndAdministrativeExpenses": 3428000000,
    "otherExpenses": 1282000000,
    "operatingExpenses": 4710000000,
    "costAndExpenses": 4948000000,
    "interestIncome": 246000000,
    "interestExpense": 238000000,
    "depreciationAndAmortization": 142000000,
    "ebitda": 1222000000,
    "ebitdaratio": 0.202720637,
    "operatingIncome": 1080000000,
    "operatingIncomeRatio": 0.1791639018,
    "totalOtherIncomeExpensesNet": 0,
    "incomeBeforeTax": 1080000000,
    "incomeBeforeTaxRatio": 0.1791639018,
    "incomeTaxExpense": 215000000,
    "netIncome": 1030000000,
    "netIncomeRatio": 0.1708692767,
    "eps": 0.84,
    "epsdiluted": 0.82,
    "weightedAverageShsOut": 1229000000,
    "weightedAverageShsOutDil": 1254000000,
    "link": "https://www.sec.gov/Archives/edgar/data/4962/000000496205000214/0000004962-05-000214-index.htm",
    "finalLink": "https://www.sec.gov/Archives/edgar/data/4962/000000496205000214/thirdquarter2005e.txt"
  },
  {
    "date": "2005-06-30",
    "symbol": "AXP",
    "reportedCurrency": "USD",
    "cik": "0000004962",
    "fillingDate": "2005-08-03",
    "acceptedDate": "2005-08-02 19:00:34",
    "calendarYear": "2005",
    "period": "Q2",
    "revenue": 6020000000,
    "costOfRevenue": 232000000,
    "grossProfit": 5788000000,
    "grossProfitRatio": 0.961461794,
    "researchAndDevelopmentExpenses": 0,
    "generalAndAdministrativeExpenses": 1268000000,
    "sellingAndMarketingExpenses": 1445000000,
    "sellingGeneralAndAdministrativeExpenses": 2713000000,
    "otherExpenses": 1954000000,
    "operatingExpenses": 4667000000,
    "costAndExpenses": 4899000000,
    "interestIncome": 269000000,
    "interestExpense": 232000000,
    "depreciationAndAmortization": 100000000,
    "ebitda": 1221000000,
    "ebitdaratio": 0.2028239203,
    "operatingIncome": 1121000000,
    "operatingIncomeRatio": 0.1862126246,
    "totalOtherIncomeExpensesNet": 0,
    "incomeBeforeTax": 1121000000,
    "incomeBeforeTaxRatio": 0.1862126246,
    "incomeTaxExpense": 261000000,
    "netIncome": 1013000000,
    "netIncomeRatio": 0.1682724252,
    "eps": 0.82,
    "epsdiluted": 0.81,
    "weightedAverageShsOut": 1231000000,
    "weightedAverageShsOutDil": 1254000000,
    "link": "https://www.sec.gov/Archives/edgar/data/4962/000000496205000180/0000004962-05-000180-index.htm",
    "finalLink": "https://www.sec.gov/Archives/edgar/data/4962/000000496205000180/quarterly.txt"
  },
  {
    "date": "2005-03-31",
    "symbol": "AXP",
    "reportedCurrency": "USD",
    "cik": "0000004962",
    "fillingDate": "2005-05-03",
    "acceptedDate": "2005-05-03 17:04:47",
    "calendarYear": "2005",
    "period": "Q1",
    "revenue": 5640000000,
    "costOfRevenue": 711000000,
    "grossProfit": 4929000000,
    "grossProfitRatio": 0.8739361702,
    "researchAndDevelopmentExpenses": 0,
    "generalAndAdministrativeExpenses": 1187000000,
    "sellingAndMarketingExpenses": 1323000000,
    "sellingGeneralAndAdministrativeExpenses": 2510000000,
    "otherExpenses": 1331000000,
    "operatingExpenses": 3841000000,
    "costAndExpenses": 4552000000,
    "interestIncome": 261000000,
    "interestExpense": 201000000,
    "depreciationAndAmortization": 201000000,
    "ebitda": 1289000000,
    "ebitdaratio": 0.2285460993,
    "operatingIncome": 1088000000,
    "operatingIncomeRatio": 0.1929078014,
    "totalOtherIncomeExpensesNet": 0,
    "incomeBeforeTax": 1088000000,
    "incomeBeforeTaxRatio": 0.1929078014,
    "incomeTaxExpense": 343000000,
    "netIncome": 946000000,
    "netIncomeRatio": 0.1677304965,
    "eps": 0.76,
    "epsdiluted": 0.75,
    "weightedAverageShsOut": 1239000000,
    "weightedAverageShsOutDil": 1264000000,
    "link": "https://www.sec.gov/Archives/edgar/data/4962/000000496205000131/0000004962-05-000131-index.htm",
    "finalLink": "https://www.sec.gov/Archives/edgar/data/4962/000000496205000131/blue10q.txt"
  },
  {
    "date": "2004-12-31",
    "symbol": "AXP",
    "reportedCurrency": "USD",
    "cik": "0000004962",
    "fillingDate": "2005-03-10",
    "acceptedDate": "2005-03-10 17:27:43",
    "calendarYear": "2004",
    "period": "Q4",
    "revenue": 7745000000,
    "costOfRevenue": 238000000,
    "grossProfit": 7507000000,
    "grossProfitRatio": 0.9692704971,
    "researchAndDevelopmentExpenses": 0,
    "generalAndAdministrativeExpenses": 2222000000,
    "sellingAndMarketingExpenses": 1472000000,
    "sellingGeneralAndAdministrativeExpenses": 3694000000,
    "otherExpenses": 2630000000,
    "operatingExpenses": 6324000000,
    "costAndExpenses": 6562000000,
    "interestIncome": 826000000,
    "interestExpense": 238000000,
    "depreciationAndAmortization": 198000000,
    "ebitda": 1381000000,
    "ebitdaratio": 0.1783085862,
    "operatingIncome": 1183000000,
    "operatingIncomeRatio": 0.1527437056,
    "totalOtherIncomeExpensesNet": 0,
    "incomeBeforeTax": 1183000000,
    "incomeBeforeTaxRatio": 0.1527437056,
    "incomeTaxExpense": 287000000,
    "netIncome": 896000000,
    "netIncomeRatio": 0.1156875403,
    "eps": 0.72,
    "epsdiluted": 0.71,
    "weightedAverageShsOut": 1239000000,
    "weightedAverageShsOutDil": 1264000000,
    "link": "https://www.sec.gov/Archives/edgar/data/4962/000095012305002932/0000950123-05-002932-index.htm",
    "finalLink": "https://www.sec.gov/Archives/edgar/data/4962/000095012305002932/y06418e10vk.txt"
  },
  {
    "date": "2004-09-30",
    "symbol": "AXP",
    "reportedCurrency": "USD",
    "cik": "0000004962",
    "fillingDate": "2004-11-08",
    "acceptedDate": "2004-11-08 16:46:03",
    "calendarYear": "2004",
    "period": "Q3",
    "revenue": 5476000000,
    "costOfRevenue": 201000000,
    "grossProfit": 5275000000,
    "grossProfitRatio": 0.9632943755,
    "researchAndDevelopmentExpenses": 0,
    "generalAndAdministrativeExpenses": 1654000000,
    "sellingAndMarketingExpenses": 1286000000,
    "sellingGeneralAndAdministrativeExpenses": 2940000000,
    "otherExpenses": 1321000000,
    "operatingExpenses": 4261000000,
    "costAndExpenses": 4462000000,
    "interestIncome": 248000000,
    "interestExpense": 201000000,
    "depreciationAndAmortization": 75000000,
    "ebitda": 1089000000,
    "ebitdaratio": 0.1988677867,
    "operatingIncome": 1014000000,
    "operatingIncomeRatio": 0.1851716581,
    "totalOtherIncomeExpensesNet": 0,
    "incomeBeforeTax": 1014000000,
    "incomeBeforeTaxRatio": 0.1851716581,
    "incomeTaxExpense": 312000000,
    "netIncome": 879000000,
    "netIncomeRatio": 0.1605186267,
    "eps": 0.7,
    "epsdiluted": 0.69,
    "weightedAverageShsOut": 1251000000,
    "weightedAverageShsOutDil": 1275000000,
    "link": "https://www.sec.gov/Archives/edgar/data/4962/000000496204000203/0000004962-04-000203-index.htm",
    "finalLink": "https://www.sec.gov/Archives/edgar/data/4962/000000496204000203/axp10q3q04nov8.txt"
  },
  {
    "date": "2004-06-30",
    "symbol": "AXP",
    "reportedCurrency": "USD",
    "cik": "0000004962",
    "fillingDate": "2004-07-30",
    "acceptedDate": "2004-07-30 10:33:10",
    "calendarYear": "2004",
    "period": "Q2",
    "revenue": 7258000000,
    "costOfRevenue": 210000000,
    "grossProfit": 7048000000,
    "grossProfitRatio": 0.9710664095,
    "researchAndDevelopmentExpenses": 0,
    "generalAndAdministrativeExpenses": 2102000000,
    "sellingAndMarketingExpenses": 1250000000,
    "sellingGeneralAndAdministrativeExpenses": 3352000000,
    "otherExpenses": 2430000000,
    "operatingExpenses": 5782000000,
    "costAndExpenses": 5992000000,
    "interestIncome": 785000000,
    "interestExpense": 210000000,
    "depreciationAndAmortization": 179000000,
    "ebitda": 1445000000,
    "ebitdaratio": 0.1990906586,
    "operatingIncome": 1266000000,
    "operatingIncomeRatio": 0.1744282171,
    "totalOtherIncomeExpensesNet": 0,
    "incomeBeforeTax": 1266000000,
    "incomeBeforeTaxRatio": 0.1744282171,
    "incomeTaxExpense": 390000000,
    "netIncome": 876000000,
    "netIncomeRatio": 0.1206944062,
    "eps": 0.69,
    "epsdiluted": 0.68,
    "weightedAverageShsOut": 1263000000,
    "weightedAverageShsOutDil": 1288000000,
    "link": "https://www.sec.gov/Archives/edgar/data/4962/000000496204000162/0000004962-04-000162-index.htm",
    "finalLink": "https://www.sec.gov/Archives/edgar/data/4962/000000496204000162/axp10qtr.txt"
  },
  {
    "date": "2004-03-31",
    "symbol": "AXP",
    "reportedCurrency": "USD",
    "cik": "0000004962",
    "fillingDate": "2004-05-10",
    "acceptedDate": "2004-05-10 16:47:18",
    "calendarYear": "2004",
    "period": "Q1",
    "revenue": 6910000000,
    "costOfRevenue": 203000000,
    "grossProfit": 6707000000,
    "grossProfitRatio": 0.9706222865,
    "researchAndDevelopmentExpenses": 0,
    "generalAndAdministrativeExpenses": 2016000000,
    "sellingAndMarketingExpenses": 1047000000,
    "sellingGeneralAndAdministrativeExpenses": 3063000000,
    "otherExpenses": 2396000000,
    "operatingExpenses": 5459000000,
    "costAndExpenses": 5662000000,
    "interestIncome": 741000000,
    "interestExpense": 203000000,
    "depreciationAndAmortization": 188000000,
    "ebitda": 1436000000,
    "ebitdaratio": 0.2078147612,
    "operatingIncome": 1248000000,
    "operatingIncomeRatio": 0.1806078148,
    "totalOtherIncomeExpensesNet": 0,
    "incomeBeforeTax": 1248000000,
    "incomeBeforeTaxRatio": 0.1806078148,
    "incomeTaxExpense": 383000000,
    "netIncome": 794000000,
    "netIncomeRatio": 0.1149059334,
    "eps": 0.62,
    "epsdiluted": 0.61,
    "weightedAverageShsOut": 1277000000,
    "weightedAverageShsOutDil": 1305000000,
    "link": "https://www.sec.gov/Archives/edgar/data/4962/000000496204000131/0000004962-04-000131-index.htm",
    "finalLink": "https://www.sec.gov/Archives/edgar/data/4962/000000496204000131/axp10q.txt"
  },
  {
    "date": "2003-12-31",
    "symbol": "AXP",
    "reportedCurrency": "USD",
    "cik": "0000004962",
    "fillingDate": "2004-03-12",
    "acceptedDate": "2004-03-12 15:08:18",
    "calendarYear": "2003",
    "period": "Q4",
    "revenue": 7068000000,
    "costOfRevenue": 205000000,
    "grossProfit": 6863000000,
    "grossProfitRatio": 0.9709960385,
    "researchAndDevelopmentExpenses": 0,
    "generalAndAdministrativeExpenses": 2872000000,
    "sellingAndMarketingExpenses": 1166000000,
    "sellingGeneralAndAdministrativeExpenses": 4038000000,
    "otherExpenses": 1735000000,
    "operatingExpenses": 5773000000,
    "costAndExpenses": 5978000000,
    "interestIncome": 786000000,
    "interestExpense": 205000000,
    "depreciationAndAmortization": -96000000,
    "ebitda": 994000000,
    "ebitdaratio": 0.1406338427,
    "operatingIncome": 1090000000,
    "operatingIncomeRatio": 0.1542161856,
    "totalOtherIncomeExpensesNet": 0,
    "incomeBeforeTax": 1090000000,
    "incomeBeforeTaxRatio": 0.1542161856,
    "incomeTaxExpense": 314000000,
    "netIncome": 763000000,
    "netIncomeRatio": 0.1079513299,
    "eps": 0.6,
    "epsdiluted": 0.58,
    "weightedAverageShsOut": 1277000000,
    "weightedAverageShsOutDil": 1305000000,
    "link": "https://www.sec.gov/Archives/edgar/data/4962/000095011704000966/0000950117-04-000966-index.htm",
    "finalLink": "https://www.sec.gov/Archives/edgar/data/4962/000095011704000966/a37241.txt"
  },
  {
    "date": "2003-09-30",
    "symbol": "AXP",
    "reportedCurrency": "USD",
    "cik": "0000004962",
    "fillingDate": "2003-11-14",
    "acceptedDate": "2003-11-14 11:00:21",
    "calendarYear": "2003",
    "period": "Q3",
    "revenue": 6419000000,
    "costOfRevenue": 239000000,
    "grossProfit": 6180000000,
    "grossProfitRatio": 0.9627667861,
    "researchAndDevelopmentExpenses": 0,
    "generalAndAdministrativeExpenses": 2639000000,
    "sellingAndMarketingExpenses": 1016000000,
    "sellingGeneralAndAdministrativeExpenses": 3655000000,
    "otherExpenses": 1461000000,
    "operatingExpenses": 5116000000,
    "costAndExpenses": 5355000000,
    "interestIncome": 730000000,
    "interestExpense": 239000000,
    "depreciationAndAmortization": 587000000,
    "ebitda": 1651000000,
    "ebitdaratio": 0.2572051721,
    "operatingIncome": 1064000000,
    "operatingIncomeRatio": 0.1657579062,
    "totalOtherIncomeExpensesNet": 0,
    "incomeBeforeTax": 1064000000,
    "incomeBeforeTaxRatio": 0.1657579062,
    "incomeTaxExpense": 294000000,
    "netIncome": 770000000,
    "netIncomeRatio": 0.1199563795,
    "eps": 0.6,
    "epsdiluted": 0.59,
    "weightedAverageShsOut": 1278000000,
    "weightedAverageShsOutDil": 1297000000,
    "link": "https://www.sec.gov/Archives/edgar/data/4962/000000496203000215/0000004962-03-000215-index.htm",
    "finalLink": "https://www.sec.gov/Archives/edgar/data/4962/000000496203000215/q3.txt"
  },
  {
    "date": "2003-06-30",
    "symbol": "AXP",
    "reportedCurrency": "USD",
    "cik": "0000004962",
    "fillingDate": "2003-08-14",
    "acceptedDate": "2003-08-14 17:20:33",
    "calendarYear": "2003",
    "period": "Q2",
    "revenue": 6356000000,
    "costOfRevenue": 231000000,
    "grossProfit": 6125000000,
    "grossProfitRatio": 0.9636563877,
    "researchAndDevelopmentExpenses": 0,
    "generalAndAdministrativeExpenses": 2651000000,
    "sellingAndMarketingExpenses": 944000000,
    "sellingGeneralAndAdministrativeExpenses": 3595000000,
    "otherExpenses": 1433000000,
    "operatingExpenses": 5028000000,
    "costAndExpenses": 5259000000,
    "interestIncome": 780000000,
    "interestExpense": 231000000,
    "depreciationAndAmortization": 61000000,
    "ebitda": 1158000000,
    "ebitdaratio": 0.1821900566,
    "operatingIncome": 1097000000,
    "operatingIncomeRatio": 0.1725928257,
    "totalOtherIncomeExpensesNet": 0,
    "incomeBeforeTax": 1097000000,
    "incomeBeforeTaxRatio": 0.1725928257,
    "incomeTaxExpense": 335000000,
    "netIncome": 762000000,
    "netIncomeRatio": 0.1198867212,
    "eps": 0.59,
    "epsdiluted": 0.59,
    "weightedAverageShsOut": 1283000000,
    "weightedAverageShsOutDil": 1295000000,
    "link": "https://www.sec.gov/Archives/edgar/data/4962/000000496203000155/0000004962-03-000155-index.htm",
    "finalLink": "https://www.sec.gov/Archives/edgar/data/4962/000000496203000155/form10q.txt"
  },
  {
    "date": "2003-03-31",
    "symbol": "AXP",
    "reportedCurrency": "USD",
    "cik": "0000004962",
    "fillingDate": "2003-05-15",
    "acceptedDate": "2003-05-15 15:27:55",
    "calendarYear": "2003",
    "period": "Q1",
    "revenue": 6023000000,
    "costOfRevenue": 230000000,
    "grossProfit": 5793000000,
    "grossProfitRatio": 0.96181305,
    "researchAndDevelopmentExpenses": 0,
    "generalAndAdministrativeExpenses": 2600000000,
    "sellingAndMarketingExpenses": 364000000,
    "sellingGeneralAndAdministrativeExpenses": 2964000000,
    "otherExpenses": 1833000000,
    "operatingExpenses": 4797000000,
    "costAndExpenses": 5027000000,
    "interestIncome": 767000000,
    "interestExpense": 230000000,
    "depreciationAndAmortization": 124000000,
    "ebitda": 1120000000,
    "ebitdaratio": 0.1859538436,
    "operatingIncome": 996000000,
    "operatingIncomeRatio": 0.1653660966,
    "totalOtherIncomeExpensesNet": 0,
    "incomeBeforeTax": 996000000,
    "incomeBeforeTaxRatio": 0.1653660966,
    "incomeTaxExpense": 304000000,
    "netIncome": 692000000,
    "netIncomeRatio": 0.1148929105,
    "eps": 0.53,
    "epsdiluted": 0.53,
    "weightedAverageShsOut": 1297000000,
    "weightedAverageShsOutDil": 1305000000,
    "link": "https://www.sec.gov/Archives/edgar/data/4962/000000496203000093/0000004962-03-000093-index.htm",
    "finalLink": "https://www.sec.gov/Archives/edgar/data/4962/000000496203000093/main.txt"
  },
  {
    "date": "2002-12-31",
    "symbol": "AXP",
    "reportedCurrency": "USD",
    "cik": "0000004962",
    "fillingDate": "2003-03-27",
    "acceptedDate": "2003-03-26 17:52:53",
    "calendarYear": "2002",
    "period": "Q4",
    "revenue": 6196000000,
    "costOfRevenue": 270000000,
    "grossProfit": 5926000000,
    "grossProfitRatio": 0.956423499,
    "researchAndDevelopmentExpenses": 0,
    "generalAndAdministrativeExpenses": 2629000000,
    "sellingAndMarketingExpenses": 397000000,
    "sellingGeneralAndAdministrativeExpenses": 3026000000,
    "otherExpenses": 1951000000,
    "operatingExpenses": 4977000000,
    "costAndExpenses": 5247000000,
    "interestIncome": 816000000,
    "interestExpense": 270000000,
    "depreciationAndAmortization": 495000000,
    "ebitda": 1444000000,
    "ebitdaratio": 0.233053583,
    "operatingIncome": 949000000,
    "operatingIncomeRatio": 0.1531633312,
    "totalOtherIncomeExpensesNet": 0,
    "incomeBeforeTax": 949000000,
    "incomeBeforeTaxRatio": 0.1531633312,
    "incomeTaxExpense": 266000000,
    "netIncome": 683000000,
    "netIncomeRatio": 0.110232408,
    "eps": 0.53,
    "epsdiluted": 0.52,
    "weightedAverageShsOut": 1297000000,
    "weightedAverageShsOutDil": 1305000000,
    "link": "https://www.sec.gov/Archives/edgar/data/4962/000000496203000042/0000004962-03-000042-index.htm",
    "finalLink": "https://www.sec.gov/Archives/edgar/data/4962/000000496203000042/main2.txt"
  },
  {
    "date": "2002-09-30",
    "symbol": "AXP",
    "reportedCurrency": "USD",
    "cik": "0000004962",
    "fillingDate": "2002-11-13",
    "acceptedDate": "2002-11-13 17:11:05",
    "calendarYear": "2002",
    "period": "Q3",
    "revenue": 5907000000,
    "costOfRevenue": 264000000,
    "grossProfit": 5643000000,
    "grossProfitRatio": 0.9553072626,
    "researchAndDevelopmentExpenses": 0,
    "generalAndAdministrativeExpenses": 2487000000,
    "sellingAndMarketingExpenses": 403000000,
    "sellingGeneralAndAdministrativeExpenses": 2890000000,
    "otherExpenses": 1794000000,
    "operatingExpenses": 4684000000,
    "costAndExpenses": 4948000000,
    "interestIncome": 759000000,
    "interestExpense": 264000000,
    "depreciationAndAmortization": 44000000,
    "ebitda": 1003000000,
    "ebitdaratio": 0.1697985441,
    "operatingIncome": 959000000,
    "operatingIncomeRatio": 0.1623497545,
    "totalOtherIncomeExpensesNet": 0,
    "incomeBeforeTax": 959000000,
    "incomeBeforeTaxRatio": 0.1623497545,
    "incomeTaxExpense": 272000000,
    "netIncome": 687000000,
    "netIncomeRatio": 0.1163026917,
    "eps": 0.52,
    "epsdiluted": 0.52,
    "weightedAverageShsOut": 1323000000,
    "weightedAverageShsOutDil": 1330000000,
    "link": "https://www.sec.gov/Archives/edgar/data/4962/000000496202000057/0000004962-02-000057-index.htm",
    "finalLink": "https://www.sec.gov/Archives/edgar/data/4962/000000496202000057/main.txt"
  },
  {
    "date": "2002-06-30",
    "symbol": "AXP",
    "reportedCurrency": "USD",
    "cik": "0000004962",
    "fillingDate": "2002-08-13",
    "acceptedDate": "2002-08-12 18:49:26",
    "calendarYear": "2002",
    "period": "Q2",
    "revenue": 5945000000,
    "costOfRevenue": 277000000,
    "grossProfit": 5668000000,
    "grossProfitRatio": 0.9534062237,
    "researchAndDevelopmentExpenses": 0,
    "generalAndAdministrativeExpenses": 2558000000,
    "sellingAndMarketingExpenses": 386000000,
    "sellingGeneralAndAdministrativeExpenses": 2944000000,
    "otherExpenses": 1763000000,
    "operatingExpenses": 4707000000,
    "costAndExpenses": 4984000000,
    "interestIncome": 658000000,
    "interestExpense": 277000000,
    "depreciationAndAmortization": 323000000,
    "ebitda": 1284000000,
    "ebitdaratio": 0.215979815,
    "operatingIncome": 961000000,
    "operatingIncomeRatio": 0.1616484441,
    "totalOtherIncomeExpensesNet": 0,
    "incomeBeforeTax": 961000000,
    "incomeBeforeTaxRatio": 0.1616484441,
    "incomeTaxExpense": 278000000,
    "netIncome": 683000000,
    "netIncomeRatio": 0.1148864592,
    "eps": 0.52,
    "epsdiluted": 0.51,
    "weightedAverageShsOut": 1325000000,
    "weightedAverageShsOutDil": 1341000000,
    "link": "https://www.sec.gov/Archives/edgar/data/4962/000000496202000040/0000004962-02-000040-index.htm",
    "finalLink": "https://www.sec.gov/Archives/edgar/data/4962/000000496202000040/q.txt"
  },
  {
    "date": "2002-03-31",
    "symbol": "AXP",
    "reportedCurrency": "USD",
    "cik": "0000004962",
    "fillingDate": "2002-05-14",
    "acceptedDate": "2002-05-14 17:01:16",
    "calendarYear": "2002",
    "period": "Q1",
    "revenue": 5759000000,
    "costOfRevenue": 271000000,
    "grossProfit": 5488000000,
    "grossProfitRatio": 0.9529432193,
    "researchAndDevelopmentExpenses": 0,
    "generalAndAdministrativeExpenses": 2637000000,
    "sellingAndMarketingExpenses": 362000000,
    "sellingGeneralAndAdministrativeExpenses": 2999000000,
    "otherExpenses": 1631000000,
    "operatingExpenses": 4630000000,
    "costAndExpenses": 4901000000,
    "interestIncome": 758000000,
    "interestExpense": 271000000,
    "depreciationAndAmortization": 89000000,
    "ebitda": 947000000,
    "ebitdaratio": 0.1644382705,
    "operatingIncome": 858000000,
    "operatingIncomeRatio": 0.1489841986,
    "totalOtherIncomeExpensesNet": 0,
    "incomeBeforeTax": 858000000,
    "incomeBeforeTaxRatio": 0.1489841986,
    "incomeTaxExpense": 240000000,
    "netIncome": 618000000,
    "netIncomeRatio": 0.1073102969,
    "eps": 0.47,
    "epsdiluted": 0.46,
    "weightedAverageShsOut": 1325000000,
    "weightedAverageShsOutDil": 1335000000,
    "link": "https://www.sec.gov/Archives/edgar/data/4962/000000496202000029/0000004962-02-000029-index.htm",
    "finalLink": "https://www.sec.gov/Archives/edgar/data/4962/000000496202000029/q.txt"
  },
  {
    "date": "2001-12-31",
    "symbol": "AXP",
    "reportedCurrency": "USD",
    "cik": "0000004962",
    "fillingDate": "2002-04-01",
    "acceptedDate": "2002-04-01 00:00:00",
    "calendarYear": "2001",
    "period": "Q4",
    "revenue": 5871000000,
    "costOfRevenue": 342000000,
    "grossProfit": 5529000000,
    "grossProfitRatio": 0.9417475728,
    "researchAndDevelopmentExpenses": 0,
    "generalAndAdministrativeExpenses": 2742000000,
    "sellingAndMarketingExpenses": 304000000,
    "sellingGeneralAndAdministrativeExpenses": 3046000000,
    "otherExpenses": 2135000000,
    "operatingExpenses": 5181000000,
    "costAndExpenses": 5523000000,
    "interestIncome": 777000000,
    "interestExpense": 342000000,
    "depreciationAndAmortization": -10000000,
    "ebitda": 338000000,
    "ebitdaratio": 0.0575711122,
    "operatingIncome": 348000000,
    "operatingIncomeRatio": 0.0592743996,
    "totalOtherIncomeExpensesNet": 0,
    "incomeBeforeTax": 348000000,
    "incomeBeforeTaxRatio": 0.0592743996,
    "incomeTaxExpense": 51000000,
    "netIncome": 297000000,
    "netIncomeRatio": 0.0505876341,
    "eps": 0.22,
    "epsdiluted": 0.22,
    "weightedAverageShsOut": 1325000000,
    "weightedAverageShsOutDil": 1335000000,
    "link": "https://www.sec.gov/Archives/edgar/data/4962/000095011702000727/0000950117-02-000727-index.htm",
    "finalLink": "https://www.sec.gov/Archives/edgar/data/4962/000095011702000727/a32343.txt"
  },
  {
    "date": "2001-09-30",
    "symbol": "AXP",
    "reportedCurrency": "USD",
    "cik": "0000004962",
    "fillingDate": "2001-11-14",
    "acceptedDate": "2001-11-14 00:00:00",
    "calendarYear": "2001",
    "period": "Q3",
    "revenue": 5724000000,
    "costOfRevenue": 385000000,
    "grossProfit": 5339000000,
    "grossProfitRatio": 0.9327393431,
    "researchAndDevelopmentExpenses": 0,
    "generalAndAdministrativeExpenses": 2686000000,
    "sellingAndMarketingExpenses": 327000000,
    "sellingGeneralAndAdministrativeExpenses": 3013000000,
    "otherExpenses": 1972000000,
    "operatingExpenses": 4985000000,
    "costAndExpenses": 5370000000,
    "interestIncome": 736000000,
    "interestExpense": 385000000,
    "depreciationAndAmortization": 1227000000,
    "ebitda": 1581000000,
    "ebitdaratio": 0.2762054507,
    "operatingIncome": 354000000,
    "operatingIncomeRatio": 0.0618448637,
    "totalOtherIncomeExpensesNet": 0,
    "incomeBeforeTax": 354000000,
    "incomeBeforeTaxRatio": 0.0618448637,
    "incomeTaxExpense": 56000000,
    "netIncome": 298000000,
    "netIncomeRatio": 0.0520614955,
    "eps": 0.23,
    "epsdiluted": 0.22,
    "weightedAverageShsOut": 1324000000,
    "weightedAverageShsOutDil": 1335000000,
    "link": "https://www.sec.gov/Archives/edgar/data/4962/000000496201500063/0000004962-01-500063-index.htm",
    "finalLink": "https://www.sec.gov/Archives/edgar/data/4962/000000496201500063/septemberq.txt"
  },
  {
    "date": "2001-06-30",
    "symbol": "AXP",
    "reportedCurrency": "USD",
    "cik": "0000004962",
    "fillingDate": "2001-08-14",
    "acceptedDate": "2001-08-14 00:00:00",
    "calendarYear": "2001",
    "period": "Q2",
    "revenue": 5268000000,
    "costOfRevenue": 412000000,
    "grossProfit": 4856000000,
    "grossProfitRatio": 0.9217919514,
    "researchAndDevelopmentExpenses": 0,
    "generalAndAdministrativeExpenses": 2860000000,
    "sellingAndMarketingExpenses": 332000000,
    "sellingGeneralAndAdministrativeExpenses": 3192000000,
    "otherExpenses": 1511000000,
    "operatingExpenses": 4703000000,
    "costAndExpenses": 5115000000,
    "interestIncome": 12000000,
    "interestExpense": 412000000,
    "depreciationAndAmortization": -222000000,
    "ebitda": -69000000,
    "ebitdaratio": -0.0130979499,
    "operatingIncome": 153000000,
    "operatingIncomeRatio": 0.0290432802,
    "totalOtherIncomeExpensesNet": 0,
    "incomeBeforeTax": 153000000,
    "incomeBeforeTaxRatio": 0.0290432802,
    "incomeTaxExpense": -25000000,
    "netIncome": 178000000,
    "netIncomeRatio": 0.0337889142,
    "eps": 0.13,
    "epsdiluted": 0.13,
    "weightedAverageShsOut": 1321000000,
    "weightedAverageShsOutDil": 1336000000,
    "link": "https://www.sec.gov/Archives/edgar/data/4962/000000496201500055/0000004962-01-500055-index.htm",
    "finalLink": "https://www.sec.gov/Archives/edgar/data/4962/000000496201500055/axp_2nd10-q.txt"
  },
  {
    "date": "2001-03-31",
    "symbol": "AXP",
    "reportedCurrency": "USD",
    "cik": "0000004962",
    "fillingDate": "2001-05-15",
    "acceptedDate": "2001-05-15 00:00:00",
    "calendarYear": "2001",
    "period": "Q1",
    "revenue": 5719000000,
    "costOfRevenue": 361000000,
    "grossProfit": 5358000000,
    "grossProfitRatio": 0.9368770764,
    "researchAndDevelopmentExpenses": 0,
    "generalAndAdministrativeExpenses": 2721000000,
    "sellingAndMarketingExpenses": 338000000,
    "sellingGeneralAndAdministrativeExpenses": 3059000000,
    "otherExpenses": 1558000000,
    "operatingExpenses": 4617000000,
    "costAndExpenses": 4978000000,
    "interestIncome": 611000000,
    "interestExpense": 361000000,
    "depreciationAndAmortization": 201000000,
    "ebitda": 942000000,
    "ebitdaratio": 0.1647141109,
    "operatingIncome": 741000000,
    "operatingIncomeRatio": 0.1295681063,
    "totalOtherIncomeExpensesNet": 0,
    "incomeBeforeTax": 741000000,
    "incomeBeforeTaxRatio": 0.1295681063,
    "incomeTaxExpense": 203000000,
    "netIncome": 538000000,
    "netIncomeRatio": 0.0940723903,
    "eps": 0.41,
    "epsdiluted": 0.4,
    "weightedAverageShsOut": 1323000000,
    "weightedAverageShsOutDil": 1344000000,
    "link": "https://www.sec.gov/Archives/edgar/data/4962/000000496201500034/0000004962-01-500034-index.htm",
    "finalLink": "https://www.sec.gov/Archives/edgar/data/4962/000000496201500034/axp_10q.txt"
  },
  {
    "date": "2000-12-31",
    "symbol": "AXP",
    "reportedCurrency": "USD",
    "cik": "0000004962",
    "fillingDate": "2001-03-30",
    "acceptedDate": "2001-03-30 00:00:00",
    "calendarYear": "2000",
    "period": "Q4",
    "revenue": 6066000000,
    "costOfRevenue": 357000000,
    "grossProfit": 5709000000,
    "grossProfitRatio": 0.9411473788,
    "researchAndDevelopmentExpenses": 0,
    "generalAndAdministrativeExpenses": 2675000000,
    "sellingAndMarketingExpenses": 333000000,
    "sellingGeneralAndAdministrativeExpenses": 3008000000,
    "otherExpenses": 1788000000,
    "operatingExpenses": 4796000000,
    "costAndExpenses": 5153000000,
    "interestIncome": 800000000,
    "interestExpense": 357000000,
    "depreciationAndAmortization": 70000000,
    "ebitda": 983000000,
    "ebitdaratio": 0.1620507748,
    "operatingIncome": 913000000,
    "operatingIncomeRatio": 0.1505110452,
    "totalOtherIncomeExpensesNet": 0,
    "incomeBeforeTax": 913000000,
    "incomeBeforeTaxRatio": 0.1505110452,
    "incomeTaxExpense": 236000000,
    "netIncome": 677000000,
    "netIncomeRatio": 0.111605671,
    "eps": 0.51,
    "epsdiluted": 0.5,
    "weightedAverageShsOut": 1323000000,
    "weightedAverageShsOutDil": 1344000000,
    "link": "https://www.sec.gov/Archives/edgar/data/4962/000000496201500025/0000004962-01-500025-index.htm",
    "finalLink": "https://www.sec.gov/Archives/edgar/data/4962/000000496201500025/axp10k.txt"
  },
  {
    "date": "2000-09-30",
    "symbol": "AXP",
    "reportedCurrency": "USD",
    "cik": "0000004962",
    "fillingDate": "2000-11-13",
    "acceptedDate": "2000-11-13 00:00:00",
    "calendarYear": "2000",
    "period": "Q3",
    "revenue": 5981000000,
    "costOfRevenue": 352000000,
    "grossProfit": 5629000000,
    "grossProfitRatio": 0.9411469654,
    "researchAndDevelopmentExpenses": 0,
    "generalAndAdministrativeExpenses": 2685000000,
    "sellingAndMarketingExpenses": 396000000,
    "sellingGeneralAndAdministrativeExpenses": 3081000000,
    "otherExpenses": 1519000000,
    "operatingExpenses": 4600000000,
    "costAndExpenses": 4952000000,
    "interestIncome": 858000000,
    "interestExpense": 352000000,
    "depreciationAndAmortization": 16000000,
    "ebitda": 1045000000,
    "ebitdaratio": 0.1747199465,
    "operatingIncome": 1029000000,
    "operatingIncomeRatio": 0.1720448086,
    "totalOtherIncomeExpensesNet": 0,
    "incomeBeforeTax": 1029000000,
    "incomeBeforeTaxRatio": 0.1720448086,
    "incomeTaxExpense": 292000000,
    "netIncome": 737000000,
    "netIncomeRatio": 0.1232235412,
    "eps": 0.56,
    "epsdiluted": 0.54,
    "weightedAverageShsOut": 1326000000,
    "weightedAverageShsOutDil": 1361000000,
    "link": "https://www.sec.gov/Archives/edgar/data/4962/000000496200500022/0000004962-00-500022-index.htm",
    "finalLink": "https://www.sec.gov/Archives/edgar/data/4962/000000496200500022/amex.txt"
  },
  {
    "date": "2000-06-30",
    "symbol": "AXP",
    "reportedCurrency": "USD",
    "cik": "0000004962",
    "fillingDate": "2000-08-11",
    "acceptedDate": "2000-08-11 00:00:00",
    "calendarYear": "2000",
    "period": "Q2",
    "revenue": 5970000000,
    "costOfRevenue": 345000000,
    "grossProfit": 5625000000,
    "grossProfitRatio": 0.9422110553,
    "researchAndDevelopmentExpenses": 0,
    "generalAndAdministrativeExpenses": 2644000000,
    "sellingAndMarketingExpenses": 416000000,
    "sellingGeneralAndAdministrativeExpenses": 3060000000,
    "otherExpenses": 1519000000,
    "operatingExpenses": 4579000000,
    "costAndExpenses": 4924000000,
    "interestIncome": 836000000,
    "interestExpense": 345000000,
    "depreciationAndAmortization": 240000000,
    "ebitda": 1286000000,
    "ebitdaratio": 0.2154103853,
    "operatingIncome": 1046000000,
    "operatingIncomeRatio": 0.1752093802,
    "totalOtherIncomeExpensesNet": 0,
    "incomeBeforeTax": 1046000000,
    "incomeBeforeTaxRatio": 0.1752093802,
    "incomeTaxExpense": 306000000,
    "netIncome": 740000000,
    "netIncomeRatio": 0.1239530988,
    "eps": 0.56,
    "epsdiluted": 0.54,
    "weightedAverageShsOut": 1328000000,
    "weightedAverageShsOutDil": 1361000000,
    "link": "https://www.sec.gov/Archives/edgar/data/4962/000000496200500007/0000004962-00-500007-index.htm",
    "finalLink": "https://www.sec.gov/Archives/edgar/data/4962/000000496200500007/amexdoc.txt"
  },
  {
    "date": "2000-03-31",
    "symbol": "AXP",
    "reportedCurrency": "USD",
    "cik": "0000004962",
    "fillingDate": "2000-05-15",
    "acceptedDate": "2000-05-15 00:00:00",
    "calendarYear": "2000",
    "period": "Q1",
    "revenue": 5657000000,
    "costOfRevenue": 299000000,
    "grossProfit": 5358000000,
    "grossProfitRatio": 0.9471451299,
    "researchAndDevelopmentExpenses": 0,
    "generalAndAdministrativeExpenses": 2577000000,
    "sellingAndMarketingExpenses": 370000000,
    "sellingGeneralAndAdministrativeExpenses": 2947000000,
    "otherExpenses": 1491000000,
    "operatingExpenses": 4438000000,
    "costAndExpenses": 4737000000,
    "interestIncome": 796000000,
    "interestExpense": 299000000,
    "depreciationAndAmortization": 67000000,
    "ebitda": 987000000,
    "ebitdaratio": 0.1744741029,
    "operatingIncome": 920000000,
    "operatingIncomeRatio": 0.1626303695,
    "totalOtherIncomeExpensesNet": 0,
    "incomeBeforeTax": 920000000,
    "incomeBeforeTaxRatio": 0.1626303695,
    "incomeTaxExpense": 264000000,
    "netIncome": 656000000,
    "netIncomeRatio": 0.1159625243,
    "eps": 0.49,
    "epsdiluted": 0.48,
    "weightedAverageShsOut": 1331000000,
    "weightedAverageShsOutDil": 1362000000,
    "link": "https://www.sec.gov/Archives/edgar/data/4962/000000496200000037/0000004962-00-000037-index.html",
    "finalLink": "https://www.sec.gov/Archives/edgar/data/4962/000000496200000037/0000004962-00-000037.txt"
  },
  {
    "date": "1999-12-31",
    "symbol": "AXP",
    "reportedCurrency": "USD",
    "cik": "0000004962",
    "fillingDate": "2000-03-29",
    "acceptedDate": "2000-03-29 00:00:00",
    "calendarYear": "1999",
    "period": "Q4",
    "revenue": 5698000000,
    "costOfRevenue": 301000000,
    "grossProfit": 5397000000,
    "grossProfitRatio": 0.9471744472,
    "researchAndDevelopmentExpenses": 0,
    "generalAndAdministrativeExpenses": 2593000000,
    "sellingAndMarketingExpenses": 375000000,
    "sellingGeneralAndAdministrativeExpenses": 2968000000,
    "otherExpenses": 1584000000,
    "operatingExpenses": 4552000000,
    "costAndExpenses": 4853000000,
    "interestIncome": 903000000,
    "interestExpense": 301000000,
    "depreciationAndAmortization": -144000000,
    "ebitda": 701000000,
    "ebitdaratio": 0.123025623,
    "operatingIncome": 845000000,
    "operatingIncomeRatio": 0.1482976483,
    "totalOtherIncomeExpensesNet": 0,
    "incomeBeforeTax": 845000000,
    "incomeBeforeTaxRatio": 0.1482976483,
    "incomeTaxExpense": 239000000,
    "netIncome": 606000000,
    "netIncomeRatio": 0.1063531064,
    "eps": 0.46,
    "epsdiluted": 0.44,
    "weightedAverageShsOut": 1331000000,
    "weightedAverageShsOutDil": 1362000000,
    "link": "https://www.sec.gov/Archives/edgar/data/4962/000000496200000024/0000004962-00-000024-index.html",
    "finalLink": "https://www.sec.gov/Archives/edgar/data/4962/000000496200000024/0000004962-00-000024.txt"
  },
  {
    "date": "1999-09-30",
    "symbol": "AXP",
    "reportedCurrency": "USD",
    "cik": "0000004962",
    "fillingDate": "1999-11-15",
    "acceptedDate": "1999-11-15 00:00:00",
    "calendarYear": "1999",
    "period": "Q3",
    "revenue": 5311000000,
    "costOfRevenue": 262000000,
    "grossProfit": 5049000000,
    "grossProfitRatio": 0.950668424,
    "researchAndDevelopmentExpenses": 0,
    "generalAndAdministrativeExpenses": 2390000000,
    "sellingAndMarketingExpenses": 399000000,
    "sellingGeneralAndAdministrativeExpenses": 2789000000,
    "otherExpenses": 1353000000,
    "operatingExpenses": 4142000000,
    "costAndExpenses": 4404000000,
    "interestIncome": 804000000,
    "interestExpense": 262000000,
    "depreciationAndAmortization": 13000000,
    "ebitda": 920000000,
    "ebitdaratio": 0.1732253813,
    "operatingIncome": 907000000,
    "operatingIncomeRatio": 0.1707776313,
    "totalOtherIncomeExpensesNet": 0,
    "incomeBeforeTax": 907000000,
    "incomeBeforeTaxRatio": 0.1707776313,
    "incomeTaxExpense": 259000000,
    "netIncome": 648000000,
    "netIncomeRatio": 0.1220109207,
    "eps": 0.48,
    "epsdiluted": 0.47,
    "weightedAverageShsOut": 1339339000,
    "weightedAverageShsOutDil": 1370571000,
    "link": "https://www.sec.gov/Archives/edgar/data/4962/000000496299000048/0000004962-99-000048-index.html",
    "finalLink": "https://www.sec.gov/Archives/edgar/data/4962/000000496299000048/0000004962-99-000048.txt"
  },
  {
    "date": "1999-06-30",
    "symbol": "AXP",
    "reportedCurrency": "USD",
    "cik": "0000004962",
    "fillingDate": "1999-08-16",
    "acceptedDate": "1999-08-16 00:00:00",
    "calendarYear": "1999",
    "period": "Q2",
    "revenue": 5298000000,
    "costOfRevenue": 255000000,
    "grossProfit": 5043000000,
    "grossProfitRatio": 0.9518686297,
    "researchAndDevelopmentExpenses": 0,
    "generalAndAdministrativeExpenses": 2395000000,
    "sellingAndMarketingExpenses": 354000000,
    "sellingGeneralAndAdministrativeExpenses": 2749000000,
    "otherExpenses": 1399000000,
    "operatingExpenses": 4148000000,
    "costAndExpenses": 4403000000,
    "interestIncome": 844000000,
    "interestExpense": 255000000,
    "depreciationAndAmortization": 78000000,
    "ebitda": 973000000,
    "ebitdaratio": 0.1836542091,
    "operatingIncome": 895000000,
    "operatingIncomeRatio": 0.1689316723,
    "totalOtherIncomeExpensesNet": 0,
    "incomeBeforeTax": 895000000,
    "incomeBeforeTaxRatio": 0.1689316723,
    "incomeTaxExpense": 249000000,
    "netIncome": 646000000,
    "netIncomeRatio": 0.1219328048,
    "eps": 0.48,
    "epsdiluted": 0.47,
    "weightedAverageShsOut": 1343544000,
    "weightedAverageShsOutDil": 1372673000,
    "link": "https://www.sec.gov/Archives/edgar/data/4962/000000496299000034/0000004962-99-000034-index.html",
    "finalLink": "https://www.sec.gov/Archives/edgar/data/4962/000000496299000034/0000004962-99-000034.txt"
  },
  {
    "date": "1999-03-31",
    "symbol": "AXP",
    "reportedCurrency": "USD",
    "cik": "0000004962",
    "fillingDate": "1999-05-17",
    "acceptedDate": "1999-05-17 00:00:00",
    "calendarYear": "1999",
    "period": "Q1",
    "revenue": 4971000000,
    "costOfRevenue": 234000000,
    "grossProfit": 4737000000,
    "grossProfitRatio": 0.9529269765,
    "researchAndDevelopmentExpenses": 0,
    "generalAndAdministrativeExpenses": 2339000000,
    "sellingAndMarketingExpenses": 297000000,
    "sellingGeneralAndAdministrativeExpenses": 2636000000,
    "otherExpenses": 1310000000,
    "operatingExpenses": 3946000000,
    "costAndExpenses": 4180000000,
    "interestIncome": 795000000,
    "interestExpense": 234000000,
    "depreciationAndAmortization": 66000000,
    "ebitda": 857000000,
    "ebitdaratio": 0.1723999195,
    "operatingIncome": 791000000,
    "operatingIncomeRatio": 0.1591229129,
    "totalOtherIncomeExpensesNet": 0,
    "incomeBeforeTax": 791000000,
    "incomeBeforeTaxRatio": 0.1591229129,
    "incomeTaxExpense": 216000000,
    "netIncome": 575000000,
    "netIncomeRatio": 0.1156708912,
    "eps": 0.43,
    "epsdiluted": 0.42,
    "weightedAverageShsOut": 1344444000,
    "weightedAverageShsOutDil": 1369970000,
    "link": "https://www.sec.gov/Archives/edgar/data/4962/000000496299000020/0000004962-99-000020-index.html",
    "finalLink": "https://www.sec.gov/Archives/edgar/data/4962/0000004962-99-000020.txt"
  },
  {
    "date": "1998-12-31",
    "symbol": "AXP",
    "reportedCurrency": "USD",
    "cik": "0000004962",
    "fillingDate": "1999-03-30",
    "acceptedDate": "1999-03-30 00:00:00",
    "calendarYear": "1998",
    "period": "Q4",
    "revenue": 5063000000,
    "costOfRevenue": 267000000,
    "grossProfit": 4796000000,
    "grossProfitRatio": 0.9472644677,
    "researchAndDevelopmentExpenses": 0,
    "generalAndAdministrativeExpenses": 2403000000,
    "sellingAndMarketingExpenses": 329000000,
    "sellingGeneralAndAdministrativeExpenses": 2732000000,
    "otherExpenses": 1351000000,
    "operatingExpenses": 4083000000,
    "costAndExpenses": 4350000000,
    "interestIncome": 854000000,
    "interestExpense": 267000000,
    "depreciationAndAmortization": -48000000,
    "ebitda": 665000000,
    "ebitdaratio": 0.1313450523,
    "operatingIncome": 713000000,
    "operatingIncomeRatio": 0.1408255975,
    "totalOtherIncomeExpensesNet": 0,
    "incomeBeforeTax": 713000000,
    "incomeBeforeTaxRatio": 0.1408255975,
    "incomeTaxExpense": 183000000,
    "netIncome": 530000000,
    "netIncomeRatio": 0.1046810192,
    "eps": 0.39,
    "epsdiluted": 0.39,
    "weightedAverageShsOut": 1344444000,
    "weightedAverageShsOutDil": 1369970000,
    "link": "https://www.sec.gov/Archives/edgar/data/4962/000000496299000012/0000004962-99-000012-index.html",
    "finalLink": "https://www.sec.gov/Archives/edgar/data/4962/0000004962-99-000012.txt"
  },
  {
    "date": "1998-09-30",
    "symbol": "AXP",
    "reportedCurrency": "USD",
    "cik": "0000004962",
    "fillingDate": "1998-11-16",
    "acceptedDate": "1998-11-16 00:00:00",
    "calendarYear": "1998",
    "period": "Q3",
    "revenue": 4787000000,
    "costOfRevenue": 256000000,
    "grossProfit": 4531000000,
    "grossProfitRatio": 0.94652183,
    "researchAndDevelopmentExpenses": 0,
    "generalAndAdministrativeExpenses": 2232000000,
    "sellingAndMarketingExpenses": 333000000,
    "sellingGeneralAndAdministrativeExpenses": 2565000000,
    "otherExpenses": 1167000000,
    "operatingExpenses": 3732000000,
    "costAndExpenses": 3988000000,
    "interestIncome": 802000000,
    "interestExpense": 256000000,
    "depreciationAndAmortization": -173000000,
    "ebitda": 626000000,
    "ebitdaratio": 0.1307708377,
    "operatingIncome": 799000000,
    "operatingIncomeRatio": 0.1669103823,
    "totalOtherIncomeExpensesNet": 0,
    "incomeBeforeTax": 799000000,
    "incomeBeforeTaxRatio": 0.1669103823,
    "incomeTaxExpense": 225000000,
    "netIncome": 574000000,
    "netIncomeRatio": 0.1199080844,
    "eps": 0.42,
    "epsdiluted": 0.42,
    "weightedAverageShsOut": 1356156000,
    "weightedAverageShsOutDil": 1380180000,
    "link": "https://www.sec.gov/Archives/edgar/data/4962/000000496298000060/0000004962-98-000060-index.html",
    "finalLink": "https://www.sec.gov/Archives/edgar/data/4962/0000004962-98-000060.txt"
  },
  {
    "date": "1998-06-30",
    "symbol": "AXP",
    "reportedCurrency": "USD",
    "cik": "0000004962",
    "fillingDate": "1998-08-14",
    "acceptedDate": "1998-08-14 00:00:00",
    "calendarYear": "1998",
    "period": "Q2",
    "revenue": 4761000000,
    "costOfRevenue": 250000000,
    "grossProfit": 4511000000,
    "grossProfitRatio": 0.9474900231,
    "researchAndDevelopmentExpenses": 0,
    "generalAndAdministrativeExpenses": 1804000000,
    "sellingAndMarketingExpenses": 301000000,
    "sellingGeneralAndAdministrativeExpenses": 2105000000,
    "otherExpenses": 1606000000,
    "operatingExpenses": 3711000000,
    "costAndExpenses": 3961000000,
    "interestIncome": 811000000,
    "interestExpense": 250000000,
    "depreciationAndAmortization": 72000000,
    "ebitda": 872000000,
    "ebitdaratio": 0.1831547994,
    "operatingIncome": 800000000,
    "operatingIncomeRatio": 0.1680319261,
    "totalOtherIncomeExpensesNet": 0,
    "incomeBeforeTax": 800000000,
    "incomeBeforeTaxRatio": 0.1680319261,
    "incomeTaxExpense": 222000000,
    "netIncome": 578000000,
    "netIncomeRatio": 0.1214030666,
    "eps": 0.42,
    "epsdiluted": 0.41,
    "weightedAverageShsOut": 1370270000,
    "weightedAverageShsOutDil": 1397297000,
    "link": "https://www.sec.gov/Archives/edgar/data/4962/000000496298000053/0000004962-98-000053-index.html",
    "finalLink": "https://www.sec.gov/Archives/edgar/data/4962/0000004962-98-000053.txt"
  },
  {
    "date": "1998-03-31",
    "symbol": "AXP",
    "reportedCurrency": "USD",
    "cik": "0000004962",
    "fillingDate": "1998-05-14",
    "acceptedDate": "1998-05-14 00:00:00",
    "calendarYear": "1998",
    "period": "Q1",
    "revenue": 4521000000,
    "costOfRevenue": 226000000,
    "grossProfit": 4295000000,
    "grossProfitRatio": 0.9500110595,
    "researchAndDevelopmentExpenses": 0,
    "generalAndAdministrativeExpenses": 1953000000,
    "sellingAndMarketingExpenses": 265000000,
    "sellingGeneralAndAdministrativeExpenses": 2218000000,
    "otherExpenses": 1463000000,
    "operatingExpenses": 3681000000,
    "costAndExpenses": 3907000000,
    "interestIncome": 810000000,
    "interestExpense": 226000000,
    "depreciationAndAmortization": -63000000,
    "ebitda": 551000000,
    "ebitdaratio": 0.1218756912,
    "operatingIncome": 614000000,
    "operatingIncomeRatio": 0.1358106614,
    "totalOtherIncomeExpensesNet": 0,
    "incomeBeforeTax": 614000000,
    "incomeBeforeTaxRatio": 0.1358106614,
    "incomeTaxExpense": 154000000,
    "netIncome": 460000000,
    "netIncomeRatio": 0.101747401,
    "eps": 0.33,
    "epsdiluted": 0.33,
    "weightedAverageShsOut": 1383483000,
    "weightedAverageShsOutDil": 1383483000,
    "link": "https://www.sec.gov/Archives/edgar/data/4962/000000496298000032/0000004962-98-000032-index.html",
    "finalLink": "https://www.sec.gov/Archives/edgar/data/4962/0000004962-98-000032.txt"
  },
  {
    "date": "1997-12-31",
    "symbol": "AXP",
    "reportedCurrency": "USD",
    "cik": "0000004962",
    "fillingDate": "1998-03-31",
    "acceptedDate": "1998-03-31 00:00:00",
    "calendarYear": "1997",
    "period": "Q4",
    "revenue": 4674000000,
    "costOfRevenue": 250000000,
    "grossProfit": 4424000000,
    "grossProfitRatio": 0.946512623,
    "researchAndDevelopmentExpenses": 0,
    "generalAndAdministrativeExpenses": 2172000000,
    "sellingAndMarketingExpenses": 338000000,
    "sellingGeneralAndAdministrativeExpenses": 2510000000,
    "otherExpenses": 1224000000,
    "operatingExpenses": 3734000000,
    "costAndExpenses": 3984000000,
    "interestIncome": 794000000,
    "interestExpense": 250000000,
    "depreciationAndAmortization": -13000000,
    "ebitda": 677000000,
    "ebitdaratio": 0.1448438169,
    "operatingIncome": 690000000,
    "operatingIncomeRatio": 0.1476251605,
    "totalOtherIncomeExpensesNet": 0,
    "incomeBeforeTax": 690000000,
    "incomeBeforeTaxRatio": 0.1476251605,
    "incomeTaxExpense": 197000000,
    "netIncome": 493000000,
    "netIncomeRatio": 0.1054771074,
    "eps": 0.36,
    "epsdiluted": 0.36,
    "weightedAverageShsOut": 1383483000,
    "weightedAverageShsOutDil": 1383483000,
    "link": "https://www.sec.gov/Archives/edgar/data/4962/000000496298000018/0000004962-98-000018-index.htm",
    "finalLink": "https://www.sec.gov/Archives/edgar/data/4962/000000496298000018/"
  },
  {
    "date": "1997-09-30",
    "symbol": "AXP",
    "reportedCurrency": "USD",
    "cik": "0000004962",
    "fillingDate": "1997-11-14",
    "acceptedDate": "1997-11-14 00:00:00",
    "calendarYear": "1997",
    "period": "Q3",
    "revenue": 4500000000,
    "costOfRevenue": 241000000,
    "grossProfit": 4259000000,
    "grossProfitRatio": 0.9464444444,
    "researchAndDevelopmentExpenses": 0,
    "generalAndAdministrativeExpenses": 2095000000,
    "sellingAndMarketingExpenses": 308000000,
    "sellingGeneralAndAdministrativeExpenses": 2403000000,
    "otherExpenses": 1138000000,
    "operatingExpenses": 3541000000,
    "costAndExpenses": 3782000000,
    "interestIncome": 809000000,
    "interestExpense": 241000000,
    "depreciationAndAmortization": 59000000,
    "ebitda": 777000000,
    "ebitdaratio": 0.1726666667,
    "operatingIncome": 718000000,
    "operatingIncomeRatio": 0.1595555556,
    "totalOtherIncomeExpensesNet": 0,
    "incomeBeforeTax": 718000000,
    "incomeBeforeTaxRatio": 0.1595555556,
    "incomeTaxExpense": 194000000,
    "netIncome": 524000000,
    "netIncomeRatio": 0.1164444444,
    "eps": 0.38,
    "epsdiluted": 0.37,
    "weightedAverageShsOut": 1433033000,
    "weightedAverageShsOutDil": 1433033000,
    "link": "https://www.sec.gov/Archives/edgar/data/4962/000000496297000042/0000004962-97-000042-index.html",
    "finalLink": "https://www.sec.gov/Archives/edgar/data/4962/0000004962-97-000042.txt"
  },
  {
    "date": "1997-06-30",
    "symbol": "AXP",
    "reportedCurrency": "USD",
    "cik": "0000004962",
    "fillingDate": "1997-08-14",
    "acceptedDate": "1997-08-14 00:00:00",
    "calendarYear": "1997",
    "period": "Q2",
    "revenue": 4422000000,
    "costOfRevenue": 238000000,
    "grossProfit": 4184000000,
    "grossProfitRatio": 0.9461781999,
    "researchAndDevelopmentExpenses": 0,
    "generalAndAdministrativeExpenses": 2081000000,
    "sellingAndMarketingExpenses": 258000000,
    "sellingGeneralAndAdministrativeExpenses": 2339000000,
    "otherExpenses": 1143000000,
    "operatingExpenses": 3482000000,
    "costAndExpenses": 3720000000,
    "interestIncome": 795000000,
    "interestExpense": 238000000,
    "depreciationAndAmortization": 47000000,
    "ebitda": 749000000,
    "ebitdaratio": 0.1693803709,
    "operatingIncome": 702000000,
    "operatingIncomeRatio": 0.1587516961,
    "totalOtherIncomeExpensesNet": 0,
    "incomeBeforeTax": 702000000,
    "incomeBeforeTaxRatio": 0.1587516961,
    "incomeTaxExpense": 182000000,
    "netIncome": 520000000,
    "netIncomeRatio": 0.1175938489,
    "eps": 0.37,
    "epsdiluted": 0.36,
    "weightedAverageShsOut": 1439940000,
    "weightedAverageShsOutDil": 1439940000,
    "link": "https://www.sec.gov/Archives/edgar/data/4962/000000496297000037/0000004962-97-000037-index.html",
    "finalLink": "https://www.sec.gov/Archives/edgar/data/4962/0000004962-97-000037.txt"
  },
  {
    "date": "1997-03-31",
    "symbol": "AXP",
    "reportedCurrency": "USD",
    "cik": "0000004962",
    "fillingDate": "1997-05-15",
    "acceptedDate": "1997-05-15 00:00:00",
    "calendarYear": "1997",
    "period": "Q1",
    "revenue": 4164000000,
    "costOfRevenue": 195000000,
    "grossProfit": 3969000000,
    "grossProfitRatio": 0.9531700288,
    "researchAndDevelopmentExpenses": 0,
    "generalAndAdministrativeExpenses": 2007000000,
    "sellingAndMarketingExpenses": 214000000,
    "sellingGeneralAndAdministrativeExpenses": 2221000000,
    "otherExpenses": 1108000000,
    "operatingExpenses": 3329000000,
    "costAndExpenses": 3524000000,
    "interestIncome": 776000000,
    "interestExpense": 195000000,
    "depreciationAndAmortization": 94000000,
    "ebitda": 734000000,
    "ebitdaratio": 0.1762728146,
    "operatingIncome": 640000000,
    "operatingIncomeRatio": 0.153698367,
    "totalOtherIncomeExpensesNet": 0,
    "incomeBeforeTax": 640000000,
    "incomeBeforeTaxRatio": 0.153698367,
    "incomeTaxExpense": 186000000,
    "netIncome": 454000000,
    "netIncomeRatio": 0.1090297791,
    "eps": 0.32,
    "epsdiluted": 0.31,
    "weightedAverageShsOut": 1447748000,
    "weightedAverageShsOutDil": 1447748000,
    "link": "https://www.sec.gov/Archives/edgar/data/4962/000000496297000021/0000004962-97-000021-index.html",
    "finalLink": "https://www.sec.gov/Archives/edgar/data/4962/0000004962-97-000021.txt"
  },
  {
    "date": "1996-12-31",
    "symbol": "AXP",
    "reportedCurrency": "USD",
    "cik": "0000004962",
    "fillingDate": "1997-03-28",
    "acceptedDate": "1997-03-28 00:00:00",
    "calendarYear": "1996",
    "period": "Q4",
    "revenue": 4255000000,
    "costOfRevenue": 247000000,
    "grossProfit": 4008000000,
    "grossProfitRatio": 0.9419506463,
    "researchAndDevelopmentExpenses": 0,
    "generalAndAdministrativeExpenses": 4544000000,
    "sellingAndMarketingExpenses": 309000000,
    "sellingGeneralAndAdministrativeExpenses": 4853000000,
    "otherExpenses": -1688000000,
    "operatingExpenses": 3165000000,
    "costAndExpenses": 3412000000,
    "interestIncome": 811000000,
    "interestExpense": 247000000,
    "depreciationAndAmortization": 64000000,
    "ebitda": 907000000,
    "ebitdaratio": 0.2131609871,
    "operatingIncome": 843000000,
    "operatingIncomeRatio": 0.198119859,
    "totalOtherIncomeExpensesNet": 0,
    "incomeBeforeTax": 843000000,
    "incomeBeforeTaxRatio": 0.198119859,
    "incomeTaxExpense": 249000000,
    "netIncome": 594000000,
    "netIncomeRatio": 0.13960047,
    "eps": 0.41,
    "epsdiluted": 0.41,
    "weightedAverageShsOut": 1443417000,
    "weightedAverageShsOutDil": 1447748000,
    "link": "https://www.sec.gov/Archives/edgar/data/4962/000000496297000012/0000004962-97-000012-index.html",
    "finalLink": "https://www.sec.gov/Archives/edgar/data/4962/0000004962-97-000012.txt"
  },
  {
    "date": "1996-09-30",
    "symbol": "AXP",
    "reportedCurrency": "USD",
    "cik": "0000004962",
    "fillingDate": "1996-11-14",
    "acceptedDate": "1996-11-14 00:00:00",
    "calendarYear": "1996",
    "period": "Q3",
    "revenue": 4056000000,
    "costOfRevenue": 269000000,
    "grossProfit": 3787000000,
    "grossProfitRatio": 0.933678501,
    "researchAndDevelopmentExpenses": 0,
    "generalAndAdministrativeExpenses": 973000000,
    "sellingAndMarketingExpenses": 293000000,
    "sellingGeneralAndAdministrativeExpenses": 1266000000,
    "otherExpenses": 1900000000,
    "operatingExpenses": 3166000000,
    "costAndExpenses": 3435000000,
    "interestIncome": 796000000,
    "interestExpense": 269000000,
    "depreciationAndAmortization": 181000000,
    "ebitda": 802000000,
    "ebitdaratio": 0.1977317554,
    "operatingIncome": 621000000,
    "operatingIncomeRatio": 0.1531065089,
    "totalOtherIncomeExpensesNet": 0,
    "incomeBeforeTax": 621000000,
    "incomeBeforeTaxRatio": 0.1531065089,
    "incomeTaxExpense": 163000000,
    "netIncome": 458000000,
    "netIncomeRatio": 0.1129191321,
    "eps": 0.33,
    "epsdiluted": 0.32,
    "weightedAverageShsOut": 1447147000,
    "weightedAverageShsOutDil": 1447147000,
    "link": "https://www.sec.gov/Archives/edgar/data/4962/000000496296000047/0000004962-96-000047-index.html",
    "finalLink": "https://www.sec.gov/Archives/edgar/data/4962/0000004962-96-000047.txt"
  },
  {
    "date": "1996-06-30",
    "symbol": "AXP",
    "reportedCurrency": "USD",
    "cik": "0000004962",
    "fillingDate": "1996-08-14",
    "acceptedDate": "1996-08-14 00:00:00",
    "calendarYear": "1996",
    "period": "Q2",
    "revenue": 4044000000,
    "costOfRevenue": 309000000,
    "grossProfit": 3735000000,
    "grossProfitRatio": 0.9235905045,
    "researchAndDevelopmentExpenses": 0,
    "generalAndAdministrativeExpenses": 1046000000,
    "sellingAndMarketingExpenses": 262000000,
    "sellingGeneralAndAdministrativeExpenses": 1308000000,
    "otherExpenses": 1791000000,
    "operatingExpenses": 3099000000,
    "costAndExpenses": 3408000000,
    "interestIncome": 844000000,
    "interestExpense": 309000000,
    "depreciationAndAmortization": -16000000,
    "ebitda": 620000000,
    "ebitdaratio": 0.1533135509,
    "operatingIncome": 636000000,
    "operatingIncomeRatio": 0.1572700297,
    "totalOtherIncomeExpensesNet": 0,
    "incomeBeforeTax": 636000000,
    "incomeBeforeTaxRatio": 0.1572700297,
    "incomeTaxExpense": 184000000,
    "netIncome": 452000000,
    "netIncomeRatio": 0.1117705242,
    "eps": 0.32,
    "epsdiluted": 0.31,
    "weightedAverageShsOut": 1462462000,
    "weightedAverageShsOutDil": 1462462000,
    "link": "https://www.sec.gov/Archives/edgar/data/4962/000000496296000033/0000004962-96-000033-index.html",
    "finalLink": "https://www.sec.gov/Archives/edgar/data/4962/0000004962-96-000033.txt"
  },
  {
    "date": "1996-03-31",
    "symbol": "AXP",
    "reportedCurrency": "USD",
    "cik": "0000004962",
    "fillingDate": "1996-05-15",
    "acceptedDate": "1996-05-15 00:00:00",
    "calendarYear": "1996",
    "period": "Q1",
    "revenue": 3882000000,
    "costOfRevenue": 291000000,
    "grossProfit": 3591000000,
    "grossProfitRatio": 0.9250386399,
    "researchAndDevelopmentExpenses": 0,
    "generalAndAdministrativeExpenses": 1908000000,
    "sellingAndMarketingExpenses": 207000000,
    "sellingGeneralAndAdministrativeExpenses": 2115000000,
    "otherExpenses": 911000000,
    "operatingExpenses": 3026000000,
    "costAndExpenses": 3317000000,
    "interestIncome": 838000000,
    "interestExpense": 291000000,
    "depreciationAndAmortization": 37000000,
    "ebitda": 602000000,
    "ebitdaratio": 0.1550747038,
    "operatingIncome": 565000000,
    "operatingIncomeRatio": 0.1455435343,
    "totalOtherIncomeExpensesNet": 0,
    "incomeBeforeTax": 565000000,
    "incomeBeforeTaxRatio": 0.1455435343,
    "incomeTaxExpense": 169000000,
    "netIncome": 396000000,
    "netIncomeRatio": 0.1020092736,
    "eps": 0.27,
    "epsdiluted": 0.27,
    "weightedAverageShsOut": 1473273000,
    "weightedAverageShsOutDil": 1473273000,
    "link": "https://www.sec.gov/Archives/edgar/data/4962/000000496296000027/0000004962-96-000027-index.html",
    "finalLink": "https://www.sec.gov/Archives/edgar/data/4962/0000004962-96-000027.txt"
  },
  {
    "date": "1995-12-31",
    "symbol": "AXP",
    "reportedCurrency": "USD",
    "cik": "0000004962",
    "fillingDate": "1996-03-29",
    "acceptedDate": "1996-03-29 00:00:00",
    "calendarYear": "1995",
    "period": "Q4",
    "revenue": 4049000000,
    "costOfRevenue": 310000000,
    "grossProfit": 3739000000,
    "grossProfitRatio": 0.9234378859,
    "researchAndDevelopmentExpenses": 0,
    "generalAndAdministrativeExpenses": 1957000000,
    "sellingAndMarketingExpenses": 222000000,
    "sellingGeneralAndAdministrativeExpenses": 2179000000,
    "otherExpenses": 1018000000,
    "operatingExpenses": 3197000000,
    "costAndExpenses": 3507000000,
    "interestIncome": 1131000000,
    "interestExpense": 310000000,
    "depreciationAndAmortization": 130000000,
    "ebitda": 672000000,
    "ebitdaratio": 0.1659669054,
    "operatingIncome": 542000000,
    "operatingIncomeRatio": 0.1338602124,
    "totalOtherIncomeExpensesNet": 0,
    "incomeBeforeTax": 542000000,
    "incomeBeforeTaxRatio": 0.1338602124,
    "incomeTaxExpense": 157000000,
    "netIncome": 385000000,
    "netIncomeRatio": 0.0950852062,
    "eps": 0.26,
    "epsdiluted": 0.26,
    "weightedAverageShsOut": 1473273000,
    "weightedAverageShsOutDil": 1473273000,
    "link": "https://www.sec.gov/Archives/edgar/data/4962/000000496296000013/0000004962-96-000013-index.html",
    "finalLink": "https://www.sec.gov/Archives/edgar/data/4962/0000004962-96-000013.txt"
  },
  {
    "date": "1995-09-30",
    "symbol": "AXP",
    "reportedCurrency": "USD",
    "cik": "0000004962",
    "fillingDate": "1995-11-14",
    "acceptedDate": "1995-11-14 00:00:00",
    "calendarYear": "1995",
    "period": "Q3",
    "revenue": 4054000000,
    "costOfRevenue": 310000000,
    "grossProfit": 3744000000,
    "grossProfitRatio": 0.9235323138,
    "researchAndDevelopmentExpenses": 0,
    "generalAndAdministrativeExpenses": 1933000000,
    "sellingAndMarketingExpenses": 261000000,
    "sellingGeneralAndAdministrativeExpenses": 2194000000,
    "otherExpenses": 979000000,
    "operatingExpenses": 3173000000,
    "costAndExpenses": 3483000000,
    "interestIncome": 1166000000,
    "interestExpense": 310000000,
    "depreciationAndAmortization": 67000000,
    "ebitda": 638000000,
    "ebitdaratio": 0.1573754317,
    "operatingIncome": 571000000,
    "operatingIncomeRatio": 0.1408485446,
    "totalOtherIncomeExpensesNet": 0,
    "incomeBeforeTax": 571000000,
    "incomeBeforeTaxRatio": 0.1408485446,
    "incomeTaxExpense": 155000000,
    "netIncome": 416000000,
    "netIncomeRatio": 0.1026147015,
    "eps": 0.28,
    "epsdiluted": 0.28,
    "weightedAverageShsOut": 1491039000,
    "weightedAverageShsOutDil": 1491039000,
    "link": "https://www.sec.gov/Archives/edgar/data/4962/000000496295000043/0000004962-95-000043-index.html",
    "finalLink": "https://www.sec.gov/Archives/edgar/data/4962/0000004962-95-000043.txt"
  }
]