[
  {
    "date": "2024-12-31",
    "symbol": "AXP",
    "reportedCurrency": "USD",
    "cik": "0000004962",
    "fillingDate": "2025-02-07",
    "acceptedDate": "2025-02-07 14:10:04",
    "calendarYear": "2024",
    "period": "FY",
    "revenue": 74201000000,
    "costOfRevenue": 13437000000,
    "grossProfit": 60764000000,
    "grossProfitRatio": 0.8189107964,
    "researchAndDevelopmentExpenses": 0,
    "generalAndAdministrativeExpenses": 8198000000,
    "sellingAndMarketingExpenses": 6040000000,
    "sellingGeneralAndAdministrativeExpenses": 14238000000,
    "otherExpenses": 33631000000,
    "operatingExpenses": 47869000000,
    "costAndExpenses": 61306000000,
    "interestIncome": 23795000000,
    "interestExpense": 8252000000,
    "depreciationAndAmortization": 1676000000,
    "ebitda": 14571000000,
    "ebitdaratio": 0.1963720165,
    "operatingIncome": 12895000000,
    "operatingIncomeRatio": 0.1737847199,
    "totalOtherIncomeExpensesNet": 0,
    "incomeBeforeTax": 12895000000,
    "incomeBeforeTaxRatio": 0.1737847199,
    "incomeTaxExpense": 2766000000,
    "netIncome": 10129000000,
    "netIncomeRatio": 0.1365075942,
    "eps": 13.82,
    "epsdiluted": 14.02,
    "weightedAverageShsOut": 713000000,
    "weightedAverageShsOutDil": 713000000,
    "link": "https://www.sec.gov/Archives/edgar/data/4962/000000496225000016/0000004962-25-000016-index.htm",
    "finalLink": "https://www.sec.gov/Archives/edgar/data/4962/000000496225000016/axp-20241231.htm"
  },
  {
    "date": "2023-12-31",
    "symbol": "AXP",
    "reportedCurrency": "USD",
    "cik": "0000004962",
    "fillingDate": "2024-02-09",
    "acceptedDate": "2024-02-09 14:08:08",
    "calendarYear": "2023",
    "period": "FY",
    "revenue": 67364000000,
    "costOfRevenue": 11772000000,
    "grossProfit": 55592000000,
    "grossProfitRatio": 0.8252479069,
    "researchAndDevelopmentExpenses": 0,
    "generalAndAdministrativeExpenses": 8067000000,
    "sellingAndMarketingExpenses": 5213000000,
    "sellingGeneralAndAdministrativeExpenses": 13280000000,
    "otherExpenses": 31799000000,
    "operatingExpenses": 45079000000,
    "costAndExpenses": 56851000000,
    "interestIncome": 19983000000,
    "interestExpense": 6849000000,
    "depreciationAndAmortization": 1651000000,
    "ebitda": 12164000000,
    "ebitdaratio": 0.180571225,
    "operatingIncome": 10513000000,
    "operatingIncomeRatio": 0.1560625854,
    "totalOtherIncomeExpensesNet": 0,
    "incomeBeforeTax": 10513000000,
    "incomeBeforeTaxRatio": 0.1560625854,
    "incomeTaxExpense": 2139000000,
    "netIncome": 8374000000,
    "netIncomeRatio": 0.1243097203,
    "eps": 11.23,
    "epsdiluted": 11.21,
    "weightedAverageShsOut": 735000000,
    "weightedAverageShsOutDil": 736000000,
    "link": "https://www.sec.gov/Archives/edgar/data/4962/000000496224000013/0000004962-24-000013-index.htm",
    "finalLink": "https://www.sec.gov/Archives/edgar/data/4962/000000496224000013/axp-20231231.htm"
  },
  {
    "date": "2022-12-31",
    "symbol": "AXP",
    "reportedCurrency": "USD",
    "cik": "0000004962",
    "fillingDate": "2023-02-10",
    "acceptedDate": "2023-02-10 15:21:14",
    "calendarYear": "2022",
    "period": "FY",
    "revenue": 55625000000,
    "costOfRevenue": 4945000000,
    "grossProfit": 50680000000,
    "grossProfitRatio": 0.9111011236,
    "researchAndDevelopmentExpenses": 0,
    "generalAndAdministrativeExpenses": 7252000000,
    "sellingAndMarketingExpenses": 5458000000,
    "sellingGeneralAndAdministrativeExpenses": 12710000000,
    "otherExpenses": 28385000000,
    "operatingExpenses": 41095000000,
    "costAndExpenses": 46040000000,
    "interestIncome": 12658000000,
    "interestExpense": 2763000000,
    "depreciationAndAmortization": 1626000000,
    "ebitda": 11211000000,
    "ebitdaratio": 0.2015460674,
    "operatingIncome": 9585000000,
    "operatingIncomeRatio": 0.1723146067,
    "totalOtherIncomeExpensesNet": 0,
    "incomeBeforeTax": 9585000000,
    "incomeBeforeTaxRatio": 0.1723146067,
    "incomeTaxExpense": 2071000000,
    "netIncome": 7514000000,
    "netIncomeRatio": 0.1350831461,
    "eps": 9.85,
    "epsdiluted": 9.84,
    "weightedAverageShsOut": 751000000,
    "weightedAverageShsOutDil": 752000000,
    "link": "https://www.sec.gov/Archives/edgar/data/4962/000000496223000006/0000004962-23-000006-index.htm",
    "finalLink": "https://www.sec.gov/Archives/edgar/data/4962/000000496223000006/axp-20221231.htm"
  },
  {
    "date": "2021-12-31",
    "symbol": "AXP",
    "reportedCurrency": "USD",
    "cik": "0000004962",
    "fillingDate": "2022-02-11",
    "acceptedDate": "2022-02-11 15:42:21",
    "calendarYear": "2021",
    "period": "FY",
    "revenue": 44430000000,
    "costOfRevenue": -136000000,
    "grossProfit": 44566000000,
    "grossProfitRatio": 1.0030609948,
    "researchAndDevelopmentExpenses": 0,
    "generalAndAdministrativeExpenses": 6240000000,
    "sellingAndMarketingExpenses": 5291000000,
    "sellingGeneralAndAdministrativeExpenses": 11531000000,
    "otherExpenses": 22346000000,
    "operatingExpenses": 33877000000,
    "costAndExpenses": 33741000000,
    "interestIncome": 9033000000,
    "interestExpense": 1283000000,
    "depreciationAndAmortization": 1695000000,
    "ebitda": 12384000000,
    "ebitdaratio": 0.2787305874,
    "operatingIncome": 10689000000,
    "operatingIncomeRatio": 0.2405806887,
    "totalOtherIncomeExpensesNet": 0,
    "incomeBeforeTax": 10689000000,
    "incomeBeforeTaxRatio": 0.2405806887,
    "incomeTaxExpense": 2629000000,
    "netIncome": 8060000000,
    "netIncomeRatio": 0.1814089579,
    "eps": 10.03,
    "epsdiluted": 10.02,
    "weightedAverageShsOut": 789000000,
    "weightedAverageShsOutDil": 790000000,
    "link": "https://www.sec.gov/Archives/edgar/data/4962/000000496222000008/0000004962-22-000008-index.htm",
    "finalLink": "https://www.sec.gov/Archives/edgar/data/4962/000000496222000008/axp-20211231.htm"
  },
  {
    "date": "2020-12-31",
    "symbol": "AXP",
    "reportedCurrency": "USD",
    "cik": "0000004962",
    "fillingDate": "2021-02-12",
    "acceptedDate": "2021-02-12 14:26:54",
    "calendarYear": "2020",
    "period": "FY",
    "revenue": 38337000000,
    "costOfRevenue": 6828000000,
    "grossProfit": 31509000000,
    "grossProfitRatio": 0.821895297,
    "researchAndDevelopmentExpenses": 0,
    "generalAndAdministrativeExpenses": 5718000000,
    "sellingAndMarketingExpenses": 3696000000,
    "sellingGeneralAndAdministrativeExpenses": 9414000000,
    "otherExpenses": 17799000000,
    "operatingExpenses": 27213000000,
    "costAndExpenses": 34041000000,
    "interestIncome": 10083000000,
    "interestExpense": 2098000000,
    "depreciationAndAmortization": 1543000000,
    "ebitda": 5839000000,
    "ebitdaratio": 0.1523071706,
    "operatingIncome": 4296000000,
    "operatingIncomeRatio": 0.1120588465,
    "totalOtherIncomeExpensesNet": 0,
    "incomeBeforeTax": 4296000000,
    "incomeBeforeTaxRatio": 0.1120588465,
    "incomeTaxExpense": 1161000000,
    "netIncome": 3135000000,
    "netIncomeRatio": 0.0817747868,
    "eps": 3.77,
    "epsdiluted": 3.77,
    "weightedAverageShsOut": 805000000,
    "weightedAverageShsOutDil": 806000000,
    "link": "https://www.sec.gov/Archives/edgar/data/4962/000000496221000013/0000004962-21-000013-index.htm",
    "finalLink": "https://www.sec.gov/Archives/edgar/data/4962/000000496221000013/axp-20201231.htm"
  },
  {
    "date": "2019-12-31",
    "symbol": "AXP",
    "reportedCurrency": "USD",
    "cik": "0000004962",
    "fillingDate": "2020-02-13",
    "acceptedDate": "2020-02-13 16:04:42",
    "calendarYear": "2019",
    "period": "FY",
    "revenue": 47097000000,
    "costOfRevenue": 7037000000,
    "grossProfit": 40060000000,
    "grossProfitRatio": 0.8505849629,
    "researchAndDevelopmentExpenses": 0,
    "generalAndAdministrativeExpenses": 5911000000,
    "sellingAndMarketingExpenses": 7125000000,
    "sellingGeneralAndAdministrativeExpenses": 13036000000,
    "otherExpenses": 18595000000,
    "operatingExpenses": 31631000000,
    "costAndExpenses": 38668000000,
    "interestIncome": 12084000000,
    "interestExpense": 3464000000,
    "depreciationAndAmortization": 1188000000,
    "ebitda": 9617000000,
    "ebitdaratio": 0.2041955963,
    "operatingIncome": 8429000000,
    "operatingIncomeRatio": 0.1789710597,
    "totalOtherIncomeExpensesNet": 0,
    "incomeBeforeTax": 8429000000,
    "incomeBeforeTaxRatio": 0.1789710597,
    "incomeTaxExpense": 1670000000,
    "netIncome": 6759000000,
    "netIncomeRatio": 0.1435123256,
    "eps": 8.01,
    "epsdiluted": 7.99,
    "weightedAverageShsOut": 828000000,
    "weightedAverageShsOutDil": 830000000,
    "link": "https://www.sec.gov/Archives/edgar/data/4962/000000496220000030/0000004962-20-000030-index.htm",
    "finalLink": "https://www.sec.gov/Archives/edgar/data/4962/000000496220000030/axp-20191231.htm"
  },
  {
    "date": "2018-12-31",
    "symbol": "AXP",
    "reportedCurrency": "USD",
    "cik": "0000004962",
    "fillingDate": "2019-02-13",
    "acceptedDate": "2019-02-13 17:21:47",
    "calendarYear": "2018",
    "period": "FY",
    "revenue": 43258000000,
    "costOfRevenue": 6295000000,
    "grossProfit": 36963000000,
    "grossProfitRatio": 0.8544777845,
    "researchAndDevelopmentExpenses": 0,
    "generalAndAdministrativeExpenses": 5392000000,
    "sellingAndMarketingExpenses": 6477000000,
    "sellingGeneralAndAdministrativeExpenses": 11869000000,
    "otherExpenses": 17114000000,
    "operatingExpenses": 28841000000,
    "costAndExpenses": 35136000000,
    "interestIncome": 10606000000,
    "interestExpense": 2943000000,
    "depreciationAndAmortization": 1293000000,
    "ebitda": 9415000000,
    "ebitdaratio": 0.2176476028,
    "operatingIncome": 8122000000,
    "operatingIncomeRatio": 0.1877571779,
    "totalOtherIncomeExpensesNet": 0,
    "incomeBeforeTax": 8122000000,
    "incomeBeforeTaxRatio": 0.1877571779,
    "incomeTaxExpense": 1201000000,
    "netIncome": 6921000000,
    "netIncomeRatio": 0.1599935272,
    "eps": 8.09,
    "epsdiluted": 8.06,
    "weightedAverageShsOut": 856000000,
    "weightedAverageShsOutDil": 859000000,
    "link": "https://www.sec.gov/Archives/edgar/data/4962/000000496219000018/0000004962-19-000018-index.htm",
    "finalLink": "https://www.sec.gov/Archives/edgar/data/4962/000000496219000018/axp201810k.htm"
  },
  {
    "date": "2017-12-31",
    "symbol": "AXP",
    "reportedCurrency": "USD",
    "cik": "0000004962",
    "fillingDate": "2018-02-16",
    "acceptedDate": "2018-02-16 16:54:58",
    "calendarYear": "2017",
    "period": "FY",
    "revenue": 38990000000,
    "costOfRevenue": 4872000000,
    "grossProfit": 34118000000,
    "grossProfitRatio": 0.8750448833,
    "researchAndDevelopmentExpenses": 0,
    "generalAndAdministrativeExpenses": 5367000000,
    "sellingAndMarketingExpenses": 5722000000,
    "sellingGeneralAndAdministrativeExpenses": 10980000000,
    "otherExpenses": 15713000000,
    "operatingExpenses": 26693000000,
    "costAndExpenses": 31565000000,
    "interestIncome": 8563000000,
    "interestExpense": 2112000000,
    "depreciationAndAmortization": 1321000000,
    "ebitda": 8746000000,
    "ebitdaratio": 0.2243139266,
    "operatingIncome": 7425000000,
    "operatingIncomeRatio": 0.1904334445,
    "totalOtherIncomeExpensesNet": 0,
    "incomeBeforeTax": 7425000000,
    "incomeBeforeTaxRatio": 0.1904334445,
    "incomeTaxExpense": 4677000000,
    "netIncome": 2748000000,
    "netIncomeRatio": 0.0704796102,
    "eps": 2.98,
    "epsdiluted": 2.97,
    "weightedAverageShsOut": 883000000,
    "weightedAverageShsOutDil": 886000000,
    "link": "https://www.sec.gov/Archives/edgar/data/4962/000000496218000032/0000004962-18-000032-index.htm",
    "finalLink": "https://www.sec.gov/Archives/edgar/data/4962/000000496218000032/axp201710k.htm"
  },
  {
    "date": "2016-12-31",
    "symbol": "AXP",
    "reportedCurrency": "USD",
    "cik": "0000004962",
    "fillingDate": "2017-02-17",
    "acceptedDate": "2017-02-17 11:45:00",
    "calendarYear": "2016",
    "period": "FY",
    "revenue": 38361000000,
    "costOfRevenue": 3732000000,
    "grossProfit": 33227000000,
    "grossProfitRatio": 0.8661661583,
    "researchAndDevelopmentExpenses": 0,
    "generalAndAdministrativeExpenses": 5259000000,
    "sellingAndMarketingExpenses": 6249000000,
    "sellingGeneralAndAdministrativeExpenses": 11508000000,
    "otherExpenses": 15079000000,
    "operatingExpenses": 26587000000,
    "costAndExpenses": 30319000000,
    "interestIncome": 7484000000,
    "interestExpense": 1705000000,
    "depreciationAndAmortization": 1095000000,
    "ebitda": 9137000000,
    "ebitdaratio": 0.2381846146,
    "operatingIncome": 8042000000,
    "operatingIncomeRatio": 0.209639999,
    "totalOtherIncomeExpensesNet": 0,
    "incomeBeforeTax": 8042000000,
    "incomeBeforeTaxRatio": 0.209639999,
    "incomeTaxExpense": 2667000000,
    "netIncome": 5375000000,
    "netIncomeRatio": 0.1401162639,
    "eps": 5.67,
    "epsdiluted": 5.65,
    "weightedAverageShsOut": 933000000,
    "weightedAverageShsOutDil": 935000000,
    "link": "https://www.sec.gov/Archives/edgar/data/4962/000119312517047588/0001193125-17-047588-index.htm",
    "finalLink": "https://www.sec.gov/Archives/edgar/data/4962/000119312517047588/d321397d10k.htm"
  },
  {
    "date": "2015-12-31",
    "symbol": "AXP",
    "reportedCurrency": "USD",
    "cik": "0000004962",
    "fillingDate": "2016-02-19",
    "acceptedDate": "2016-02-19 14:36:25",
    "calendarYear": "2015",
    "period": "FY",
    "revenue": 34380000000,
    "costOfRevenue": 3611000000,
    "grossProfit": 30769000000,
    "grossProfitRatio": 0.8949680047,
    "researchAndDevelopmentExpenses": 0,
    "generalAndAdministrativeExpenses": 5196000000,
    "sellingAndMarketingExpenses": 3109000000,
    "sellingGeneralAndAdministrativeExpenses": 8305000000,
    "otherExpenses": 14746000000,
    "operatingExpenses": 22831000000,
    "costAndExpenses": 26442000000,
    "interestIncome": 7545000000,
    "interestExpense": 1623000000,
    "depreciationAndAmortization": 1043000000,
    "ebitda": 8981000000,
    "ebitdaratio": 0.2612274578,
    "operatingIncome": 7938000000,
    "operatingIncomeRatio": 0.2308900524,
    "totalOtherIncomeExpensesNet": 0,
    "incomeBeforeTax": 7938000000,
    "incomeBeforeTaxRatio": 0.2308900524,
    "incomeTaxExpense": 2775000000,
    "netIncome": 5163000000,
    "netIncomeRatio": 0.1501745201,
    "eps": 5.07,
    "epsdiluted": 5.05,
    "weightedAverageShsOut": 999000000,
    "weightedAverageShsOutDil": 1003000000,
    "link": "https://www.sec.gov/Archives/edgar/data/4962/000119312516469798/0001193125-16-469798-index.htm",
    "finalLink": "https://www.sec.gov/Archives/edgar/data/4962/000119312516469798/d131774d10k.htm"
  },
  {
    "date": "2014-12-31",
    "symbol": "AXP",
    "reportedCurrency": "USD",
    "cik": "0000004962",
    "fillingDate": "2015-02-24",
    "acceptedDate": "2015-02-24 15:38:15",
    "calendarYear": "2014",
    "period": "FY",
    "revenue": 35151000000,
    "costOfRevenue": 3751000000,
    "grossProfit": 31400000000,
    "grossProfitRatio": 0.8932889534,
    "researchAndDevelopmentExpenses": 0,
    "generalAndAdministrativeExpenses": 6095000000,
    "sellingAndMarketingExpenses": 3216000000,
    "sellingGeneralAndAdministrativeExpenses": 9311000000,
    "otherExpenses": 13098000000,
    "operatingExpenses": 22409000000,
    "costAndExpenses": 26160000000,
    "interestIncome": 7179000000,
    "interestExpense": 1707000000,
    "depreciationAndAmortization": 1012000000,
    "ebitda": 10003000000,
    "ebitdaratio": 0.2845722739,
    "operatingIncome": 8991000000,
    "operatingIncomeRatio": 0.2557821968,
    "totalOtherIncomeExpensesNet": 0,
    "incomeBeforeTax": 8991000000,
    "incomeBeforeTaxRatio": 0.2557821968,
    "incomeTaxExpense": 3106000000,
    "netIncome": 5885000000,
    "netIncomeRatio": 0.167420557,
    "eps": 5.58,
    "epsdiluted": 5.56,
    "weightedAverageShsOut": 1045000000,
    "weightedAverageShsOutDil": 1051000000,
    "link": "https://www.sec.gov/Archives/edgar/data/4962/000119312515059931/0001193125-15-059931-index.htm",
    "finalLink": "https://www.sec.gov/Archives/edgar/data/4962/000119312515059931/d862737d10k.htm"
  },
  {
    "date": "2013-12-31",
    "symbol": "AXP",
    "reportedCurrency": "USD",
    "cik": "0000004962",
    "fillingDate": "2014-02-25",
    "acceptedDate": "2014-02-25 12:48:41",
    "calendarYear": "2013",
    "period": "FY",
    "revenue": 34824000000,
    "costOfRevenue": 3790000000,
    "grossProfit": 31034000000,
    "grossProfitRatio": 0.8911670113,
    "researchAndDevelopmentExpenses": 0,
    "generalAndAdministrativeExpenses": 6191000000,
    "sellingAndMarketingExpenses": 2939000000,
    "sellingGeneralAndAdministrativeExpenses": 9130000000,
    "otherExpenses": 14016000000,
    "operatingExpenses": 23146000000,
    "costAndExpenses": 26936000000,
    "interestIncome": 7005000000,
    "interestExpense": 1958000000,
    "depreciationAndAmortization": 1020000000,
    "ebitda": 8908000000,
    "ebitdaratio": 0.2558005973,
    "operatingIncome": 7888000000,
    "operatingIncomeRatio": 0.2265104526,
    "totalOtherIncomeExpensesNet": 0,
    "incomeBeforeTax": 7888000000,
    "incomeBeforeTaxRatio": 0.2265104526,
    "incomeTaxExpense": 2529000000,
    "netIncome": 5359000000,
    "netIncomeRatio": 0.1538881231,
    "eps": 4.91,
    "epsdiluted": 4.88,
    "weightedAverageShsOut": 1082000000,
    "weightedAverageShsOutDil": 1089000000,
    "link": "https://www.sec.gov/Archives/edgar/data/4962/000119312514066777/0001193125-14-066777-index.htm",
    "finalLink": "https://www.sec.gov/Archives/edgar/data/4962/000119312514066777/d656045d10k.htm"
  },
  {
    "date": "2012-12-31",
    "symbol": "AXP",
    "reportedCurrency": "USD",
    "cik": "0000004962",
    "fillingDate": "2013-02-22",
    "acceptedDate": "2013-02-22 09:45:18",
    "calendarYear": "2012",
    "period": "FY",
    "revenue": 33781000000,
    "costOfRevenue": 3938000000,
    "grossProfit": 29843000000,
    "grossProfitRatio": 0.8834255943,
    "researchAndDevelopmentExpenses": 0,
    "generalAndAdministrativeExpenses": 6597000000,
    "sellingAndMarketingExpenses": 9944000000,
    "sellingGeneralAndAdministrativeExpenses": 16541000000,
    "otherExpenses": 6851000000,
    "operatingExpenses": 23392000000,
    "costAndExpenses": 27330000000,
    "interestIncome": 6854000000,
    "interestExpense": 2226000000,
    "depreciationAndAmortization": 991000000,
    "ebitda": 7442000000,
    "ebitdaratio": 0.2203013528,
    "operatingIncome": 6451000000,
    "operatingIncomeRatio": 0.1909653355,
    "totalOtherIncomeExpensesNet": 0,
    "incomeBeforeTax": 6451000000,
    "incomeBeforeTaxRatio": 0.1909653355,
    "incomeTaxExpense": 1969000000,
    "netIncome": 4482000000,
    "netIncomeRatio": 0.1326781327,
    "eps": 3.91,
    "epsdiluted": 3.89,
    "weightedAverageShsOut": 1135000000,
    "weightedAverageShsOutDil": 1141000000,
    "link": "https://www.sec.gov/Archives/edgar/data/4962/000119312513070554/0001193125-13-070554-index.htm",
    "finalLink": "https://www.sec.gov/Archives/edgar/data/4962/000119312513070554/d486442d10k.htm"
  },
  {
    "date": "2011-12-31",
    "symbol": "AXP",
    "reportedCurrency": "USD",
    "cik": "0000004962",
    "fillingDate": "2012-02-24",
    "acceptedDate": "2012-02-24 12:34:57",
    "calendarYear": "2011",
    "period": "FY",
    "revenue": 32282000000,
    "costOfRevenue": 3432000000,
    "grossProfit": 28850000000,
    "grossProfitRatio": 0.8936868843,
    "researchAndDevelopmentExpenses": 0,
    "generalAndAdministrativeExpenses": 6252000000,
    "sellingAndMarketingExpenses": 9930000000,
    "sellingGeneralAndAdministrativeExpenses": 16182000000,
    "otherExpenses": 5712000000,
    "operatingExpenses": 21894000000,
    "costAndExpenses": 25326000000,
    "interestIncome": 6696000000,
    "interestExpense": 2320000000,
    "depreciationAndAmortization": 918000000,
    "ebitda": 7874000000,
    "ebitdaratio": 0.2439130165,
    "operatingIncome": 6956000000,
    "operatingIncomeRatio": 0.2154761167,
    "totalOtherIncomeExpensesNet": 0,
    "incomeBeforeTax": 6956000000,
    "incomeBeforeTaxRatio": 0.2154761167,
    "incomeTaxExpense": 2057000000,
    "netIncome": 4935000000,
    "netIncomeRatio": 0.1528715693,
    "eps": 4.14,
    "epsdiluted": 4.12,
    "weightedAverageShsOut": 1178000000,
    "weightedAverageShsOutDil": 1184000000,
    "link": "https://www.sec.gov/Archives/edgar/data/4962/000119312512077400/0001193125-12-077400-index.htm",
    "finalLink": "https://www.sec.gov/Archives/edgar/data/4962/000119312512077400/d281394d10k.htm"
  },
  {
    "date": "2010-12-31",
    "symbol": "AXP",
    "reportedCurrency": "USD",
    "cik": "0000004962",
    "fillingDate": "2011-02-28",
    "acceptedDate": "2011-02-25 21:38:38",
    "calendarYear": "2010",
    "period": "FY",
    "revenue": 30005000000,
    "costOfRevenue": 4630000000,
    "grossProfit": 25375000000,
    "grossProfitRatio": 0.8456923846,
    "researchAndDevelopmentExpenses": 0,
    "generalAndAdministrativeExpenses": 5566000000,
    "sellingAndMarketingExpenses": 8738000000,
    "sellingGeneralAndAdministrativeExpenses": 14304000000,
    "otherExpenses": 5107000000,
    "operatingExpenses": 19411000000,
    "costAndExpenses": 24041000000,
    "interestIncome": 7073000000,
    "interestExpense": 2423000000,
    "depreciationAndAmortization": 917000000,
    "ebitda": 6881000000,
    "ebitdaratio": 0.2293284453,
    "operatingIncome": 5964000000,
    "operatingIncomeRatio": 0.1987668722,
    "totalOtherIncomeExpensesNet": 0,
    "incomeBeforeTax": 5964000000,
    "incomeBeforeTaxRatio": 0.1987668722,
    "incomeTaxExpense": 1907000000,
    "netIncome": 4057000000,
    "netIncomeRatio": 0.1352107982,
    "eps": 3.37,
    "epsdiluted": 3.35,
    "weightedAverageShsOut": 1188000000,
    "weightedAverageShsOutDil": 1195000000,
    "link": "https://www.sec.gov/Archives/edgar/data/4962/000095012311019072/0000950123-11-019072-index.htm",
    "finalLink": "https://www.sec.gov/Archives/edgar/data/4962/000095012311019072/y87970e10vk.htm"
  },
  {
    "date": "2009-12-31",
    "symbol": "AXP",
    "reportedCurrency": "USD",
    "cik": "0000004962",
    "fillingDate": "2010-02-26",
    "acceptedDate": "2010-02-25 20:48:03",
    "calendarYear": "2009",
    "period": "FY",
    "revenue": 26332000000,
    "costOfRevenue": 7520000000,
    "grossProfit": 18812000000,
    "grossProfitRatio": 0.7144159198,
    "researchAndDevelopmentExpenses": 0,
    "generalAndAdministrativeExpenses": 5080000000,
    "sellingAndMarketingExpenses": 6563000000,
    "sellingGeneralAndAdministrativeExpenses": 11643000000,
    "otherExpenses": 4328000000,
    "operatingExpenses": 15971000000,
    "costAndExpenses": 23491000000,
    "interestIncome": 5331000000,
    "interestExpense": 2207000000,
    "depreciationAndAmortization": 1070000000,
    "ebitda": 3911000000,
    "ebitdaratio": 0.1485265077,
    "operatingIncome": 2841000000,
    "operatingIncomeRatio": 0.1078915388,
    "totalOtherIncomeExpensesNet": 0,
    "incomeBeforeTax": 2841000000,
    "incomeBeforeTaxRatio": 0.1078915388,
    "incomeTaxExpense": 704000000,
    "netIncome": 2130000000,
    "netIncomeRatio": 0.0808901717,
    "eps": 1.54,
    "epsdiluted": 1.54,
    "weightedAverageShsOut": 1168000000,
    "weightedAverageShsOutDil": 1171000000,
    "link": "https://www.sec.gov/Archives/edgar/data/4962/000119312510041232/0001193125-10-041232-index.htm",
    "finalLink": "https://www.sec.gov/Archives/edgar/data/4962/000119312510041232/d10k.htm"
  },
  {
    "date": "2008-12-31",
    "symbol": "AXP",
    "reportedCurrency": "USD",
    "cik": "0000004962",
    "fillingDate": "2009-02-27",
    "acceptedDate": "2009-02-27 16:25:14",
    "calendarYear": "2008",
    "period": "FY",
    "revenue": 31920000000,
    "costOfRevenue": 9353000000,
    "grossProfit": 22567000000,
    "grossProfitRatio": 0.7069862155,
    "researchAndDevelopmentExpenses": 0,
    "generalAndAdministrativeExpenses": 6090000000,
    "sellingAndMarketingExpenses": 7361000000,
    "sellingGeneralAndAdministrativeExpenses": 13451000000,
    "otherExpenses": 5535000000,
    "operatingExpenses": 18986000000,
    "costAndExpenses": 28339000000,
    "interestIncome": 7745000000,
    "interestExpense": 3555000000,
    "depreciationAndAmortization": 712000000,
    "ebitda": 4293000000,
    "ebitdaratio": 0.1344924812,
    "operatingIncome": 3581000000,
    "operatingIncomeRatio": 0.1121867168,
    "totalOtherIncomeExpensesNet": 0,
    "incomeBeforeTax": 3581000000,
    "incomeBeforeTaxRatio": 0.1121867168,
    "incomeTaxExpense": 710000000,
    "netIncome": 2699000000,
    "netIncomeRatio": 0.0845551378,
    "eps": 2.34,
    "epsdiluted": 2.33,
    "weightedAverageShsOut": 1154000000,
    "weightedAverageShsOutDil": 1157000000,
    "link": "https://www.sec.gov/Archives/edgar/data/4962/000119312509041008/0001193125-09-041008-index.htm",
    "finalLink": "https://www.sec.gov/Archives/edgar/data/4962/000119312509041008/d10k.htm"
  },
  {
    "date": "2007-12-31",
    "symbol": "AXP",
    "reportedCurrency": "USD",
    "cik": "0000004962",
    "fillingDate": "2008-02-28",
    "acceptedDate": "2008-02-28 17:21:14",
    "calendarYear": "2007",
    "period": "FY",
    "revenue": 31540000000,
    "costOfRevenue": 7882000000,
    "grossProfit": 23658000000,
    "grossProfitRatio": 0.7500951173,
    "researchAndDevelopmentExpenses": 0,
    "generalAndAdministrativeExpenses": 5438000000,
    "sellingAndMarketingExpenses": 7817000000,
    "sellingGeneralAndAdministrativeExpenses": 13255000000,
    "otherExpenses": 4709000000,
    "operatingExpenses": 17964000000,
    "costAndExpenses": 25846000000,
    "interestIncome": 7424000000,
    "interestExpense": 3981000000,
    "depreciationAndAmortization": 648000000,
    "ebitda": 6342000000,
    "ebitdaratio": 0.2010779962,
    "operatingIncome": 5694000000,
    "operatingIncomeRatio": 0.1805326569,
    "totalOtherIncomeExpensesNet": 0,
    "incomeBeforeTax": 5694000000,
    "incomeBeforeTaxRatio": 0.1805326569,
    "incomeTaxExpense": 1568000000,
    "netIncome": 4012000000,
    "netIncomeRatio": 0.127203551,
    "eps": 3.42,
    "epsdiluted": 3.35,
    "weightedAverageShsOut": 1173000000,
    "weightedAverageShsOutDil": 1196000000,
    "link": "https://www.sec.gov/Archives/edgar/data/4962/000119312508042043/0001193125-08-042043-index.htm",
    "finalLink": "https://www.sec.gov/Archives/edgar/data/4962/000119312508042043/d10k.htm"
  },
  {
    "date": "2006-12-31",
    "symbol": "AXP",
    "reportedCurrency": "USD",
    "cik": "0000004962",
    "fillingDate": "2007-03-01",
    "acceptedDate": "2007-03-01 15:46:48",
    "calendarYear": "2006",
    "period": "FY",
    "revenue": 27692000000,
    "costOfRevenue": 5424000000,
    "grossProfit": 22268000000,
    "grossProfitRatio": 0.804131157,
    "researchAndDevelopmentExpenses": 0,
    "generalAndAdministrativeExpenses": 5040000000,
    "sellingAndMarketingExpenses": 6504000000,
    "sellingGeneralAndAdministrativeExpenses": 11544000000,
    "otherExpenses": 5572000000,
    "operatingExpenses": 17116000000,
    "costAndExpenses": 22540000000,
    "interestIncome": 6756000000,
    "interestExpense": 2866000000,
    "depreciationAndAmortization": 608000000,
    "ebitda": 5760000000,
    "ebitdaratio": 0.2080023111,
    "operatingIncome": 5073000000,
    "operatingIncomeRatio": 0.1831937022,
    "totalOtherIncomeExpensesNet": 66000000,
    "incomeBeforeTax": 5152000000,
    "incomeBeforeTaxRatio": 0.1860465116,
    "incomeTaxExpense": 1527000000,
    "netIncome": 3707000000,
    "netIncomeRatio": 0.1338653763,
    "eps": 3.06,
    "epsdiluted": 2.99,
    "weightedAverageShsOut": 1212000000,
    "weightedAverageShsOutDil": 1238000000,
    "link": "https://www.sec.gov/Archives/edgar/data/4962/000095012307003020/0000950123-07-003020-index.htm",
    "finalLink": "https://www.sec.gov/Archives/edgar/data/4962/000095012307003020/y30921e10vk.htm"
  },
  {
    "date": "2005-12-31",
    "symbol": "AXP",
    "reportedCurrency": "USD",
    "cik": "0000004962",
    "fillingDate": "2006-03-06",
    "acceptedDate": "2006-03-06 16:03:02",
    "calendarYear": "2005",
    "period": "FY",
    "revenue": 24404000000,
    "costOfRevenue": 4366000000,
    "grossProfit": 20038000000,
    "grossProfitRatio": 0.8210949025,
    "researchAndDevelopmentExpenses": 0,
    "generalAndAdministrativeExpenses": 4550000000,
    "sellingAndMarketingExpenses": 5823000000,
    "sellingGeneralAndAdministrativeExpenses": 10373000000,
    "otherExpenses": 5612000000,
    "operatingExpenses": 15985000000,
    "costAndExpenses": 20351000000,
    "interestIncome": 5230000000,
    "interestExpense": 1979000000,
    "depreciationAndAmortization": 567000000,
    "ebitda": 4620000000,
    "ebitdaratio": 0.1893132273,
    "operatingIncome": 4393000000,
    "operatingIncomeRatio": 0.1800114735,
    "totalOtherIncomeExpensesNet": 513,
    "incomeBeforeTax": 4248000000,
    "incomeBeforeTaxRatio": 0.1740698246,
    "incomeTaxExpense": 991000000,
    "netIncome": 3671000000,
    "netIncomeRatio": 0.1504261596,
    "eps": 3.03,
    "epsdiluted": 2.97,
    "weightedAverageShsOut": 1233000000,
    "weightedAverageShsOutDil": 1258000000,
    "link": "https://www.sec.gov/Archives/edgar/data/4962/000119312506046095/0001193125-06-046095-index.htm",
    "finalLink": "https://www.sec.gov/Archives/edgar/data/4962/000119312506046095/d10k.htm"
  },
  {
    "date": "2004-12-31",
    "symbol": "AXP",
    "reportedCurrency": "USD",
    "cik": "0000004962",
    "fillingDate": "2005-03-10",
    "acceptedDate": "2005-03-10 17:27:43",
    "calendarYear": "2004",
    "period": "FY",
    "revenue": 22571000000,
    "costOfRevenue": 3568000000,
    "grossProfit": 19003000000,
    "grossProfitRatio": 0.8419210491,
    "researchAndDevelopmentExpenses": 0,
    "generalAndAdministrativeExpenses": 4462000000,
    "sellingAndMarketingExpenses": 4965000000,
    "sellingGeneralAndAdministrativeExpenses": 9427000000,
    "otherExpenses": 5745000000,
    "operatingExpenses": 15172000000,
    "costAndExpenses": 18740000000,
    "interestIncome": 2795000000,
    "interestExpense": 1605000000,
    "depreciationAndAmortization": 600000000,
    "ebitda": 4431000000,
    "ebitdaratio": 0.1963138541,
    "operatingIncome": 3831000000,
    "operatingIncomeRatio": 0.1697310708,
    "totalOtherIncomeExpensesNet": 0,
    "incomeBeforeTax": 3831000000,
    "incomeBeforeTaxRatio": 0.1697310708,
    "incomeTaxExpense": 1145000000,
    "netIncome": 3445000000,
    "netIncomeRatio": 0.1526294803,
    "eps": 2.74,
    "epsdiluted": 2.68,
    "weightedAverageShsOut": 1259000000,
    "weightedAverageShsOutDil": 1285000000,
    "link": "https://www.sec.gov/Archives/edgar/data/4962/000095012305002932/0000950123-05-002932-index.htm",
    "finalLink": "https://www.sec.gov/Archives/edgar/data/4962/000095012305002932/y06418e10vk.txt"
  },
  {
    "date": "2003-12-31",
    "symbol": "AXP",
    "reportedCurrency": "USD",
    "cik": "0000004962",
    "fillingDate": "2004-03-12",
    "acceptedDate": "2004-03-12 15:08:18",
    "calendarYear": "2003",
    "period": "FY",
    "revenue": 25866000000,
    "costOfRevenue": 905000000,
    "grossProfit": 24961000000,
    "grossProfitRatio": 0.9650119848,
    "researchAndDevelopmentExpenses": 0,
    "generalAndAdministrativeExpenses": 10762000000,
    "sellingAndMarketingExpenses": 3901000000,
    "sellingGeneralAndAdministrativeExpenses": 14663000000,
    "otherExpenses": 6051000000,
    "operatingExpenses": 20714000000,
    "costAndExpenses": 21619000000,
    "interestIncome": 3063000000,
    "interestExpense": 905000000,
    "depreciationAndAmortization": 676000000,
    "ebitda": 4923000000,
    "ebitdaratio": 0.1903270703,
    "operatingIncome": 4247000000,
    "operatingIncomeRatio": 0.1641923761,
    "totalOtherIncomeExpensesNet": 0,
    "incomeBeforeTax": 4247000000,
    "incomeBeforeTaxRatio": 0.1641923761,
    "incomeTaxExpense": 1247000000,
    "netIncome": 2987000000,
    "netIncomeRatio": 0.1154797804,
    "eps": 2.33,
    "epsdiluted": 2.3,
    "weightedAverageShsOut": 1284000000,
    "weightedAverageShsOutDil": 1298000000,
    "link": "https://www.sec.gov/Archives/edgar/data/4962/000095011704000966/0000950117-04-000966-index.htm",
    "finalLink": "https://www.sec.gov/Archives/edgar/data/4962/000095011704000966/a37241.txt"
  },
  {
    "date": "2002-12-31",
    "symbol": "AXP",
    "reportedCurrency": "USD",
    "cik": "0000004962",
    "fillingDate": "2003-03-27",
    "acceptedDate": "2003-03-26 17:52:53",
    "calendarYear": "2002",
    "period": "FY",
    "revenue": 23807000000,
    "costOfRevenue": 1082000000,
    "grossProfit": 22725000000,
    "grossProfitRatio": 0.9545511824,
    "researchAndDevelopmentExpenses": 0,
    "generalAndAdministrativeExpenses": 10311000000,
    "sellingAndMarketingExpenses": 1548000000,
    "sellingGeneralAndAdministrativeExpenses": 11859000000,
    "otherExpenses": 7139000000,
    "operatingExpenses": 18998000000,
    "costAndExpenses": 20080000000,
    "interestIncome": 2991000000,
    "interestExpense": 1082000000,
    "depreciationAndAmortization": 951000000,
    "ebitda": 4678000000,
    "ebitdaratio": 0.1964968287,
    "operatingIncome": 3727000000,
    "operatingIncomeRatio": 0.1565505944,
    "totalOtherIncomeExpensesNet": 0,
    "incomeBeforeTax": 3727000000,
    "incomeBeforeTaxRatio": 0.1565505944,
    "incomeTaxExpense": 1056000000,
    "netIncome": 2671000000,
    "netIncomeRatio": 0.1121938926,
    "eps": 2.02,
    "epsdiluted": 2.01,
    "weightedAverageShsOut": 1320000000,
    "weightedAverageShsOutDil": 1330000000,
    "link": "https://www.sec.gov/Archives/edgar/data/4962/000000496203000042/0000004962-03-000042-index.htm",
    "finalLink": "https://www.sec.gov/Archives/edgar/data/4962/000000496203000042/main2.txt"
  },
  {
    "date": "2001-12-31",
    "symbol": "AXP",
    "reportedCurrency": "USD",
    "cik": "0000004962",
    "fillingDate": "2002-04-01",
    "acceptedDate": "2002-04-01 00:00:00",
    "calendarYear": "2001",
    "period": "FY",
    "revenue": 22582000000,
    "costOfRevenue": 1501000000,
    "grossProfit": 21081000000,
    "grossProfitRatio": 0.933531131,
    "researchAndDevelopmentExpenses": 0,
    "generalAndAdministrativeExpenses": 11011000000,
    "sellingAndMarketingExpenses": 1301000000,
    "sellingGeneralAndAdministrativeExpenses": 12312000000,
    "otherExpenses": 7173000000,
    "operatingExpenses": 19485000000,
    "costAndExpenses": 20986000000,
    "interestIncome": 2137000000,
    "interestExpense": 1501000000,
    "depreciationAndAmortization": 1196000000,
    "ebitda": 2792000000,
    "ebitdaratio": 0.123638296,
    "operatingIncome": 1596000000,
    "operatingIncomeRatio": 0.0706757595,
    "totalOtherIncomeExpensesNet": 0,
    "incomeBeforeTax": 1596000000,
    "incomeBeforeTaxRatio": 0.0706757595,
    "incomeTaxExpense": 285000000,
    "netIncome": 1311000000,
    "netIncomeRatio": 0.0580550881,
    "eps": 0.99,
    "epsdiluted": 0.98,
    "weightedAverageShsOut": 1324000000,
    "weightedAverageShsOutDil": 1336000000,
    "link": "https://www.sec.gov/Archives/edgar/data/4962/000095011702000727/0000950117-02-000727-index.htm",
    "finalLink": "https://www.sec.gov/Archives/edgar/data/4962/000095011702000727/a32343.txt"
  },
  {
    "date": "2000-12-31",
    "symbol": "AXP",
    "reportedCurrency": "USD",
    "cik": "0000004962",
    "fillingDate": "2001-03-30",
    "acceptedDate": "2001-03-30 00:00:00",
    "calendarYear": "2000",
    "period": "FY",
    "revenue": 23675000000,
    "costOfRevenue": 1354000000,
    "grossProfit": 22321000000,
    "grossProfitRatio": 0.9428088701,
    "researchAndDevelopmentExpenses": 0,
    "generalAndAdministrativeExpenses": 10579000000,
    "sellingAndMarketingExpenses": 1515000000,
    "sellingGeneralAndAdministrativeExpenses": 12094000000,
    "otherExpenses": 6319000000,
    "operatingExpenses": 18413000000,
    "costAndExpenses": 19767000000,
    "interestIncome": 3290000000,
    "interestExpense": 1354000000,
    "depreciationAndAmortization": 393000000,
    "ebitda": 4301000000,
    "ebitdaratio": 0.1816684266,
    "operatingIncome": 3908000000,
    "operatingIncomeRatio": 0.1650686378,
    "totalOtherIncomeExpensesNet": 0,
    "incomeBeforeTax": 3908000000,
    "incomeBeforeTaxRatio": 0.1650686378,
    "incomeTaxExpense": 1098000000,
    "netIncome": 2810000000,
    "netIncomeRatio": 0.1186906019,
    "eps": 2.12,
    "epsdiluted": 2.07,
    "weightedAverageShsOut": 1327000000,
    "weightedAverageShsOutDil": 1360000000,
    "link": "https://www.sec.gov/Archives/edgar/data/4962/000000496201500025/0000004962-01-500025-index.htm",
    "finalLink": "https://www.sec.gov/Archives/edgar/data/4962/000000496201500025/axp10k.txt"
  },
  {
    "date": "1999-12-31",
    "symbol": "AXP",
    "reportedCurrency": "USD",
    "cik": "0000004962",
    "fillingDate": "2000-03-29",
    "acceptedDate": "2000-03-29 00:00:00",
    "calendarYear": "1999",
    "period": "FY",
    "revenue": 21278000000,
    "costOfRevenue": 1051000000,
    "grossProfit": 20227000000,
    "grossProfitRatio": 0.95060626,
    "researchAndDevelopmentExpenses": 0,
    "generalAndAdministrativeExpenses": 9718000000,
    "sellingAndMarketingExpenses": 1424000000,
    "sellingGeneralAndAdministrativeExpenses": 11142000000,
    "otherExpenses": 5647000000,
    "operatingExpenses": 16789000000,
    "costAndExpenses": 17840000000,
    "interestIncome": 3346000000,
    "interestExpense": 1051000000,
    "depreciationAndAmortization": 13000000,
    "ebitda": 3451000000,
    "ebitdaratio": 0.1621862957,
    "operatingIncome": 3438000000,
    "operatingIncomeRatio": 0.161575336,
    "totalOtherIncomeExpensesNet": 0,
    "incomeBeforeTax": 3438000000,
    "incomeBeforeTaxRatio": 0.161575336,
    "incomeTaxExpense": 963000000,
    "netIncome": 2475000000,
    "netIncomeRatio": 0.1163173231,
    "eps": 1.85,
    "epsdiluted": 1.81,
    "weightedAverageShsOut": 1341000000,
    "weightedAverageShsOutDil": 1368000000,
    "link": "https://www.sec.gov/Archives/edgar/data/4962/000000496200000024/0000004962-00-000024-index.html",
    "finalLink": "https://www.sec.gov/Archives/edgar/data/4962/000000496200000024/0000004962-00-000024.txt"
  },
  {
    "date": "1998-12-31",
    "symbol": "AXP",
    "reportedCurrency": "USD",
    "cik": "0000004962",
    "fillingDate": "1999-03-30",
    "acceptedDate": "1999-03-30 00:00:00",
    "calendarYear": "1998",
    "period": "FY",
    "revenue": 19132000000,
    "costOfRevenue": 999000000,
    "grossProfit": 18133000000,
    "grossProfitRatio": 0.9477838177,
    "researchAndDevelopmentExpenses": 0,
    "generalAndAdministrativeExpenses": 9250000000,
    "sellingAndMarketingExpenses": 1228000000,
    "sellingGeneralAndAdministrativeExpenses": 10478000000,
    "otherExpenses": 4730000000,
    "operatingExpenses": 15208000000,
    "costAndExpenses": 16207000000,
    "interestIncome": 3277000000,
    "interestExpense": 999000000,
    "depreciationAndAmortization": -212000000,
    "ebitda": 2713000000,
    "ebitdaratio": 0.1418043069,
    "operatingIncome": 2925000000,
    "operatingIncomeRatio": 0.1528852185,
    "totalOtherIncomeExpensesNet": 0,
    "incomeBeforeTax": 2925000000,
    "incomeBeforeTaxRatio": 0.1528852185,
    "incomeTaxExpense": 784000000,
    "netIncome": 2141000000,
    "netIncomeRatio": 0.1119067531,
    "eps": 1.57,
    "epsdiluted": 1.54,
    "weightedAverageShsOut": 1362000000,
    "weightedAverageShsOutDil": 1389000000,
    "link": "https://www.sec.gov/Archives/edgar/data/4962/000000496299000012/0000004962-99-000012-index.html",
    "finalLink": "https://www.sec.gov/Archives/edgar/data/4962/0000004962-99-000012.txt"
  },
  {
    "date": "1997-12-31",
    "symbol": "AXP",
    "reportedCurrency": "USD",
    "cik": "0000004962",
    "fillingDate": "1998-03-31",
    "acceptedDate": "1998-03-31 00:00:00",
    "calendarYear": "1997",
    "period": "FY",
    "revenue": 17760000000,
    "costOfRevenue": 924000000,
    "grossProfit": 16836000000,
    "grossProfitRatio": 0.947972973,
    "researchAndDevelopmentExpenses": 0,
    "generalAndAdministrativeExpenses": 8356000000,
    "sellingAndMarketingExpenses": 1118000000,
    "sellingGeneralAndAdministrativeExpenses": 9474000000,
    "otherExpenses": 4612000000,
    "operatingExpenses": 14086000000,
    "costAndExpenses": 15010000000,
    "interestIncome": 3175000000,
    "interestExpense": 924000000,
    "depreciationAndAmortization": 187000000,
    "ebitda": 2937000000,
    "ebitdaratio": 0.1653716216,
    "operatingIncome": 2750000000,
    "operatingIncomeRatio": 0.1548423423,
    "totalOtherIncomeExpensesNet": 0,
    "incomeBeforeTax": 2750000000,
    "incomeBeforeTaxRatio": 0.1548423423,
    "incomeTaxExpense": 759000000,
    "netIncome": 1991000000,
    "netIncomeRatio": 0.1121058559,
    "eps": 1.43,
    "epsdiluted": 1.38,
    "weightedAverageShsOut": 1392000000,
    "weightedAverageShsOutDil": 1437000000,
    "link": "https://www.sec.gov/Archives/edgar/data/4962/000000496298000018/0000004962-98-000018-index.htm",
    "finalLink": "https://www.sec.gov/Archives/edgar/data/4962/000000496298000018/"
  },
  {
    "date": "1996-12-31",
    "symbol": "AXP",
    "reportedCurrency": "USD",
    "cik": "0000004962",
    "fillingDate": "1997-03-28",
    "acceptedDate": "1997-03-28 00:00:00",
    "calendarYear": "1996",
    "period": "FY",
    "revenue": 16237000000,
    "costOfRevenue": 1116000000,
    "grossProfit": 15121000000,
    "grossProfitRatio": 0.9312680914,
    "researchAndDevelopmentExpenses": 0,
    "generalAndAdministrativeExpenses": 7652000000,
    "sellingAndMarketingExpenses": 1071000000,
    "sellingGeneralAndAdministrativeExpenses": 8723000000,
    "otherExpenses": 3734000000,
    "operatingExpenses": 12457000000,
    "costAndExpenses": 13573000000,
    "interestIncome": 3289000000,
    "interestExpense": 1116000000,
    "depreciationAndAmortization": 266000000,
    "ebitda": 2930000000,
    "ebitdaratio": 0.180452054,
    "operatingIncome": 2664000000,
    "operatingIncomeRatio": 0.1640697173,
    "totalOtherIncomeExpensesNet": 0,
    "incomeBeforeTax": 2664000000,
    "incomeBeforeTaxRatio": 0.1640697173,
    "incomeTaxExpense": 763000000,
    "netIncome": 1901000000,
    "netIncomeRatio": 0.117078278,
    "eps": 1.3,
    "epsdiluted": 1.3,
    "weightedAverageShsOut": 1456800000,
    "weightedAverageShsOutDil": 1461261000,
    "link": "https://www.sec.gov/Archives/edgar/data/4962/000000496297000012/0000004962-97-000012-index.html",
    "finalLink": "https://www.sec.gov/Archives/edgar/data/4962/0000004962-97-000012.txt"
  },
  {
    "date": "1995-12-31",
    "symbol": "AXP",
    "reportedCurrency": "USD",
    "cik": "0000004962",
    "fillingDate": "1996-03-29",
    "acceptedDate": "1996-03-29 00:00:00",
    "calendarYear": "1995",
    "period": "FY",
    "revenue": 15841000000,
    "costOfRevenue": 1242000000,
    "grossProfit": 14599000000,
    "grossProfitRatio": 0.9215958588,
    "researchAndDevelopmentExpenses": 0,
    "generalAndAdministrativeExpenses": 7581000000,
    "sellingAndMarketingExpenses": 977000000,
    "sellingGeneralAndAdministrativeExpenses": 8558000000,
    "otherExpenses": 3858000000,
    "operatingExpenses": 12416000000,
    "costAndExpenses": 13658000000,
    "interestIncome": 4531000000,
    "interestExpense": 1242000000,
    "depreciationAndAmortization": 367000000,
    "ebitda": 2550000000,
    "ebitdaratio": 0.1609746859,
    "operatingIncome": 2183000000,
    "operatingIncomeRatio": 0.1378069566,
    "totalOtherIncomeExpensesNet": 0,
    "incomeBeforeTax": 2183000000,
    "incomeBeforeTaxRatio": 0.1378069566,
    "incomeTaxExpense": 619000000,
    "netIncome": 1564000000,
    "netIncomeRatio": 0.0987311407,
    "eps": 1.04,
    "epsdiluted": 1.04,
    "weightedAverageShsOut": 1494000000,
    "weightedAverageShsOutDil": 1499790000,
    "link": "https://www.sec.gov/Archives/edgar/data/4962/000000496296000013/0000004962-96-000013-index.html",
    "finalLink": "https://www.sec.gov/Archives/edgar/data/4962/0000004962-96-000013.txt"
  },
  {
    "date": "1994-12-31",
    "symbol": "AXP",
    "reportedCurrency": "USD",
    "cik": "0000004962",
    "fillingDate": "1995-03-31",
    "acceptedDate": "1995-03-31 00:00:00",
    "calendarYear": "1994",
    "period": "FY",
    "revenue": 14282000000,
    "costOfRevenue": 1011000000,
    "grossProfit": 13271000000,
    "grossProfitRatio": 0.929211595,
    "researchAndDevelopmentExpenses": 0,
    "generalAndAdministrativeExpenses": 6765000000,
    "sellingAndMarketingExpenses": 1063000000,
    "sellingGeneralAndAdministrativeExpenses": 7828000000,
    "otherExpenses": 3552000000,
    "operatingExpenses": 11380000000,
    "costAndExpenses": 12391000000,
    "interestIncome": 4120000000,
    "interestExpense": 1011000000,
    "depreciationAndAmortization": 378000000,
    "ebitda": 2269000000,
    "ebitdaratio": 0.1588713065,
    "operatingIncome": 1891000000,
    "operatingIncomeRatio": 0.1324044252,
    "totalOtherIncomeExpensesNet": 0,
    "incomeBeforeTax": 1891000000,
    "incomeBeforeTaxRatio": 0.1324044252,
    "incomeTaxExpense": 511000000,
    "netIncome": 1413000000,
    "netIncomeRatio": 0.0989357233,
    "eps": 0.92,
    "epsdiluted": 0.92,
    "weightedAverageShsOut": 1506545000,
    "weightedAverageShsOutDil": 1533550000,
    "link": "https://www.sec.gov/Archives/edgar/data/4962/000000496295000005/0000004962-95-000005-index.html",
    "finalLink": "https://www.sec.gov/Archives/edgar/data/4962/0000004962-95-000005.txt"
  },
  {
    "date": "1993-12-31",
    "symbol": "AXP",
    "reportedCurrency": "USD",
    "cik": "0000004962",
    "fillingDate": "1994-03-31",
    "acceptedDate": "1994-03-31 00:00:00",
    "calendarYear": "1993",
    "period": "FY",
    "revenue": 14173000000,
    "costOfRevenue": 1783000000,
    "grossProfit": 12390000000,
    "grossProfitRatio": 0.8741974176,
    "researchAndDevelopmentExpenses": 0,
    "generalAndAdministrativeExpenses": 6487000000,
    "sellingAndMarketingExpenses": 1091000000,
    "sellingGeneralAndAdministrativeExpenses": 7578000000,
    "otherExpenses": 2486000000,
    "operatingExpenses": 10064000000,
    "costAndExpenses": 11847000000,
    "interestIncome": 4914000000,
    "interestExpense": 1783000000,
    "depreciationAndAmortization": 411000000,
    "ebitda": 2737000000,
    "ebitdaratio": 0.1931136668,
    "operatingIncome": 2326000000,
    "operatingIncomeRatio": 0.1641148663,
    "totalOtherIncomeExpensesNet": 0,
    "incomeBeforeTax": 2326000000,
    "incomeBeforeTaxRatio": 0.1641148663,
    "incomeTaxExpense": 721000000,
    "netIncome": 1478000000,
    "netIncomeRatio": 0.1042827912,
    "eps": 0.78,
    "epsdiluted": 0.77,
    "weightedAverageShsOut": 1841026000,
    "weightedAverageShsOutDil": 1864935000,
    "link": "https://www.sec.gov/Archives/edgar/data/4962/000000496294000006/0000004962-94-000006-index.html",
    "finalLink": "https://www.sec.gov/Archives/edgar/data/4962/0000004962-94-000006.txt"
  },
  {
    "date": "1992-12-31",
    "symbol": "AXP",
    "reportedCurrency": "USD",
    "cik": "0000004962",
    "fillingDate": "1992-12-31",
    "acceptedDate": "1992-12-30 19:00:00",
    "calendarYear": "1992",
    "period": "FY",
    "revenue": 26961000000,
    "costOfRevenue": 7649000000,
    "grossProfit": 19312000000,
    "grossProfitRatio": 0.716293906,
    "researchAndDevelopmentExpenses": 0,
    "generalAndAdministrativeExpenses": 11559000000,
    "sellingAndMarketingExpenses": 1179000000,
    "sellingGeneralAndAdministrativeExpenses": 12738000000,
    "otherExpenses": 5799000000,
    "operatingExpenses": 18537000000,
    "costAndExpenses": 26186000000,
    "interestIncome": 11380000000,
    "interestExpense": 7649000000,
    "depreciationAndAmortization": 660000000,
    "ebitda": 1435000000,
    "ebitdaratio": 0.0532250287,
    "operatingIncome": 775000000,
    "operatingIncomeRatio": 0.0287452246,
    "totalOtherIncomeExpensesNet": 0,
    "incomeBeforeTax": 775000000,
    "incomeBeforeTaxRatio": 0.0287452246,
    "incomeTaxExpense": 339000000,
    "netIncome": 461500000,
    "netIncomeRatio": 0.0171173176,
    "eps": 0.3,
    "epsdiluted": 0.3,
    "weightedAverageShsOut": 1395000000,
    "weightedAverageShsOutDil": 1395000000,
    "link": "",
    "finalLink": ""
  },
  {
    "date": "1991-12-31",
    "symbol": "AXP",
    "reportedCurrency": "USD",
    "cik": "0000004962",
    "fillingDate": "1991-12-31",
    "acceptedDate": "1991-12-30 19:00:00",
    "calendarYear": "1991",
    "period": "FY",
    "revenue": 25763000000,
    "costOfRevenue": 8252000000,
    "grossProfit": 17511000000,
    "grossProfitRatio": 0.6796956876,
    "researchAndDevelopmentExpenses": 0,
    "generalAndAdministrativeExpenses": 7582000000,
    "sellingAndMarketingExpenses": 1074000000,
    "sellingGeneralAndAdministrativeExpenses": 8656000000,
    "otherExpenses": 8096000000,
    "operatingExpenses": 16752000000,
    "costAndExpenses": 25004000000,
    "interestIncome": 11490000000,
    "interestExpense": 8252000000,
    "depreciationAndAmortization": 753000000,
    "ebitda": 1512000000,
    "ebitdaratio": 0.0586888173,
    "operatingIncome": 759000000,
    "operatingIncomeRatio": 0.0294608547,
    "totalOtherIncomeExpensesNet": 0,
    "incomeBeforeTax": 759000000,
    "incomeBeforeTaxRatio": 0.0294608547,
    "incomeTaxExpense": -30000000,
    "netIncome": 789000000,
    "netIncomeRatio": 0.0306253154,
    "eps": 0.53,
    "epsdiluted": 0.53,
    "weightedAverageShsOut": 1413208000,
    "weightedAverageShsOutDil": 1413208000,
    "link": "",
    "finalLink": ""
  },
  {
    "date": "1990-12-31",
    "symbol": "AXP",
    "reportedCurrency": "USD",
    "cik": "0000004962",
    "fillingDate": "1990-12-31",
    "acceptedDate": "1990-12-30 19:00:00",
    "calendarYear": "1990",
    "period": "FY",
    "revenue": 24332000000,
    "costOfRevenue": 8492000000,
    "grossProfit": 15840000000,
    "grossProfitRatio": 0.650994575,
    "researchAndDevelopmentExpenses": 0,
    "generalAndAdministrativeExpenses": 8904000000,
    "sellingAndMarketingExpenses": 1032000000,
    "sellingGeneralAndAdministrativeExpenses": 9936000000,
    "otherExpenses": 5179000000,
    "operatingExpenses": 15115000000,
    "costAndExpenses": 23607000000,
    "interestIncome": 10936000000,
    "interestExpense": 8492000000,
    "depreciationAndAmortization": 603000000,
    "ebitda": 1328000000,
    "ebitdaratio": 0.0545783331,
    "operatingIncome": 725000000,
    "operatingIncomeRatio": 0.0297961532,
    "totalOtherIncomeExpensesNet": 0,
    "incomeBeforeTax": 725000000,
    "incomeBeforeTaxRatio": 0.0297961532,
    "incomeTaxExpense": 387000000,
    "netIncome": 181000000,
    "netIncomeRatio": 0.0074387638,
    "eps": 0.11,
    "epsdiluted": 0.11,
    "weightedAverageShsOut": 1327273000,
    "weightedAverageShsOutDil": 1327273000,
    "link": "",
    "finalLink": ""
  },
  {
    "date": "1989-12-31",
    "symbol": "AXP",
    "reportedCurrency": "USD",
    "cik": "0000004962",
    "fillingDate": "1989-12-31",
    "acceptedDate": "1989-12-30 19:00:00",
    "calendarYear": "1989",
    "period": "FY",
    "revenue": 25047000000,
    "costOfRevenue": 9879000000,
    "grossProfit": 15168000000,
    "grossProfitRatio": 0.6055815068,
    "researchAndDevelopmentExpenses": 0,
    "generalAndAdministrativeExpenses": 8142000000,
    "sellingAndMarketingExpenses": 1079000000,
    "sellingGeneralAndAdministrativeExpenses": 9221000000,
    "otherExpenses": 4420000000,
    "operatingExpenses": 13641000000,
    "costAndExpenses": 23520000000,
    "interestIncome": 11701000000,
    "interestExpense": 9879000000,
    "depreciationAndAmortization": 333000000,
    "ebitda": 1860000000,
    "ebitdaratio": 0.0742603905,
    "operatingIncome": 1527000000,
    "operatingIncomeRatio": 0.0609653851,
    "totalOtherIncomeExpensesNet": 0,
    "incomeBeforeTax": 1527000000,
    "incomeBeforeTaxRatio": 0.0609653851,
    "incomeTaxExpense": 370000000,
    "netIncome": 1157000000,
    "netIncomeRatio": 0.0461931569,
    "eps": 0.9,
    "epsdiluted": 0.9,
    "weightedAverageShsOut": 1262222000,
    "weightedAverageShsOutDil": 1262222000,
    "link": "",
    "finalLink": ""
  },
  {
    "date": "1988-12-31",
    "symbol": "AXP",
    "reportedCurrency": "USD",
    "cik": "0000004962",
    "fillingDate": "1988-12-31",
    "acceptedDate": "1988-12-30 19:00:00",
    "calendarYear": "1988",
    "period": "FY",
    "revenue": 0,
    "costOfRevenue": 0,
    "grossProfit": 0,
    "grossProfitRatio": 0,
    "researchAndDevelopmentExpenses": 0,
    "generalAndAdministrativeExpenses": 0,
    "sellingAndMarketingExpenses": 0,
    "sellingGeneralAndAdministrativeExpenses": 0,
    "otherExpenses": 1038000000,
    "operatingExpenses": 1038000000,
    "costAndExpenses": 1038000000,
    "interestIncome": 0,
    "interestExpense": 0,
    "depreciationAndAmortization": 0,
    "ebitda": 1038000000,
    "ebitdaratio": 0,
    "operatingIncome": 1038000000,
    "operatingIncomeRatio": 0,
    "totalOtherIncomeExpensesNet": 0,
    "incomeBeforeTax": 0,
    "incomeBeforeTaxRatio": 0,
    "incomeTaxExpense": -1038000000,
    "netIncome": 1038000000,
    "netIncomeRatio": 0,
    "eps": 0.82,
    "epsdiluted": 0.82,
    "weightedAverageShsOut": 1259259000,
    "weightedAverageShsOutDil": 1259259000,
    "link": "",
    "finalLink": ""
  },
  {
    "date": "1987-12-31",
    "symbol": "AXP",
    "reportedCurrency": "USD",
    "cik": "0000004962",
    "fillingDate": "1987-12-31",
    "acceptedDate": "1987-12-30 19:00:00",
    "calendarYear": "1987",
    "period": "FY",
    "revenue": 0,
    "costOfRevenue": 0,
    "grossProfit": 0,
    "grossProfitRatio": 0,
    "researchAndDevelopmentExpenses": 0,
    "generalAndAdministrativeExpenses": 0,
    "sellingAndMarketingExpenses": 0,
    "sellingGeneralAndAdministrativeExpenses": 0,
    "otherExpenses": 533000000,
    "operatingExpenses": 533000000,
    "costAndExpenses": 533000000,
    "interestIncome": 0,
    "interestExpense": 0,
    "depreciationAndAmortization": 0,
    "ebitda": 533000000,
    "ebitdaratio": 0,
    "operatingIncome": 533000000,
    "operatingIncomeRatio": 0,
    "totalOtherIncomeExpensesNet": 0,
    "incomeBeforeTax": 0,
    "incomeBeforeTaxRatio": 0,
    "incomeTaxExpense": -533000000,
    "netIncome": 533000000,
    "netIncomeRatio": 0,
    "eps": 0.41,
    "epsdiluted": 0.41,
    "weightedAverageShsOut": 1297500000,
    "weightedAverageShsOutDil": 1297500000,
    "link": "",
    "finalLink": ""
  },
  {
    "date": "1986-12-31",
    "symbol": "AXP",
    "reportedCurrency": "USD",
    "cik": "0000004962",
    "fillingDate": "1986-12-31",
    "acceptedDate": "1986-12-30 19:00:00",
    "calendarYear": "1986",
    "period": "FY",
    "revenue": 0,
    "costOfRevenue": 0,
    "grossProfit": 0,
    "grossProfitRatio": 0,
    "researchAndDevelopmentExpenses": 0,
    "generalAndAdministrativeExpenses": 0,
    "sellingAndMarketingExpenses": 0,
    "sellingGeneralAndAdministrativeExpenses": 0,
    "otherExpenses": 1110000000,
    "operatingExpenses": 1110000000,
    "costAndExpenses": 1110000000,
    "interestIncome": 0,
    "interestExpense": 0,
    "depreciationAndAmortization": 0,
    "ebitda": 1110000000,
    "ebitdaratio": 0,
    "operatingIncome": 1110000000,
    "operatingIncomeRatio": 0,
    "totalOtherIncomeExpensesNet": 0,
    "incomeBeforeTax": 0,
    "incomeBeforeTaxRatio": 0,
    "incomeTaxExpense": -1110000000,
    "netIncome": 1110000000,
    "netIncomeRatio": 0,
    "eps": 0.82,
    "epsdiluted": 0.82,
    "weightedAverageShsOut": 1353659000,
    "weightedAverageShsOutDil": 1353659000,
    "link": "",
    "finalLink": ""
  },
  {
    "date": "1985-12-31",
    "symbol": "AXP",
    "reportedCurrency": "USD",
    "cik": "0000004962",
    "fillingDate": "1985-12-31",
    "acceptedDate": "1985-12-30 19:00:00",
    "calendarYear": "1985",
    "period": "FY",
    "revenue": 0,
    "costOfRevenue": 0,
    "grossProfit": 0,
    "grossProfitRatio": 0,
    "researchAndDevelopmentExpenses": 0,
    "generalAndAdministrativeExpenses": 0,
    "sellingAndMarketingExpenses": 0,
    "sellingGeneralAndAdministrativeExpenses": 0,
    "otherExpenses": 810000000,
    "operatingExpenses": 810000000,
    "costAndExpenses": 810000000,
    "interestIncome": 0,
    "interestExpense": 0,
    "depreciationAndAmortization": 0,
    "ebitda": 810000000,
    "ebitdaratio": 0,
    "operatingIncome": 810000000,
    "operatingIncomeRatio": 0,
    "totalOtherIncomeExpensesNet": 0,
    "incomeBeforeTax": 0,
    "incomeBeforeTaxRatio": 0,
    "incomeTaxExpense": -810000000,
    "netIncome": 810000000,
    "netIncomeRatio": 0,
    "eps": 0.59,
    "epsdiluted": 0.59,
    "weightedAverageShsOut": 1372881000,
    "weightedAverageShsOutDil": 1372881000,
    "link": "",
    "finalLink": ""
  }
]