[
  {
    "date": "2025-08-30",
    "symbol": "AZO",
    "reportedCurrency": "USD",
    "cik": "0000866787",
    "fillingDate": "2025-09-23",
    "acceptedDate": "2025-09-23 06:55:28",
    "calendarYear": "2025",
    "period": "Q4",
    "revenue": 6242726000,
    "costOfRevenue": 3026233000,
    "grossProfit": 3216493000,
    "grossProfitRatio": 0.5152385352,
    "researchAndDevelopmentExpenses": 0,
    "generalAndAdministrativeExpenses": 0,
    "sellingAndMarketingExpenses": 0,
    "sellingGeneralAndAdministrativeExpenses": 2020428000,
    "otherExpenses": 0,
    "operatingExpenses": 2020428000,
    "costAndExpenses": 5046661000,
    "interestIncome": 0,
    "interestExpense": 148087000,
    "depreciationAndAmortization": 197412000,
    "ebitda": 1393477000,
    "ebitdaratio": 0.2232161078,
    "operatingIncome": 1196065000,
    "operatingIncomeRatio": 0.191593384,
    "totalOtherIncomeExpensesNet": -148087000,
    "incomeBeforeTax": 1047978000,
    "incomeBeforeTaxRatio": 0.167871856,
    "incomeTaxExpense": 211027000,
    "netIncome": 836951000,
    "netIncomeRatio": 0.1340681939,
    "eps": 50.02,
    "epsdiluted": 48.71,
    "weightedAverageShsOut": 16731000,
    "weightedAverageShsOutDil": 17181000,
    "link": "https://www.sec.gov/Archives/edgar/data/866787/000117184325006024/0001171843-25-006024-index.htm",
    "finalLink": "https://www.sec.gov/Archives/edgar/data/866787/000117184325006024/exh_991.htm"
  },
  {
    "date": "2025-05-10",
    "symbol": "AZO",
    "reportedCurrency": "USD",
    "cik": "0000866787",
    "fillingDate": "2025-05-27",
    "acceptedDate": "2025-05-27 06:55:09",
    "calendarYear": "2025",
    "period": "Q3",
    "revenue": 4464339000,
    "costOfRevenue": 2110816000,
    "grossProfit": 2353523000,
    "grossProfitRatio": 0.5271828595,
    "researchAndDevelopmentExpenses": 0,
    "generalAndAdministrativeExpenses": 0,
    "sellingAndMarketingExpenses": 0,
    "sellingGeneralAndAdministrativeExpenses": 1487349000,
    "otherExpenses": 0,
    "operatingExpenses": 1487349000,
    "costAndExpenses": 3598165000,
    "interestIncome": 0,
    "interestExpense": 111285000,
    "depreciationAndAmortization": 144696000,
    "ebitda": 1010870000,
    "ebitdaratio": 0.2264321773,
    "operatingIncome": 866174000,
    "operatingIncomeRatio": 0.1940206602,
    "totalOtherIncomeExpensesNet": -111285000,
    "incomeBeforeTax": 754889000,
    "incomeBeforeTaxRatio": 0.1690931177,
    "incomeTaxExpense": 146449000,
    "netIncome": 608440000,
    "netIncomeRatio": 0.1362889333,
    "eps": 36.33,
    "epsdiluted": 35.36,
    "weightedAverageShsOut": 16746000,
    "weightedAverageShsOutDil": 17207000,
    "link": "https://www.sec.gov/Archives/edgar/data/866787/000155837025008618/0001558370-25-008618-index.htm",
    "finalLink": "https://www.sec.gov/Archives/edgar/data/866787/000155837025008618/azo-20250510x10q.htm"
  },
  {
    "date": "2025-02-15",
    "symbol": "AZO",
    "reportedCurrency": "USD",
    "cik": "0000866787",
    "fillingDate": "2025-03-21",
    "acceptedDate": "2025-03-21 16:29:13",
    "calendarYear": "2025",
    "period": "Q2",
    "revenue": 3952012000,
    "costOfRevenue": 1823611000,
    "grossProfit": 2128401000,
    "grossProfitRatio": 0.5385613708,
    "researchAndDevelopmentExpenses": 0,
    "generalAndAdministrativeExpenses": 0,
    "sellingAndMarketingExpenses": 0,
    "sellingGeneralAndAdministrativeExpenses": 1421634000,
    "otherExpenses": 0,
    "operatingExpenses": 1421634000,
    "costAndExpenses": 3245245000,
    "interestIncome": 0,
    "interestExpense": 108822000,
    "depreciationAndAmortization": 137918000,
    "ebitda": 844685000,
    "ebitdaratio": 0.213735434,
    "operatingIncome": 706767000,
    "operatingIncomeRatio": 0.1788372606,
    "totalOtherIncomeExpensesNet": -108822000,
    "incomeBeforeTax": 597945000,
    "incomeBeforeTaxRatio": 0.1513014131,
    "incomeTaxExpense": 110022000,
    "netIncome": 487923000,
    "netIncomeRatio": 0.1234619227,
    "eps": 29.06,
    "epsdiluted": 28.29,
    "weightedAverageShsOut": 17245000,
    "weightedAverageShsOutDil": 17245000,
    "link": "https://www.sec.gov/Archives/edgar/data/866787/000155837025003476/0001558370-25-003476-index.htm",
    "finalLink": "https://www.sec.gov/Archives/edgar/data/866787/000155837025003476/azo-20250215x10q.htm"
  },
  {
    "date": "2024-11-23",
    "symbol": "AZO",
    "reportedCurrency": "USD",
    "cik": "0000866787",
    "fillingDate": "2024-12-20",
    "acceptedDate": "2024-12-20 16:44:27",
    "calendarYear": "2025",
    "period": "Q1",
    "revenue": 4279641000,
    "costOfRevenue": 2011584000,
    "grossProfit": 2268057000,
    "grossProfitRatio": 0.5299643124,
    "researchAndDevelopmentExpenses": 0,
    "generalAndAdministrativeExpenses": 0,
    "sellingAndMarketingExpenses": 0,
    "sellingGeneralAndAdministrativeExpenses": 1426908000,
    "otherExpenses": 0,
    "operatingExpenses": 1426908000,
    "costAndExpenses": 3438492000,
    "interestIncome": 0,
    "interestExpense": 107629000,
    "depreciationAndAmortization": 133173000,
    "ebitda": 974322000,
    "ebitdaratio": 0.2276644233,
    "operatingIncome": 841149000,
    "operatingIncomeRatio": 0.1965466262,
    "totalOtherIncomeExpensesNet": -107629000,
    "incomeBeforeTax": 733520000,
    "incomeBeforeTaxRatio": 0.1713975541,
    "incomeTaxExpense": 168587000,
    "netIncome": 564933000,
    "netIncomeRatio": 0.132004764,
    "eps": 32.52,
    "epsdiluted": 32.52,
    "weightedAverageShsOut": 17370000,
    "weightedAverageShsOutDil": 17370000,
    "link": "https://www.sec.gov/Archives/edgar/data/866787/000155837024016435/0001558370-24-016435-index.htm",
    "finalLink": "https://www.sec.gov/Archives/edgar/data/866787/000155837024016435/azo-20241123x10q.htm"
  },
  {
    "date": "2024-08-31",
    "symbol": "AZO",
    "reportedCurrency": "USD",
    "cik": "0000866787",
    "fillingDate": "2024-10-28",
    "acceptedDate": "2024-10-28 16:54:30",
    "calendarYear": "2024",
    "period": "Q4",
    "revenue": 6205380000,
    "costOfRevenue": 2947518000,
    "grossProfit": 3257862000,
    "grossProfitRatio": 0.5250060431,
    "researchAndDevelopmentExpenses": 0,
    "generalAndAdministrativeExpenses": 0,
    "sellingAndMarketingExpenses": 0,
    "sellingGeneralAndAdministrativeExpenses": 1961183000,
    "otherExpenses": 0,
    "operatingExpenses": 1961181000,
    "costAndExpenses": 4908699000,
    "interestIncome": 0,
    "interestExpense": 153151000,
    "depreciationAndAmortization": 175339000,
    "ebitda": 1483332000,
    "ebitdaratio": 0.239039672,
    "operatingIncome": 1296681000,
    "operatingIncomeRatio": 0.2089607727,
    "totalOtherIncomeExpensesNet": -153152000,
    "incomeBeforeTax": 1143529000,
    "incomeBeforeTaxRatio": 0.1842802536,
    "incomeTaxExpense": 241321000,
    "netIncome": 902208000,
    "netIncomeRatio": 0.1453912573,
    "eps": 52.98,
    "epsdiluted": 51.88,
    "weightedAverageShsOut": 17030000,
    "weightedAverageShsOutDil": 17389000,
    "link": "https://www.sec.gov/Archives/edgar/data/866787/000155837024013758/0001558370-24-013758-index.htm",
    "finalLink": "https://www.sec.gov/Archives/edgar/data/866787/000155837024013758/azo-20240831x10k.htm"
  },
  {
    "date": "2024-05-04",
    "symbol": "AZO",
    "reportedCurrency": "USD",
    "cik": "0000866787",
    "fillingDate": "2024-06-07",
    "acceptedDate": "2024-06-07 16:06:26",
    "calendarYear": "2024",
    "period": "Q3",
    "revenue": 4235485000,
    "costOfRevenue": 1969963000,
    "grossProfit": 2265522000,
    "grossProfitRatio": 0.5348908094,
    "researchAndDevelopmentExpenses": 0,
    "generalAndAdministrativeExpenses": 0,
    "sellingAndMarketingExpenses": 0,
    "sellingGeneralAndAdministrativeExpenses": 1365341000,
    "otherExpenses": 0,
    "operatingExpenses": 1365341000,
    "costAndExpenses": 3335304000,
    "interestIncome": 0,
    "interestExpense": 104422000,
    "depreciationAndAmortization": 129224000,
    "ebitda": 1029405000,
    "ebitdaratio": 0.2430430045,
    "operatingIncome": 900181000,
    "operatingIncomeRatio": 0.2125331574,
    "totalOtherIncomeExpensesNet": -104422000,
    "incomeBeforeTax": 795759000,
    "incomeBeforeTaxRatio": 0.1878790741,
    "incomeTaxExpense": 144033000,
    "netIncome": 651726000,
    "netIncomeRatio": 0.153872815,
    "eps": 37.73,
    "epsdiluted": 36.69,
    "weightedAverageShsOut": 17273000,
    "weightedAverageShsOutDil": 17761000,
    "link": "https://www.sec.gov/Archives/edgar/data/866787/000155837024009005/0001558370-24-009005-index.htm",
    "finalLink": "https://www.sec.gov/Archives/edgar/data/866787/000155837024009005/azo-20240504x10q.htm"
  },
  {
    "date": "2024-02-10",
    "symbol": "AZO",
    "reportedCurrency": "USD",
    "cik": "0000866787",
    "fillingDate": "2024-03-15",
    "acceptedDate": "2024-03-15 16:15:05",
    "calendarYear": "2024",
    "period": "Q2",
    "revenue": 3859126000,
    "costOfRevenue": 1779474000,
    "grossProfit": 2079652000,
    "grossProfitRatio": 0.5388919667,
    "researchAndDevelopmentExpenses": 0,
    "generalAndAdministrativeExpenses": 0,
    "sellingAndMarketingExpenses": 0,
    "sellingGeneralAndAdministrativeExpenses": 1336410000,
    "otherExpenses": 0,
    "operatingExpenses": 1336410000,
    "costAndExpenses": 3115884000,
    "interestIncome": 0,
    "interestExpense": 102619000,
    "depreciationAndAmortization": 124968000,
    "ebitda": 868210000,
    "ebitdaratio": 0.2249758106,
    "operatingIncome": 743242000,
    "operatingIncomeRatio": 0.1925933489,
    "totalOtherIncomeExpensesNet": -102619000,
    "incomeBeforeTax": 640623000,
    "incomeBeforeTaxRatio": 0.1660020948,
    "incomeTaxExpense": 125593000,
    "netIncome": 515030000,
    "netIncomeRatio": 0.1334576793,
    "eps": 29.74,
    "epsdiluted": 28.89,
    "weightedAverageShsOut": 17319000,
    "weightedAverageShsOutDil": 17828000,
    "link": "https://www.sec.gov/Archives/edgar/data/866787/000155837024003413/0001558370-24-003413-index.htm",
    "finalLink": "https://www.sec.gov/Archives/edgar/data/866787/000155837024003413/azo-20240210x10q.htm"
  },
  {
    "date": "2023-11-18",
    "symbol": "AZO",
    "reportedCurrency": "USD",
    "cik": "0000866787",
    "fillingDate": "2023-12-18",
    "acceptedDate": "2023-12-18 16:30:35",
    "calendarYear": "2024",
    "period": "Q1",
    "revenue": 4190277000,
    "costOfRevenue": 1976261000,
    "grossProfit": 2214016000,
    "grossProfitRatio": 0.5283698429,
    "researchAndDevelopmentExpenses": 0,
    "generalAndAdministrativeExpenses": 0,
    "sellingAndMarketingExpenses": 0,
    "sellingGeneralAndAdministrativeExpenses": 1365412000,
    "otherExpenses": 0,
    "operatingExpenses": 1365412000,
    "costAndExpenses": 3341673000,
    "interestIncome": 0,
    "interestExpense": 91384000,
    "depreciationAndAmortization": 120224000,
    "ebitda": 968828000,
    "ebitdaratio": 0.2312085812,
    "operatingIncome": 848604000,
    "operatingIncomeRatio": 0.2025173992,
    "totalOtherIncomeExpensesNet": -91384000,
    "incomeBeforeTax": 757220000,
    "incomeBeforeTaxRatio": 0.1807088171,
    "incomeTaxExpense": 163757000,
    "netIncome": 593463000,
    "netIncomeRatio": 0.1416285845,
    "eps": 33.51,
    "epsdiluted": 32.55,
    "weightedAverageShsOut": 17709000,
    "weightedAverageShsOutDil": 18234000,
    "link": "https://www.sec.gov/Archives/edgar/data/866787/000155837023019871/0001558370-23-019871-index.htm",
    "finalLink": "https://www.sec.gov/Archives/edgar/data/866787/000155837023019871/azo-20231118x10q.htm"
  },
  {
    "date": "2023-08-26",
    "symbol": "AZO",
    "reportedCurrency": "USD",
    "cik": "0000866787",
    "fillingDate": "2023-10-24",
    "acceptedDate": "2023-10-24 16:50:30",
    "calendarYear": "2023",
    "period": "Q4",
    "revenue": 5690618000,
    "costOfRevenue": 2690947000,
    "grossProfit": 2999671000,
    "grossProfitRatio": 0.5271257006,
    "researchAndDevelopmentExpenses": 0,
    "generalAndAdministrativeExpenses": 0,
    "sellingAndMarketingExpenses": 0,
    "sellingGeneralAndAdministrativeExpenses": 1777175000,
    "otherExpenses": 0,
    "operatingExpenses": 1777175000,
    "costAndExpenses": 4468122000,
    "interestIncome": 0,
    "interestExpense": 108727000,
    "depreciationAndAmortization": 158490000,
    "ebitda": 1393040000,
    "ebitdaratio": 0.2447959079,
    "operatingIncome": 1222496000,
    "operatingIncomeRatio": 0.2148265795,
    "totalOtherIncomeExpensesNet": -108727000,
    "incomeBeforeTax": 1113769000,
    "incomeBeforeTaxRatio": 0.1957202188,
    "incomeTaxExpense": 248928000,
    "netIncome": 864841000,
    "netIncomeRatio": 0.1519766394,
    "eps": 47.83,
    "epsdiluted": 46.46,
    "weightedAverageShsOut": 18080000,
    "weightedAverageShsOutDil": 18613000,
    "link": "https://www.sec.gov/Archives/edgar/data/866787/000155837023016668/0001558370-23-016668-index.htm",
    "finalLink": "https://www.sec.gov/Archives/edgar/data/866787/000155837023016668/azo-20230826x10k.htm"
  },
  {
    "date": "2023-05-06",
    "symbol": "AZO",
    "reportedCurrency": "USD",
    "cik": "0000866787",
    "fillingDate": "2023-06-09",
    "acceptedDate": "2023-06-09 16:47:52",
    "calendarYear": "2023",
    "period": "Q3",
    "revenue": 4090541000,
    "costOfRevenue": 1944415000,
    "grossProfit": 2146126000,
    "grossProfitRatio": 0.5246557851,
    "researchAndDevelopmentExpenses": 0,
    "generalAndAdministrativeExpenses": 0,
    "sellingAndMarketingExpenses": 0,
    "sellingGeneralAndAdministrativeExpenses": 1287645000,
    "otherExpenses": 0,
    "operatingExpenses": 1287645000,
    "costAndExpenses": 3232060000,
    "interestIncome": 0,
    "interestExpense": 73782000,
    "depreciationAndAmortization": 116123000,
    "ebitda": 974604000,
    "ebitdaratio": 0.2382579713,
    "operatingIncome": 858481000,
    "operatingIncomeRatio": 0.2098697947,
    "totalOtherIncomeExpensesNet": -74313000,
    "incomeBeforeTax": 784168000,
    "incomeBeforeTaxRatio": 0.1917027601,
    "incomeTaxExpense": 136445000,
    "netIncome": 647723000,
    "netIncomeRatio": 0.1583465366,
    "eps": 35.22,
    "epsdiluted": 34.12,
    "weightedAverageShsOut": 18389000,
    "weightedAverageShsOutDil": 18983000,
    "link": "https://www.sec.gov/Archives/edgar/data/866787/000155837023010958/0001558370-23-010958-index.htm",
    "finalLink": "https://www.sec.gov/Archives/edgar/data/866787/000155837023010958/azo-20230506x10q.htm"
  },
  {
    "date": "2023-02-11",
    "symbol": "AZO",
    "reportedCurrency": "USD",
    "cik": "0000866787",
    "fillingDate": "2023-03-17",
    "acceptedDate": "2023-03-17 16:20:33",
    "calendarYear": "2023",
    "period": "Q2",
    "revenue": 3690982000,
    "costOfRevenue": 1760979000,
    "grossProfit": 1930003000,
    "grossProfitRatio": 0.5228968876,
    "researchAndDevelopmentExpenses": 0,
    "generalAndAdministrativeExpenses": 0,
    "sellingAndMarketingExpenses": 0,
    "sellingGeneralAndAdministrativeExpenses": 1260026000,
    "otherExpenses": 0,
    "operatingExpenses": 1260026000,
    "costAndExpenses": 3021005000,
    "interestIncome": 0,
    "interestExpense": 64867999,
    "depreciationAndAmortization": 113711000,
    "ebitda": 783688000,
    "ebitdaratio": 0.2123250669,
    "operatingIncome": 669977000,
    "operatingIncomeRatio": 0.1815172764,
    "totalOtherIncomeExpensesNet": -65609000,
    "incomeBeforeTax": 604368000,
    "incomeBeforeTaxRatio": 0.1637417901,
    "incomeTaxExpense": 127824000,
    "netIncome": 476544000,
    "netIncomeRatio": 0.129110356,
    "eps": 25.48,
    "epsdiluted": 24.64,
    "weightedAverageShsOut": 18705000,
    "weightedAverageShsOutDil": 19337000,
    "link": "https://www.sec.gov/Archives/edgar/data/866787/000155837023004115/0001558370-23-004115-index.htm",
    "finalLink": "https://www.sec.gov/Archives/edgar/data/866787/000155837023004115/azo-20230211x10q.htm"
  },
  {
    "date": "2022-11-19",
    "symbol": "AZO",
    "reportedCurrency": "USD",
    "cik": "0000866787",
    "fillingDate": "2022-12-20",
    "acceptedDate": "2022-12-20 16:52:41",
    "calendarYear": "2023",
    "period": "Q1",
    "revenue": 3985067000,
    "costOfRevenue": 1990445000,
    "grossProfit": 1994622000,
    "grossProfitRatio": 0.5005240815,
    "researchAndDevelopmentExpenses": 0,
    "generalAndAdministrativeExpenses": 0,
    "sellingAndMarketingExpenses": 0,
    "sellingGeneralAndAdministrativeExpenses": 1271589000,
    "otherExpenses": 0,
    "operatingExpenses": 1271589000,
    "costAndExpenses": 3262034000,
    "interestIncome": 0,
    "interestExpense": 57723000,
    "depreciationAndAmortization": 109253000,
    "ebitda": 832286000,
    "ebitdaratio": 0.2088511937,
    "operatingIncome": 723033000,
    "operatingIncomeRatio": 0.1814355944,
    "totalOtherIncomeExpensesNet": -57723000,
    "incomeBeforeTax": 665310000,
    "incomeBeforeTaxRatio": 0.166950769,
    "incomeTaxExpense": 125992000,
    "netIncome": 539318000,
    "netIncomeRatio": 0.1353347384,
    "eps": 28.37,
    "epsdiluted": 27.45,
    "weightedAverageShsOut": 19007000,
    "weightedAverageShsOutDil": 19645000,
    "link": "https://www.sec.gov/Archives/edgar/data/866787/000155837022018835/0001558370-22-018835-index.htm",
    "finalLink": "https://www.sec.gov/Archives/edgar/data/866787/000155837022018835/azo-20221119x10q.htm"
  },
  {
    "date": "2022-08-27",
    "symbol": "AZO",
    "reportedCurrency": "USD",
    "cik": "0000866787",
    "fillingDate": "2022-10-24",
    "acceptedDate": "2022-10-24 17:21:06",
    "calendarYear": "2022",
    "period": "Q4",
    "revenue": 5348355000,
    "costOfRevenue": 2592505000,
    "grossProfit": 2755850000,
    "grossProfitRatio": 0.5152705832,
    "researchAndDevelopmentExpenses": 0,
    "generalAndAdministrativeExpenses": 0,
    "sellingAndMarketingExpenses": 0,
    "sellingGeneralAndAdministrativeExpenses": 1652036000,
    "otherExpenses": 0,
    "operatingExpenses": 1652036000,
    "costAndExpenses": 4244541000,
    "interestIncome": 0,
    "interestExpense": 63995000,
    "depreciationAndAmortization": 140858000,
    "ebitda": 1250720000,
    "ebitdaratio": 0.2338513431,
    "operatingIncome": 1103814000,
    "operatingIncomeRatio": 0.206383832,
    "totalOtherIncomeExpensesNet": -63996000,
    "incomeBeforeTax": 1039818000,
    "incomeBeforeTaxRatio": 0.1944182838,
    "incomeTaxExpense": 229775000,
    "netIncome": 810043000,
    "netIncomeRatio": 0.1514564759,
    "eps": 41.81,
    "epsdiluted": 40.51,
    "weightedAverageShsOut": 19373000,
    "weightedAverageShsOutDil": 19996000,
    "link": "https://www.sec.gov/Archives/edgar/data/866787/000155837022015239/0001558370-22-015239-index.htm",
    "finalLink": "https://www.sec.gov/Archives/edgar/data/866787/000155837022015239/azo-20220827x10k.htm"
  },
  {
    "date": "2022-05-07",
    "symbol": "AZO",
    "reportedCurrency": "USD",
    "cik": "0000866787",
    "fillingDate": "2022-06-10",
    "acceptedDate": "2022-06-10 16:02:39",
    "calendarYear": "2022",
    "period": "Q3",
    "revenue": 3865222000,
    "costOfRevenue": 1858808000,
    "grossProfit": 2006414000,
    "grossProfitRatio": 0.5190941167,
    "researchAndDevelopmentExpenses": 0,
    "generalAndAdministrativeExpenses": 0,
    "sellingAndMarketingExpenses": 0,
    "sellingGeneralAndAdministrativeExpenses": 1220744000,
    "otherExpenses": 0,
    "operatingExpenses": 1220744000,
    "costAndExpenses": 3079552000,
    "interestIncome": 0,
    "interestExpense": 41888000,
    "depreciationAndAmortization": 102083000,
    "ebitda": 887753000,
    "ebitdaratio": 0.2296771052,
    "operatingIncome": 785670000,
    "operatingIncomeRatio": 0.2032664618,
    "totalOtherIncomeExpensesNet": -41888000,
    "incomeBeforeTax": 743782000,
    "incomeBeforeTaxRatio": 0.1924293094,
    "incomeTaxExpense": 151211000,
    "netIncome": 592571000,
    "netIncomeRatio": 0.1533083999,
    "eps": 29.93,
    "epsdiluted": 29.03,
    "weightedAverageShsOut": 19798000,
    "weightedAverageShsOutDil": 20414000,
    "link": "https://www.sec.gov/Archives/edgar/data/866787/000155837022009927/0001558370-22-009927-index.htm",
    "finalLink": "https://www.sec.gov/Archives/edgar/data/866787/000155837022009927/azo-20220507x10q.htm"
  },
  {
    "date": "2022-02-12",
    "symbol": "AZO",
    "reportedCurrency": "USD",
    "cik": "0000866787",
    "fillingDate": "2022-03-18",
    "acceptedDate": "2022-03-18 16:03:03",
    "calendarYear": "2022",
    "period": "Q2",
    "revenue": 3369750000,
    "costOfRevenue": 1584524000,
    "grossProfit": 1785226000,
    "grossProfitRatio": 0.529779954,
    "researchAndDevelopmentExpenses": 0,
    "generalAndAdministrativeExpenses": 0,
    "sellingAndMarketingExpenses": 0,
    "sellingGeneralAndAdministrativeExpenses": 1158466000,
    "otherExpenses": 0,
    "operatingExpenses": 1158466000,
    "costAndExpenses": 2742990000,
    "interestIncome": 0,
    "interestExpense": 42471000,
    "depreciationAndAmortization": 99692000,
    "ebitda": 726452000,
    "ebitdaratio": 0.2155803843,
    "operatingIncome": 626760000,
    "operatingIncomeRatio": 0.1859959938,
    "totalOtherIncomeExpensesNet": -42471000,
    "incomeBeforeTax": 584289000,
    "incomeBeforeTaxRatio": 0.1733923882,
    "incomeTaxExpense": 112534000,
    "netIncome": 471755000,
    "netIncomeRatio": 0.1399970324,
    "eps": 23,
    "epsdiluted": 22.3,
    "weightedAverageShsOut": 20513000,
    "weightedAverageShsOutDil": 21158000,
    "link": "https://www.sec.gov/Archives/edgar/data/866787/000155837022003914/0001558370-22-003914-index.htm",
    "finalLink": "https://www.sec.gov/Archives/edgar/data/866787/000155837022003914/azo-20220212x10q.htm"
  },
  {
    "date": "2021-11-20",
    "symbol": "AZO",
    "reportedCurrency": "USD",
    "cik": "0000866787",
    "fillingDate": "2021-12-17",
    "acceptedDate": "2021-12-17 16:41:03",
    "calendarYear": "2022",
    "period": "Q1",
    "revenue": 3668904000,
    "costOfRevenue": 1743744000,
    "grossProfit": 1925160000,
    "grossProfitRatio": 0.5247234596,
    "researchAndDevelopmentExpenses": 0,
    "generalAndAdministrativeExpenses": 0,
    "sellingAndMarketingExpenses": 0,
    "sellingGeneralAndAdministrativeExpenses": 1170675000,
    "otherExpenses": 0,
    "operatingExpenses": 1170675000,
    "costAndExpenses": 2914419000,
    "interestIncome": 0,
    "interestExpense": 43284000,
    "depreciationAndAmortization": 99590000,
    "ebitda": 854075000,
    "ebitdaratio": 0.2327875028,
    "operatingIncome": 754485000,
    "operatingIncomeRatio": 0.2056431566,
    "totalOtherIncomeExpensesNet": -43284000,
    "incomeBeforeTax": 711201000,
    "incomeBeforeTaxRatio": 0.193845628,
    "incomeTaxExpense": 155966000,
    "netIncome": 555235000,
    "netIncomeRatio": 0.1513353852,
    "eps": 26.45,
    "epsdiluted": 25.69,
    "weightedAverageShsOut": 20988000,
    "weightedAverageShsOutDil": 21609000,
    "link": "https://www.sec.gov/Archives/edgar/data/866787/000155837021016915/0001558370-21-016915-index.htm",
    "finalLink": "https://www.sec.gov/Archives/edgar/data/866787/000155837021016915/azo-20211120x10q.htm"
  },
  {
    "date": "2021-08-28",
    "symbol": "AZO",
    "reportedCurrency": "USD",
    "cik": "0000866787",
    "fillingDate": "2021-10-25",
    "acceptedDate": "2021-10-25 16:25:55",
    "calendarYear": "2021",
    "period": "Q4",
    "revenue": 4913484000,
    "costOfRevenue": 2345645000,
    "grossProfit": 2567839000,
    "grossProfitRatio": 0.5226106364,
    "researchAndDevelopmentExpenses": 0,
    "generalAndAdministrativeExpenses": 0,
    "sellingAndMarketingExpenses": 0,
    "sellingGeneralAndAdministrativeExpenses": 1523809000,
    "otherExpenses": 0,
    "operatingExpenses": 1523809000,
    "costAndExpenses": 3869454000,
    "interestIncome": 0,
    "interestExpense": 57019000,
    "depreciationAndAmortization": 129639000,
    "ebitda": 1179086000,
    "ebitdaratio": 0.2399694392,
    "operatingIncome": 1044030000,
    "operatingIncomeRatio": 0.2124826294,
    "totalOtherIncomeExpensesNet": -58120000,
    "incomeBeforeTax": 985910000,
    "incomeBeforeTaxRatio": 0.2006539555,
    "incomeTaxExpense": 200139000,
    "netIncome": 785771000,
    "netIncomeRatio": 0.1599213511,
    "eps": 36.72,
    "epsdiluted": 35.72,
    "weightedAverageShsOut": 21400000,
    "weightedAverageShsOutDil": 22000000,
    "link": "https://www.sec.gov/Archives/edgar/data/866787/000155837021013446/0001558370-21-013446-index.htm",
    "finalLink": "https://www.sec.gov/Archives/edgar/data/866787/000155837021013446/azo-20210828x10k.htm"
  },
  {
    "date": "2021-05-08",
    "symbol": "AZO",
    "reportedCurrency": "USD",
    "cik": "0000866787",
    "fillingDate": "2021-06-11",
    "acceptedDate": "2021-06-11 16:12:52",
    "calendarYear": "2021",
    "period": "Q3",
    "revenue": 3651023000,
    "costOfRevenue": 1736077000,
    "grossProfit": 1914946000,
    "grossProfitRatio": 0.5244957372,
    "researchAndDevelopmentExpenses": 0,
    "generalAndAdministrativeExpenses": 0,
    "sellingAndMarketingExpenses": 0,
    "sellingGeneralAndAdministrativeExpenses": 1111441000,
    "otherExpenses": 0,
    "operatingExpenses": 1111441000,
    "costAndExpenses": 2847518000,
    "interestIncome": 0,
    "interestExpense": 44163000,
    "depreciationAndAmortization": 94017000,
    "ebitda": 897522000,
    "ebitdaratio": 0.2458275393,
    "operatingIncome": 803505000,
    "operatingIncomeRatio": 0.2200766744,
    "totalOtherIncomeExpensesNet": -45026000,
    "incomeBeforeTax": 758479000,
    "incomeBeforeTaxRatio": 0.2077442404,
    "incomeTaxExpense": 162315000,
    "netIncome": 596164000,
    "netIncomeRatio": 0.1632868377,
    "eps": 27.15,
    "epsdiluted": 26.48,
    "weightedAverageShsOut": 21956000,
    "weightedAverageShsOutDil": 22515000,
    "link": "https://www.sec.gov/Archives/edgar/data/866787/000155837021008232/0001558370-21-008232-index.htm",
    "finalLink": "https://www.sec.gov/Archives/edgar/data/866787/000155837021008232/azo-20210508x10q.htm"
  },
  {
    "date": "2021-02-13",
    "symbol": "AZO",
    "reportedCurrency": "USD",
    "cik": "0000866787",
    "fillingDate": "2021-03-19",
    "acceptedDate": "2021-03-19 16:42:21",
    "calendarYear": "2021",
    "period": "Q2",
    "revenue": 2910818000,
    "costOfRevenue": 1351435000,
    "grossProfit": 1559383000,
    "grossProfitRatio": 0.5357198561,
    "researchAndDevelopmentExpenses": 0,
    "generalAndAdministrativeExpenses": 0,
    "sellingAndMarketingExpenses": 0,
    "sellingGeneralAndAdministrativeExpenses": 1077616000,
    "otherExpenses": 0,
    "operatingExpenses": 1077616000,
    "costAndExpenses": 2429051000,
    "interestIncome": 0,
    "interestExpense": 45149000,
    "depreciationAndAmortization": 94476000,
    "ebitda": 576243000,
    "ebitdaratio": 0.1979660013,
    "operatingIncome": 481767000,
    "operatingIncomeRatio": 0.1655091455,
    "totalOtherIncomeExpensesNet": -46012000,
    "incomeBeforeTax": 435755000,
    "incomeBeforeTaxRatio": 0.1497019051,
    "incomeTaxExpense": 89809000,
    "netIncome": 345946000,
    "netIncomeRatio": 0.1188483787,
    "eps": 15.27,
    "epsdiluted": 14.93,
    "weightedAverageShsOut": 22648000,
    "weightedAverageShsOutDil": 23168000,
    "link": "https://www.sec.gov/Archives/edgar/data/866787/000155837021003264/0001558370-21-003264-index.htm",
    "finalLink": "https://www.sec.gov/Archives/edgar/data/866787/000155837021003264/azo-20210213x10q.htm"
  },
  {
    "date": "2020-11-21",
    "symbol": "AZO",
    "reportedCurrency": "USD",
    "cik": "0000866787",
    "fillingDate": "2020-12-18",
    "acceptedDate": "2020-12-18 16:33:54",
    "calendarYear": "2021",
    "period": "Q1",
    "revenue": 3154261000,
    "costOfRevenue": 1478644000,
    "grossProfit": 1675617000,
    "grossProfitRatio": 0.5312233198,
    "researchAndDevelopmentExpenses": 0,
    "generalAndAdministrativeExpenses": 0,
    "sellingAndMarketingExpenses": 0,
    "sellingGeneralAndAdministrativeExpenses": 1060392000,
    "otherExpenses": 0,
    "operatingExpenses": 1060392000,
    "costAndExpenses": 2539036000,
    "interestIncome": 0,
    "interestExpense": 45316000,
    "depreciationAndAmortization": 89551000,
    "ebitda": 704776000,
    "ebitdaratio": 0.2234361709,
    "operatingIncome": 615225000,
    "operatingIncomeRatio": 0.1950456858,
    "totalOtherIncomeExpensesNet": -46179000,
    "incomeBeforeTax": 569046000,
    "incomeBeforeTaxRatio": 0.1804054896,
    "incomeTaxExpense": 126613000,
    "netIncome": 442433000,
    "netIncomeRatio": 0.1402651841,
    "eps": 19.05,
    "epsdiluted": 18.61,
    "weightedAverageShsOut": 23223000,
    "weightedAverageShsOutDil": 23778000,
    "link": "https://www.sec.gov/Archives/edgar/data/866787/000155837020014469/0001558370-20-014469-index.htm",
    "finalLink": "https://www.sec.gov/Archives/edgar/data/866787/000155837020014469/azo-20201121x10q.htm"
  },
  {
    "date": "2020-08-29",
    "symbol": "AZO",
    "reportedCurrency": "USD",
    "cik": "0000866787",
    "fillingDate": "2020-10-26",
    "acceptedDate": "2020-10-26 17:26:03",
    "calendarYear": "2020",
    "period": "Q4",
    "revenue": 4545968000,
    "costOfRevenue": 2132993000,
    "grossProfit": 2412975000,
    "grossProfitRatio": 0.5307945414,
    "researchAndDevelopmentExpenses": 0,
    "generalAndAdministrativeExpenses": 0,
    "sellingAndMarketingExpenses": 0,
    "sellingGeneralAndAdministrativeExpenses": 1394930000,
    "otherExpenses": 0,
    "operatingExpenses": 1394930000,
    "costAndExpenses": 3527923000,
    "interestIncome": 0,
    "interestExpense": 64538000,
    "depreciationAndAmortization": 125351000,
    "ebitda": 1149085000,
    "ebitdaratio": 0.2527701471,
    "operatingIncome": 1018045000,
    "operatingIncomeRatio": 0.2239446032,
    "totalOtherIncomeExpensesNet": -65637000,
    "incomeBeforeTax": 952408000,
    "incomeBeforeTaxRatio": 0.2095060942,
    "incomeTaxExpense": 211951000,
    "netIncome": 740457000,
    "netIncomeRatio": 0.1628821408,
    "eps": 31.67,
    "epsdiluted": 30.93,
    "weightedAverageShsOut": 23383000,
    "weightedAverageShsOutDil": 23942000,
    "link": "https://www.sec.gov/Archives/edgar/data/866787/000155837020011748/0001558370-20-011748-index.htm",
    "finalLink": "https://www.sec.gov/Archives/edgar/data/866787/000155837020011748/azo-20200829x10k.htm"
  },
  {
    "date": "2020-05-09",
    "symbol": "AZO",
    "reportedCurrency": "USD",
    "cik": "0000866787",
    "fillingDate": "2020-06-12",
    "acceptedDate": "2020-06-12 17:19:08",
    "calendarYear": "2020",
    "period": "Q3",
    "revenue": 2779299000,
    "costOfRevenue": 1288651000,
    "grossProfit": 1490648000,
    "grossProfitRatio": 0.536339559,
    "researchAndDevelopmentExpenses": 0,
    "generalAndAdministrativeExpenses": 0,
    "sellingAndMarketingExpenses": 0,
    "sellingGeneralAndAdministrativeExpenses": 998975000,
    "otherExpenses": 0,
    "operatingExpenses": 998975000,
    "costAndExpenses": 2287626000,
    "interestIncome": 0,
    "interestExpense": 46941000,
    "depreciationAndAmortization": 91695000,
    "ebitda": 583368000,
    "ebitdaratio": 0.2098975317,
    "operatingIncome": 491673000,
    "operatingIncomeRatio": 0.1769053995,
    "totalOtherIncomeExpensesNet": -47450000,
    "incomeBeforeTax": 444223000,
    "incomeBeforeTaxRatio": 0.1598327492,
    "incomeTaxExpense": 101327000,
    "netIncome": 342896000,
    "netIncomeRatio": 0.1233749949,
    "eps": 14.66,
    "epsdiluted": 14.39,
    "weightedAverageShsOut": 23386000,
    "weightedAverageShsOutDil": 23828000,
    "link": "https://www.sec.gov/Archives/edgar/data/866787/000155837020007487/0001558370-20-007487-index.htm",
    "finalLink": "https://www.sec.gov/Archives/edgar/data/866787/000155837020007487/azo-20200612x10q.htm"
  },
  {
    "date": "2020-02-15",
    "symbol": "AZO",
    "reportedCurrency": "USD",
    "cik": "0000866787",
    "fillingDate": "2020-03-17",
    "acceptedDate": "2020-03-17 16:55:56",
    "calendarYear": "2020",
    "period": "Q2",
    "revenue": 2513663000,
    "costOfRevenue": 1147600000,
    "grossProfit": 1366063000,
    "grossProfitRatio": 0.5434551091,
    "researchAndDevelopmentExpenses": 0,
    "generalAndAdministrativeExpenses": 0,
    "sellingAndMarketingExpenses": 0,
    "sellingGeneralAndAdministrativeExpenses": 958125000,
    "otherExpenses": 0,
    "operatingExpenses": 958125000,
    "costAndExpenses": 2105725000,
    "interestIncome": 0,
    "interestExpense": 43827000,
    "depreciationAndAmortization": 90670000,
    "ebitda": 498608000,
    "ebitdaratio": 0.1983591277,
    "operatingIncome": 407938000,
    "operatingIncomeRatio": 0.1622882622,
    "totalOtherIncomeExpensesNet": -44335000,
    "incomeBeforeTax": 363603000,
    "incomeBeforeTaxRatio": 0.1446506552,
    "incomeTaxExpense": 64321000,
    "netIncome": 299282000,
    "netIncomeRatio": 0.1190621018,
    "eps": 12.7,
    "epsdiluted": 12.39,
    "weightedAverageShsOut": 23570000,
    "weightedAverageShsOutDil": 24160000,
    "link": "https://www.sec.gov/Archives/edgar/data/866787/000119312520076091/0001193125-20-076091-index.htm",
    "finalLink": "https://www.sec.gov/Archives/edgar/data/866787/000119312520076091/d898996d10q.htm"
  },
  {
    "date": "2019-11-23",
    "symbol": "AZO",
    "reportedCurrency": "USD",
    "cik": "0000866787",
    "fillingDate": "2019-12-20",
    "acceptedDate": "2019-12-20 16:34:18",
    "calendarYear": "2020",
    "period": "Q1",
    "revenue": 2793038000,
    "costOfRevenue": 1291970000,
    "grossProfit": 1501068000,
    "grossProfitRatio": 0.5374320006,
    "researchAndDevelopmentExpenses": 0,
    "generalAndAdministrativeExpenses": 0,
    "sellingAndMarketingExpenses": 0,
    "sellingGeneralAndAdministrativeExpenses": 1001045000,
    "otherExpenses": 0,
    "operatingExpenses": 1001045000,
    "costAndExpenses": 2293015000,
    "interestIncome": 0,
    "interestExpense": 43234000,
    "depreciationAndAmortization": 89750000,
    "ebitda": 589773000,
    "ebitdaratio": 0.2111582442,
    "operatingIncome": 500023000,
    "operatingIncomeRatio": 0.1790247752,
    "totalOtherIncomeExpensesNet": -43743000,
    "incomeBeforeTax": 456280000,
    "incomeBeforeTaxRatio": 0.1633633341,
    "incomeTaxExpense": 105942000,
    "netIncome": 350338000,
    "netIncomeRatio": 0.1254325935,
    "eps": 14.67,
    "epsdiluted": 14.3,
    "weightedAverageShsOut": 23875000,
    "weightedAverageShsOutDil": 24493000,
    "link": "https://www.sec.gov/Archives/edgar/data/866787/000119312519320984/0001193125-19-320984-index.htm",
    "finalLink": "https://www.sec.gov/Archives/edgar/data/866787/000119312519320984/d824424d10q.htm"
  },
  {
    "date": "2019-08-31",
    "symbol": "AZO",
    "reportedCurrency": "USD",
    "cik": "0000866787",
    "fillingDate": "2019-10-28",
    "acceptedDate": "2019-10-28 16:12:58",
    "calendarYear": "2019",
    "period": "Q4",
    "revenue": 3988436000,
    "costOfRevenue": 1858036000,
    "grossProfit": 2130400000,
    "grossProfitRatio": 0.5341442109,
    "researchAndDevelopmentExpenses": 0,
    "generalAndAdministrativeExpenses": 0,
    "sellingAndMarketingExpenses": 0,
    "sellingGeneralAndAdministrativeExpenses": 1349625000,
    "otherExpenses": 0,
    "operatingExpenses": 1349625000,
    "costAndExpenses": 3207661000,
    "interestIncome": 0,
    "interestExpense": 60497000,
    "depreciationAndAmortization": 118839000,
    "ebitda": 907010000,
    "ebitdaratio": 0.2274099421,
    "operatingIncome": 780775000,
    "operatingIncomeRatio": 0.1957596913,
    "totalOtherIncomeExpensesNet": -61196000,
    "incomeBeforeTax": 719579000,
    "incomeBeforeTaxRatio": 0.1804163336,
    "incomeTaxExpense": 154350000,
    "netIncome": 565229000,
    "netIncomeRatio": 0.1417169537,
    "eps": 21.47,
    "epsdiluted": 20.95,
    "weightedAverageShsOut": 24417000,
    "weightedAverageShsOutDil": 25019000,
    "link": "https://www.sec.gov/Archives/edgar/data/866787/000119312519276201/0001193125-19-276201-index.htm",
    "finalLink": "https://www.sec.gov/Archives/edgar/data/866787/000119312519276201/d771460d10k.htm"
  },
  {
    "date": "2019-05-04",
    "symbol": "AZO",
    "reportedCurrency": "USD",
    "cik": "0000866787",
    "fillingDate": "2019-06-07",
    "acceptedDate": "2019-06-07 16:05:34",
    "calendarYear": "2019",
    "period": "Q3",
    "revenue": 2783006000,
    "costOfRevenue": 1290986000,
    "grossProfit": 1492020000,
    "grossProfitRatio": 0.5361181399,
    "researchAndDevelopmentExpenses": 0,
    "generalAndAdministrativeExpenses": 0,
    "sellingAndMarketingExpenses": 0,
    "sellingGeneralAndAdministrativeExpenses": 944497000,
    "otherExpenses": 0,
    "operatingExpenses": 944497000,
    "costAndExpenses": 2235483000,
    "interestIncome": 0,
    "interestExpense": 42731000,
    "depreciationAndAmortization": 84888000,
    "ebitda": 632411000,
    "ebitdaratio": 0.2272402575,
    "operatingIncome": 547523000,
    "operatingIncomeRatio": 0.1967379876,
    "totalOtherIncomeExpensesNet": -43239000,
    "incomeBeforeTax": 504284000,
    "incomeBeforeTaxRatio": 0.1812011904,
    "incomeTaxExpense": 98335000,
    "netIncome": 405949000,
    "netIncomeRatio": 0.1458670948,
    "eps": 16.35,
    "epsdiluted": 15.99,
    "weightedAverageShsOut": 24836000,
    "weightedAverageShsOutDil": 25394000,
    "link": "https://www.sec.gov/Archives/edgar/data/866787/000119312519168161/0001193125-19-168161-index.htm",
    "finalLink": "https://www.sec.gov/Archives/edgar/data/866787/000119312519168161/d738203d10q.htm"
  },
  {
    "date": "2019-02-09",
    "symbol": "AZO",
    "reportedCurrency": "USD",
    "cik": "0000866787",
    "fillingDate": "2019-03-15",
    "acceptedDate": "2019-03-15 16:02:40",
    "calendarYear": "2019",
    "period": "Q2",
    "revenue": 2450568000,
    "costOfRevenue": 1125461000,
    "grossProfit": 1325107000,
    "grossProfitRatio": 0.5407346378,
    "researchAndDevelopmentExpenses": 0,
    "generalAndAdministrativeExpenses": 0,
    "sellingAndMarketingExpenses": 0,
    "sellingGeneralAndAdministrativeExpenses": 925087000,
    "otherExpenses": 0,
    "operatingExpenses": 925087000,
    "costAndExpenses": 2050548000,
    "interestIncome": 0,
    "interestExpense": 40853000,
    "depreciationAndAmortization": 83778000,
    "ebitda": 483798000,
    "ebitdaratio": 0.1974228016,
    "operatingIncome": 400020000,
    "operatingIncomeRatio": 0.1632356254,
    "totalOtherIncomeExpensesNet": -41362000,
    "incomeBeforeTax": 358658000,
    "incomeBeforeTaxRatio": 0.1463570895,
    "incomeTaxExpense": 64020000,
    "netIncome": 294638000,
    "netIncomeRatio": 0.1202325338,
    "eps": 11.71,
    "epsdiluted": 11.49,
    "weightedAverageShsOut": 25166000,
    "weightedAverageShsOutDil": 25643000,
    "link": "https://www.sec.gov/Archives/edgar/data/866787/000119312519076641/0001193125-19-076641-index.htm",
    "finalLink": "https://www.sec.gov/Archives/edgar/data/866787/000119312519076641/d693224d10q.htm"
  },
  {
    "date": "2018-11-17",
    "symbol": "AZO",
    "reportedCurrency": "USD",
    "cik": "0000866787",
    "fillingDate": "2018-12-18",
    "acceptedDate": "2018-12-17 19:13:55",
    "calendarYear": "2019",
    "period": "Q1",
    "revenue": 2641733000,
    "costOfRevenue": 1224259000,
    "grossProfit": 1417474000,
    "grossProfitRatio": 0.5365697442,
    "researchAndDevelopmentExpenses": 0,
    "generalAndAdministrativeExpenses": 0,
    "sellingAndMarketingExpenses": 0,
    "sellingGeneralAndAdministrativeExpenses": 929656000,
    "otherExpenses": 0,
    "operatingExpenses": 929656000,
    "costAndExpenses": 2153915000,
    "interestIncome": 0,
    "interestExpense": 38497000,
    "depreciationAndAmortization": 82452000,
    "ebitda": 570270000,
    "ebitdaratio": 0.2158696583,
    "operatingIncome": 487818000,
    "operatingIncomeRatio": 0.1846583285,
    "totalOtherIncomeExpensesNet": -39006000,
    "incomeBeforeTax": 448812000,
    "incomeBeforeTaxRatio": 0.169893021,
    "incomeTaxExpense": 97406000,
    "netIncome": 351406000,
    "netIncomeRatio": 0.1330210131,
    "eps": 13.71,
    "epsdiluted": 13.47,
    "weightedAverageShsOut": 25629000,
    "weightedAverageShsOutDil": 26097000,
    "link": "https://www.sec.gov/Archives/edgar/data/866787/000119312518351223/0001193125-18-351223-index.htm",
    "finalLink": "https://www.sec.gov/Archives/edgar/data/866787/000119312518351223/d658000d10q.htm"
  },
  {
    "date": "2018-08-25",
    "symbol": "AZO",
    "reportedCurrency": "USD",
    "cik": "0000866787",
    "fillingDate": "2018-10-24",
    "acceptedDate": "2018-10-24 16:55:13",
    "calendarYear": "2018",
    "period": "Q4",
    "revenue": 3558768000,
    "costOfRevenue": 1650889000,
    "grossProfit": 1907879000,
    "grossProfitRatio": 0.5361065964,
    "researchAndDevelopmentExpenses": 0,
    "generalAndAdministrativeExpenses": 0,
    "sellingAndMarketingExpenses": 0,
    "sellingGeneralAndAdministrativeExpenses": 1316640000,
    "otherExpenses": 0,
    "operatingExpenses": 1316640000,
    "costAndExpenses": 2967529000,
    "interestIncome": 0,
    "interestExpense": 53640000,
    "depreciationAndAmortization": 107993000,
    "ebitda": 704868000,
    "ebitdaratio": 0.1980651731,
    "operatingIncome": 591239000,
    "operatingIncomeRatio": 0.166135865,
    "totalOtherIncomeExpensesNet": -54341000,
    "incomeBeforeTax": 536898000,
    "incomeBeforeTaxRatio": 0.1508662548,
    "incomeTaxExpense": 136616000,
    "netIncome": 400282000,
    "netIncomeRatio": 0.1124776889,
    "eps": 15.27,
    "epsdiluted": 15.02,
    "weightedAverageShsOut": 26212000,
    "weightedAverageShsOutDil": 26649000,
    "link": "https://www.sec.gov/Archives/edgar/data/866787/000119312518306452/0001193125-18-306452-index.htm",
    "finalLink": "https://www.sec.gov/Archives/edgar/data/866787/000119312518306452/d597971d10k.htm"
  },
  {
    "date": "2018-05-05",
    "symbol": "AZO",
    "reportedCurrency": "USD",
    "cik": "0000866787",
    "fillingDate": "2018-06-08",
    "acceptedDate": "2018-06-08 16:54:05",
    "calendarYear": "2018",
    "period": "Q3",
    "revenue": 2660152000,
    "costOfRevenue": 1237178000,
    "grossProfit": 1422974000,
    "grossProfitRatio": 0.5349220646,
    "researchAndDevelopmentExpenses": 0,
    "generalAndAdministrativeExpenses": 0,
    "sellingAndMarketingExpenses": 0,
    "sellingGeneralAndAdministrativeExpenses": 877209000,
    "otherExpenses": 0,
    "operatingExpenses": 877209000,
    "costAndExpenses": 2114387000,
    "interestIncome": 0,
    "interestExpense": 41449000,
    "depreciationAndAmortization": 79754000,
    "ebitda": 625519000,
    "ebitdaratio": 0.235144082,
    "operatingIncome": 545765000,
    "operatingIncomeRatio": 0.2051630884,
    "totalOtherIncomeExpensesNet": -41958000,
    "incomeBeforeTax": 503807000,
    "incomeBeforeTaxRatio": 0.1893903055,
    "incomeTaxExpense": 137086000,
    "netIncome": 366721000,
    "netIncomeRatio": 0.13785716,
    "eps": 13.62,
    "epsdiluted": 13.42,
    "weightedAverageShsOut": 26926000,
    "weightedAverageShsOutDil": 27329000,
    "link": "https://www.sec.gov/Archives/edgar/data/866787/000119312518188204/0001193125-18-188204-index.htm",
    "finalLink": "https://www.sec.gov/Archives/edgar/data/866787/000119312518188204/d511750d10q.htm"
  },
  {
    "date": "2018-02-10",
    "symbol": "AZO",
    "reportedCurrency": "USD",
    "cik": "0000866787",
    "fillingDate": "2018-03-16",
    "acceptedDate": "2018-03-16 17:02:51",
    "calendarYear": "2018",
    "period": "Q2",
    "revenue": 2413026000,
    "costOfRevenue": 1135980000,
    "grossProfit": 1277046000,
    "grossProfitRatio": 0.5292301036,
    "researchAndDevelopmentExpenses": 0,
    "generalAndAdministrativeExpenses": 0,
    "sellingAndMarketingExpenses": 0,
    "sellingGeneralAndAdministrativeExpenses": 1071948000,
    "otherExpenses": 0,
    "operatingExpenses": 1071948000,
    "costAndExpenses": 2207928000,
    "interestIncome": 0,
    "interestExpense": 38831000,
    "depreciationAndAmortization": 79351000,
    "ebitda": 284449000,
    "ebitdaratio": 0.1178806196,
    "operatingIncome": 205098000,
    "operatingIncomeRatio": 0.0849961832,
    "totalOtherIncomeExpensesNet": -39340000,
    "incomeBeforeTax": 165758000,
    "incomeBeforeTaxRatio": 0.0686930021,
    "incomeTaxExpense": -123772000,
    "netIncome": 289530000,
    "netIncomeRatio": 0.1199862745,
    "eps": 10.58,
    "epsdiluted": 10.38,
    "weightedAverageShsOut": 27355000,
    "weightedAverageShsOutDil": 27882000,
    "link": "https://www.sec.gov/Archives/edgar/data/866787/000119312518085999/0001193125-18-085999-index.htm",
    "finalLink": "https://www.sec.gov/Archives/edgar/data/866787/000119312518085999/d539303d10q.htm"
  },
  {
    "date": "2017-11-18",
    "symbol": "AZO",
    "reportedCurrency": "USD",
    "cik": "0000866787",
    "fillingDate": "2017-12-19",
    "acceptedDate": "2017-12-19 16:52:55",
    "calendarYear": "2018",
    "period": "Q1",
    "revenue": 2589131000,
    "costOfRevenue": 1223283000,
    "grossProfit": 1365848000,
    "grossProfitRatio": 0.5275314382,
    "researchAndDevelopmentExpenses": 0,
    "generalAndAdministrativeExpenses": 0,
    "sellingAndMarketingExpenses": 0,
    "sellingGeneralAndAdministrativeExpenses": 897094000,
    "otherExpenses": 0,
    "operatingExpenses": 897094000,
    "costAndExpenses": 2120377000,
    "interestIncome": 0,
    "interestExpense": 38380000,
    "depreciationAndAmortization": 77986000,
    "ebitda": 546740000,
    "ebitdaratio": 0.2111673762,
    "operatingIncome": 468754000,
    "operatingIncomeRatio": 0.1810468454,
    "totalOtherIncomeExpensesNet": -38889000,
    "incomeBeforeTax": 429865000,
    "incomeBeforeTaxRatio": 0.166026748,
    "incomeTaxExpense": 148862000,
    "netIncome": 281003000,
    "netIncomeRatio": 0.1085317815,
    "eps": 10.17,
    "epsdiluted": 10,
    "weightedAverageShsOut": 27638000,
    "weightedAverageShsOutDil": 28096000,
    "link": "https://www.sec.gov/Archives/edgar/data/866787/000119312517373692/0001193125-17-373692-index.htm",
    "finalLink": "https://www.sec.gov/Archives/edgar/data/866787/000119312517373692/d484086d10q.htm"
  },
  {
    "date": "2017-08-26",
    "symbol": "AZO",
    "reportedCurrency": "USD",
    "cik": "0000866787",
    "fillingDate": "2017-10-25",
    "acceptedDate": "2017-10-25 16:40:07",
    "calendarYear": "2017",
    "period": "Q4",
    "revenue": 3512605000,
    "costOfRevenue": 1658481000,
    "grossProfit": 1854124000,
    "grossProfitRatio": 0.5278487049,
    "researchAndDevelopmentExpenses": 0,
    "generalAndAdministrativeExpenses": 0,
    "sellingAndMarketingExpenses": 0,
    "sellingGeneralAndAdministrativeExpenses": 1146497000,
    "otherExpenses": 0,
    "operatingExpenses": 1146497000,
    "costAndExpenses": 2804978000,
    "interestIncome": 0,
    "interestExpense": 50701000,
    "depreciationAndAmortization": 103063000,
    "ebitda": 814192000,
    "ebitdaratio": 0.2317915052,
    "operatingIncome": 707627000,
    "operatingIncomeRatio": 0.201453622,
    "totalOtherIncomeExpensesNet": -51400000,
    "incomeBeforeTax": 656227000,
    "incomeBeforeTaxRatio": 0.1868206075,
    "incomeTaxExpense": 222327000,
    "netIncome": 433900000,
    "netIncomeRatio": 0.1235265565,
    "eps": 15.52,
    "epsdiluted": 15.27,
    "weightedAverageShsOut": 27963000,
    "weightedAverageShsOutDil": 28424000,
    "link": "https://www.sec.gov/Archives/edgar/data/866787/000119312517319357/0001193125-17-319357-index.htm",
    "finalLink": "https://www.sec.gov/Archives/edgar/data/866787/000119312517319357/d447746d10k.htm"
  },
  {
    "date": "2017-05-06",
    "symbol": "AZO",
    "reportedCurrency": "USD",
    "cik": "0000866787",
    "fillingDate": "2017-06-14",
    "acceptedDate": "2017-06-14 16:33:53",
    "calendarYear": "2017",
    "period": "Q3",
    "revenue": 2619007000,
    "costOfRevenue": 1240589000,
    "grossProfit": 1378418000,
    "grossProfitRatio": 0.5263132172,
    "researchAndDevelopmentExpenses": 0,
    "generalAndAdministrativeExpenses": 0,
    "sellingAndMarketingExpenses": 0,
    "sellingGeneralAndAdministrativeExpenses": 848848000,
    "otherExpenses": 0,
    "operatingExpenses": 848848000,
    "costAndExpenses": 2089437000,
    "interestIncome": 0,
    "interestExpense": 35166000,
    "depreciationAndAmortization": 75343000,
    "ebitda": 604913000,
    "ebitdaratio": 0.230970364,
    "operatingIncome": 529570000,
    "operatingIncomeRatio": 0.2022025905,
    "totalOtherIncomeExpensesNet": -35675000,
    "incomeBeforeTax": 493895000,
    "incomeBeforeTaxRatio": 0.1885810156,
    "incomeTaxExpense": 162195000,
    "netIncome": 331700000,
    "netIncomeRatio": 0.1266510552,
    "eps": 11.7,
    "epsdiluted": 11.44,
    "weightedAverageShsOut": 28358000,
    "weightedAverageShsOutDil": 29005000,
    "link": "https://www.sec.gov/Archives/edgar/data/866787/000119312517203540/0001193125-17-203540-index.htm",
    "finalLink": "https://www.sec.gov/Archives/edgar/data/866787/000119312517203540/d382576d10q.htm"
  },
  {
    "date": "2017-02-11",
    "symbol": "AZO",
    "reportedCurrency": "USD",
    "cik": "0000866787",
    "fillingDate": "2017-03-21",
    "acceptedDate": "2017-03-21 16:46:51",
    "calendarYear": "2017",
    "period": "Q2",
    "revenue": 2289219000,
    "costOfRevenue": 1083683000,
    "grossProfit": 1205536000,
    "grossProfitRatio": 0.5266145354,
    "researchAndDevelopmentExpenses": 0,
    "generalAndAdministrativeExpenses": 0,
    "sellingAndMarketingExpenses": 0,
    "sellingGeneralAndAdministrativeExpenses": 821567000,
    "otherExpenses": 0,
    "operatingExpenses": 821567000,
    "costAndExpenses": 1905250000,
    "interestIncome": 0,
    "interestExpense": 33689000,
    "depreciationAndAmortization": 72833000,
    "ebitda": 456802000,
    "ebitdaratio": 0.1995449103,
    "operatingIncome": 383969000,
    "operatingIncomeRatio": 0.1677292561,
    "totalOtherIncomeExpensesNet": -34198000,
    "incomeBeforeTax": 349771000,
    "incomeBeforeTaxRatio": 0.1527905369,
    "incomeTaxExpense": 112626000,
    "netIncome": 237145000,
    "netIncomeRatio": 0.1035920984,
    "eps": 8.29,
    "epsdiluted": 8.08,
    "weightedAverageShsOut": 28606000,
    "weightedAverageShsOutDil": 29340000,
    "link": "https://www.sec.gov/Archives/edgar/data/866787/000119312517090804/0001193125-17-090804-index.htm",
    "finalLink": "https://www.sec.gov/Archives/edgar/data/866787/000119312517090804/d351053d10q.htm"
  },
  {
    "date": "2016-11-19",
    "symbol": "AZO",
    "reportedCurrency": "USD",
    "cik": "0000866787",
    "fillingDate": "2016-12-14",
    "acceptedDate": "2016-12-14 16:45:56",
    "calendarYear": "2017",
    "period": "Q1",
    "revenue": 2467845000,
    "costOfRevenue": 1166303000,
    "grossProfit": 1301542000,
    "grossProfitRatio": 0.5274002217,
    "researchAndDevelopmentExpenses": 0,
    "generalAndAdministrativeExpenses": 0,
    "sellingAndMarketingExpenses": 0,
    "sellingGeneralAndAdministrativeExpenses": 842640000,
    "otherExpenses": 0,
    "operatingExpenses": 842640000,
    "costAndExpenses": 2008943000,
    "interestIncome": 0,
    "interestExpense": 32796999,
    "depreciationAndAmortization": 71812000,
    "ebitda": 530714000,
    "ebitdaratio": 0.2150515936,
    "operatingIncome": 458902000,
    "operatingIncomeRatio": 0.1859525213,
    "totalOtherIncomeExpensesNet": -33306000,
    "incomeBeforeTax": 425596000,
    "incomeBeforeTaxRatio": 0.172456536,
    "incomeTaxExpense": 147471000,
    "netIncome": 278125000,
    "netIncomeRatio": 0.1126995415,
    "eps": 9.61,
    "epsdiluted": 9.36,
    "weightedAverageShsOut": 28951000,
    "weightedAverageShsOutDil": 29703000,
    "link": "https://www.sec.gov/Archives/edgar/data/866787/000119312516793056/0001193125-16-793056-index.htm",
    "finalLink": "https://www.sec.gov/Archives/edgar/data/866787/000119312516793056/d242685d10q.htm"
  },
  {
    "date": "2016-08-27",
    "symbol": "AZO",
    "reportedCurrency": "USD",
    "cik": "0000866787",
    "fillingDate": "2016-10-24",
    "acceptedDate": "2016-10-24 16:35:15",
    "calendarYear": "2016",
    "period": "Q4",
    "revenue": 3398769000,
    "costOfRevenue": 1604021000,
    "grossProfit": 1794748000,
    "grossProfitRatio": 0.528058247,
    "researchAndDevelopmentExpenses": 0,
    "generalAndAdministrativeExpenses": 0,
    "sellingAndMarketingExpenses": 0,
    "sellingGeneralAndAdministrativeExpenses": 1091382000,
    "otherExpenses": 0,
    "operatingExpenses": 1091382000,
    "costAndExpenses": 2695403000,
    "interestIncome": 0,
    "interestExpense": 45189000,
    "depreciationAndAmortization": 93932000,
    "ebitda": 799669000,
    "ebitdaratio": 0.2352819506,
    "operatingIncome": 703366000,
    "operatingIncomeRatio": 0.20694728,
    "totalOtherIncomeExpensesNet": -45788000,
    "incomeBeforeTax": 657578000,
    "incomeBeforeTaxRatio": 0.1934753436,
    "incomeTaxExpense": 230810000,
    "netIncome": 426768000,
    "netIncomeRatio": 0.1255654621,
    "eps": 14.58,
    "epsdiluted": 14.3,
    "weightedAverageShsOut": 29280000,
    "weightedAverageShsOutDil": 29847000,
    "link": "https://www.sec.gov/Archives/edgar/data/866787/000119312516745160/0001193125-16-745160-index.htm",
    "finalLink": "https://www.sec.gov/Archives/edgar/data/866787/000119312516745160/d253831d10k.htm"
  },
  {
    "date": "2016-05-07",
    "symbol": "AZO",
    "reportedCurrency": "USD",
    "cik": "0000866787",
    "fillingDate": "2016-06-15",
    "acceptedDate": "2016-06-15 16:26:58",
    "calendarYear": "2016",
    "period": "Q3",
    "revenue": 2593672000,
    "costOfRevenue": 1223214000,
    "grossProfit": 1370458000,
    "grossProfitRatio": 0.5283852392,
    "researchAndDevelopmentExpenses": 0,
    "generalAndAdministrativeExpenses": 0,
    "sellingAndMarketingExpenses": 0,
    "sellingGeneralAndAdministrativeExpenses": 834084000,
    "otherExpenses": 0,
    "operatingExpenses": 834084000,
    "costAndExpenses": 2057298000,
    "interestIncome": 0,
    "interestExpense": 34051000,
    "depreciationAndAmortization": 68529000,
    "ebitda": 604903000,
    "ebitdaratio": 0.233222628,
    "operatingIncome": 536374000,
    "operatingIncomeRatio": 0.2068010142,
    "totalOtherIncomeExpensesNet": -34051000,
    "incomeBeforeTax": 502323000,
    "incomeBeforeTaxRatio": 0.193672523,
    "incomeTaxExpense": 174808000,
    "netIncome": 327515000,
    "netIncomeRatio": 0.1262746407,
    "eps": 10.99,
    "epsdiluted": 10.77,
    "weightedAverageShsOut": 29809000,
    "weightedAverageShsOutDil": 30405000,
    "link": "https://www.sec.gov/Archives/edgar/data/866787/000119312516622495/0001193125-16-622495-index.htm",
    "finalLink": "https://www.sec.gov/Archives/edgar/data/866787/000119312516622495/d194643d10q.htm"
  },
  {
    "date": "2016-02-13",
    "symbol": "AZO",
    "reportedCurrency": "USD",
    "cik": "0000866787",
    "fillingDate": "2016-03-22",
    "acceptedDate": "2016-03-22 16:47:26",
    "calendarYear": "2016",
    "period": "Q2",
    "revenue": 2257192000,
    "costOfRevenue": 1066596000,
    "grossProfit": 1190596000,
    "grossProfitRatio": 0.5274677564,
    "researchAndDevelopmentExpenses": 0,
    "generalAndAdministrativeExpenses": 0,
    "sellingAndMarketingExpenses": 0,
    "sellingGeneralAndAdministrativeExpenses": 807936000,
    "otherExpenses": 0,
    "operatingExpenses": 807936000,
    "costAndExpenses": 1874532000,
    "interestIncome": 0,
    "interestExpense": 32832000,
    "depreciationAndAmortization": 68653000,
    "ebitda": 451313000,
    "ebitdaratio": 0.1999444442,
    "operatingIncome": 382660000,
    "operatingIncomeRatio": 0.1695292204,
    "totalOtherIncomeExpensesNet": -32832000,
    "incomeBeforeTax": 349828000,
    "incomeBeforeTaxRatio": 0.1549837143,
    "incomeTaxExpense": 121215000,
    "netIncome": 228613000,
    "netIncomeRatio": 0.1012820354,
    "eps": 7.58,
    "epsdiluted": 7.43,
    "weightedAverageShsOut": 30170000,
    "weightedAverageShsOutDil": 30778000,
    "link": "https://www.sec.gov/Archives/edgar/data/866787/000119312516513530/0001193125-16-513530-index.htm",
    "finalLink": "https://www.sec.gov/Archives/edgar/data/866787/000119312516513530/d106047d10q.htm"
  },
  {
    "date": "2015-11-21",
    "symbol": "AZO",
    "reportedCurrency": "USD",
    "cik": "0000866787",
    "fillingDate": "2015-12-16",
    "acceptedDate": "2015-12-16 16:35:30",
    "calendarYear": "2016",
    "period": "Q1",
    "revenue": 2386043000,
    "costOfRevenue": 1133109000,
    "grossProfit": 1252934000,
    "grossProfitRatio": 0.5251095642,
    "researchAndDevelopmentExpenses": 0,
    "generalAndAdministrativeExpenses": 0,
    "sellingAndMarketingExpenses": 0,
    "sellingGeneralAndAdministrativeExpenses": 814939000,
    "otherExpenses": 0,
    "operatingExpenses": 814939000,
    "costAndExpenses": 1948048000,
    "interestIncome": 0,
    "interestExpense": 35010000,
    "depreciationAndAmortization": 66283000,
    "ebitda": 504278000,
    "ebitdaratio": 0.2113448919,
    "operatingIncome": 437995000,
    "operatingIncomeRatio": 0.1835654261,
    "totalOtherIncomeExpensesNet": -35010000,
    "incomeBeforeTax": 402985000,
    "incomeBeforeTaxRatio": 0.1688925975,
    "incomeTaxExpense": 144873000,
    "netIncome": 258112000,
    "netIncomeRatio": 0.1081757537,
    "eps": 8.46,
    "epsdiluted": 8.29,
    "weightedAverageShsOut": 30498000,
    "weightedAverageShsOutDil": 31138000,
    "link": "https://www.sec.gov/Archives/edgar/data/866787/000119312515404907/0001193125-15-404907-index.htm",
    "finalLink": "https://www.sec.gov/Archives/edgar/data/866787/000119312515404907/d98798d10q.htm"
  },
  {
    "date": "2015-08-29",
    "symbol": "AZO",
    "reportedCurrency": "USD",
    "cik": "0000866787",
    "fillingDate": "2015-10-26",
    "acceptedDate": "2015-10-26 17:23:30",
    "calendarYear": "2015",
    "period": "Q4",
    "revenue": 3290404000,
    "costOfRevenue": 1562856000,
    "grossProfit": 1727548000,
    "grossProfitRatio": 0.5250261062,
    "researchAndDevelopmentExpenses": 0,
    "generalAndAdministrativeExpenses": 0,
    "sellingAndMarketingExpenses": 0,
    "sellingGeneralAndAdministrativeExpenses": 1058276000,
    "otherExpenses": 0,
    "operatingExpenses": 1058276000,
    "costAndExpenses": 2621132000,
    "interestIncome": 0,
    "interestExpense": 48670000,
    "depreciationAndAmortization": 86708000,
    "ebitda": 757585000,
    "ebitdaratio": 0.2302407242,
    "operatingIncome": 669272000,
    "operatingIncomeRatio": 0.2034011629,
    "totalOtherIncomeExpensesNet": -47065000,
    "incomeBeforeTax": 622207000,
    "incomeBeforeTaxRatio": 0.1890974482,
    "incomeTaxExpense": 221070000,
    "netIncome": 401137000,
    "netIncomeRatio": 0.1219111696,
    "eps": 13.02,
    "epsdiluted": 12.75,
    "weightedAverageShsOut": 30813000,
    "weightedAverageShsOutDil": 31469000,
    "link": "https://www.sec.gov/Archives/edgar/data/866787/000119312515353476/0001193125-15-353476-index.htm",
    "finalLink": "https://www.sec.gov/Archives/edgar/data/866787/000119312515353476/d73676d10k.htm"
  },
  {
    "date": "2015-05-09",
    "symbol": "AZO",
    "reportedCurrency": "USD",
    "cik": "0000866787",
    "fillingDate": "2015-06-17",
    "acceptedDate": "2015-06-17 16:39:54",
    "calendarYear": "2015",
    "period": "Q3",
    "revenue": 2493021000,
    "costOfRevenue": 1190232000,
    "grossProfit": 1302789000,
    "grossProfitRatio": 0.5225744187,
    "researchAndDevelopmentExpenses": 0,
    "generalAndAdministrativeExpenses": 0,
    "sellingAndMarketingExpenses": 0,
    "sellingGeneralAndAdministrativeExpenses": 788840000,
    "otherExpenses": 0,
    "operatingExpenses": 788840000,
    "costAndExpenses": 1979072000,
    "interestIncome": 0,
    "interestExpense": 31779000,
    "depreciationAndAmortization": 62299000,
    "ebitda": 576248000,
    "ebitdaratio": 0.2311444629,
    "operatingIncome": 513949000,
    "operatingIncomeRatio": 0.2061551026,
    "totalOtherIncomeExpensesNet": -31779000,
    "incomeBeforeTax": 482170000,
    "incomeBeforeTaxRatio": 0.1934079175,
    "incomeTaxExpense": 173099000,
    "netIncome": 309071000,
    "netIncomeRatio": 0.1239744872,
    "eps": 9.77,
    "epsdiluted": 9.57,
    "weightedAverageShsOut": 31643000,
    "weightedAverageShsOutDil": 32301000,
    "link": "https://www.sec.gov/Archives/edgar/data/866787/000119312515225958/0001193125-15-225958-index.htm",
    "finalLink": "https://www.sec.gov/Archives/edgar/data/866787/000119312515225958/d923933d10q.htm"
  },
  {
    "date": "2015-02-14",
    "symbol": "AZO",
    "reportedCurrency": "USD",
    "cik": "0000866787",
    "fillingDate": "2015-03-24",
    "acceptedDate": "2015-03-24 16:22:58",
    "calendarYear": "2015",
    "period": "Q2",
    "revenue": 2143651000,
    "costOfRevenue": 1023618000,
    "grossProfit": 1120033000,
    "grossProfitRatio": 0.5224885021,
    "researchAndDevelopmentExpenses": 0,
    "generalAndAdministrativeExpenses": 0,
    "sellingAndMarketingExpenses": 0,
    "sellingGeneralAndAdministrativeExpenses": 758764000,
    "otherExpenses": 0,
    "operatingExpenses": 758764000,
    "costAndExpenses": 1782382000,
    "interestIncome": 0,
    "interestExpense": 34536000,
    "depreciationAndAmortization": 59867000,
    "ebitda": 421136000,
    "ebitdaratio": 0.1964573524,
    "operatingIncome": 361269000,
    "operatingIncomeRatio": 0.1685297653,
    "totalOtherIncomeExpensesNet": -34536000,
    "incomeBeforeTax": 326733000,
    "incomeBeforeTaxRatio": 0.1524189339,
    "incomeTaxExpense": 115010000,
    "netIncome": 211723000,
    "netIncomeRatio": 0.0987674766,
    "eps": 6.64,
    "epsdiluted": 6.51,
    "weightedAverageShsOut": 31903000,
    "weightedAverageShsOutDil": 32540000,
    "link": "https://www.sec.gov/Archives/edgar/data/866787/000119312515103307/0001193125-15-103307-index.htm",
    "finalLink": "https://www.sec.gov/Archives/edgar/data/866787/000119312515103307/d875473d10q.htm"
  },
  {
    "date": "2014-11-22",
    "symbol": "AZO",
    "reportedCurrency": "USD",
    "cik": "0000866787",
    "fillingDate": "2014-12-18",
    "acceptedDate": "2014-12-18 17:14:56",
    "calendarYear": "2015",
    "period": "Q1",
    "revenue": 2260264000,
    "costOfRevenue": 1083603000,
    "grossProfit": 1176661000,
    "grossProfitRatio": 0.5205856484,
    "researchAndDevelopmentExpenses": 0,
    "generalAndAdministrativeExpenses": 0,
    "sellingAndMarketingExpenses": 0,
    "sellingGeneralAndAdministrativeExpenses": 768099000,
    "otherExpenses": 0,
    "operatingExpenses": 768099000,
    "costAndExpenses": 1851702000,
    "interestIncome": 0,
    "interestExpense": 37060000,
    "depreciationAndAmortization": 61045000,
    "ebitda": 469607000,
    "ebitdaratio": 0.2077664379,
    "operatingIncome": 408562000,
    "operatingIncomeRatio": 0.1807585309,
    "totalOtherIncomeExpensesNet": -37060000,
    "incomeBeforeTax": 371502000,
    "incomeBeforeTaxRatio": 0.1643622161,
    "incomeTaxExpense": 133192000,
    "netIncome": 238310000,
    "netIncomeRatio": 0.1054345864,
    "eps": 7.42,
    "epsdiluted": 7.27,
    "weightedAverageShsOut": 32132000,
    "weightedAverageShsOutDil": 32761000,
    "link": "https://www.sec.gov/Archives/edgar/data/866787/000119312514447095/0001193125-14-447095-index.htm",
    "finalLink": "https://www.sec.gov/Archives/edgar/data/866787/000119312514447095/d826246d10q.htm"
  },
  {
    "date": "2014-08-30",
    "symbol": "AZO",
    "reportedCurrency": "USD",
    "cik": "0000866787",
    "fillingDate": "2014-10-27",
    "acceptedDate": "2014-10-27 16:58:39",
    "calendarYear": "2014",
    "period": "Q4",
    "revenue": 3049696000,
    "costOfRevenue": 1454479000,
    "grossProfit": 1595217000,
    "grossProfitRatio": 0.5230741031,
    "researchAndDevelopmentExpenses": 0,
    "generalAndAdministrativeExpenses": 0,
    "sellingAndMarketingExpenses": 0,
    "sellingGeneralAndAdministrativeExpenses": 965016000,
    "otherExpenses": 0,
    "operatingExpenses": 965016000,
    "costAndExpenses": 2419495000,
    "interestIncome": 0,
    "interestExpense": 51276000,
    "depreciationAndAmortization": 78981000,
    "ebitda": 711032000,
    "ebitdaratio": 0.2331484843,
    "operatingIncome": 630201000,
    "operatingIncomeRatio": 0.2066438753,
    "totalOtherIncomeExpensesNet": -49426000,
    "incomeBeforeTax": 580775000,
    "incomeBeforeTaxRatio": 0.190437014,
    "incomeTaxExpense": 207105000,
    "netIncome": 373670000,
    "netIncomeRatio": 0.1225269666,
    "eps": 11.5,
    "epsdiluted": 11.28,
    "weightedAverageShsOut": 32495000,
    "weightedAverageShsOutDil": 33129000,
    "link": "https://www.sec.gov/Archives/edgar/data/866787/000119312514383401/0001193125-14-383401-index.htm",
    "finalLink": "https://www.sec.gov/Archives/edgar/data/866787/000119312514383401/d784885d10k.htm"
  },
  {
    "date": "2014-05-10",
    "symbol": "AZO",
    "reportedCurrency": "USD",
    "cik": "0000866787",
    "fillingDate": "2014-06-18",
    "acceptedDate": "2014-06-18 16:45:28",
    "calendarYear": "2014",
    "period": "Q3",
    "revenue": 2341545000,
    "costOfRevenue": 1124587000,
    "grossProfit": 1216958000,
    "grossProfitRatio": 0.51972437,
    "researchAndDevelopmentExpenses": 0,
    "generalAndAdministrativeExpenses": 0,
    "sellingAndMarketingExpenses": 0,
    "sellingGeneralAndAdministrativeExpenses": 738006000,
    "otherExpenses": 0,
    "operatingExpenses": 738006000,
    "costAndExpenses": 1862593000,
    "interestIncome": 0,
    "interestExpense": 36162000,
    "depreciationAndAmortization": 58132000,
    "ebitda": 537084000,
    "ebitdaratio": 0.2293716328,
    "operatingIncome": 478952000,
    "operatingIncomeRatio": 0.2045452895,
    "totalOtherIncomeExpensesNet": -36162000,
    "incomeBeforeTax": 442790000,
    "incomeBeforeTaxRatio": 0.1891016402,
    "incomeTaxExpense": 157633000,
    "netIncome": 285157000,
    "netIncomeRatio": 0.1217815588,
    "eps": 8.62,
    "epsdiluted": 8.46,
    "weightedAverageShsOut": 33073000,
    "weightedAverageShsOutDil": 33716000,
    "link": "https://www.sec.gov/Archives/edgar/data/866787/000119312514241052/0001193125-14-241052-index.htm",
    "finalLink": "https://www.sec.gov/Archives/edgar/data/866787/000119312514241052/d728726d10q.htm"
  },
  {
    "date": "2014-02-15",
    "symbol": "AZO",
    "reportedCurrency": "USD",
    "cik": "0000866787",
    "fillingDate": "2014-03-25",
    "acceptedDate": "2014-03-25 16:39:57",
    "calendarYear": "2014",
    "period": "Q2",
    "revenue": 1990494000,
    "costOfRevenue": 953459000,
    "grossProfit": 1037035000,
    "grossProfitRatio": 0.5209937835,
    "researchAndDevelopmentExpenses": 0,
    "generalAndAdministrativeExpenses": 0,
    "sellingAndMarketingExpenses": 0,
    "sellingGeneralAndAdministrativeExpenses": 699691000,
    "otherExpenses": 0,
    "operatingExpenses": 699691000,
    "costAndExpenses": 1653150000,
    "interestIncome": 0,
    "interestExpense": 39490000,
    "depreciationAndAmortization": 58382000,
    "ebitda": 395726000,
    "ebitdaratio": 0.1988079341,
    "operatingIncome": 337344000,
    "operatingIncomeRatio": 0.1694775267,
    "totalOtherIncomeExpensesNet": -39490000,
    "incomeBeforeTax": 297854000,
    "incomeBeforeTaxRatio": 0.1496382305,
    "incomeTaxExpense": 105024000,
    "netIncome": 192830000,
    "netIncomeRatio": 0.096875449,
    "eps": 5.73,
    "epsdiluted": 5.63,
    "weightedAverageShsOut": 33647000,
    "weightedAverageShsOutDil": 34261000,
    "link": "https://www.sec.gov/Archives/edgar/data/866787/000119312514114510/0001193125-14-114510-index.htm",
    "finalLink": "https://www.sec.gov/Archives/edgar/data/866787/000119312514114510/d684964d10q.htm"
  },
  {
    "date": "2013-11-23",
    "symbol": "AZO",
    "reportedCurrency": "USD",
    "cik": "0000866787",
    "fillingDate": "2013-12-18",
    "acceptedDate": "2013-12-18 17:21:51",
    "calendarYear": "2014",
    "period": "Q1",
    "revenue": 2093578000,
    "costOfRevenue": 1007881000,
    "grossProfit": 1085697000,
    "grossProfitRatio": 0.5185844521,
    "researchAndDevelopmentExpenses": 0,
    "generalAndAdministrativeExpenses": 0,
    "sellingAndMarketingExpenses": 0,
    "sellingGeneralAndAdministrativeExpenses": 701971000,
    "otherExpenses": 0,
    "operatingExpenses": 701971000,
    "costAndExpenses": 1709852000,
    "interestIncome": 0,
    "interestExpense": 42431000,
    "depreciationAndAmortization": 55772000,
    "ebitda": 439498000,
    "ebitdaratio": 0.2099267379,
    "operatingIncome": 383726000,
    "operatingIncomeRatio": 0.1832871763,
    "totalOtherIncomeExpensesNet": -42431000,
    "incomeBeforeTax": 341295000,
    "incomeBeforeTaxRatio": 0.1630199591,
    "incomeTaxExpense": 123208000,
    "netIncome": 218087000,
    "netIncomeRatio": 0.1041695127,
    "eps": 6.39,
    "epsdiluted": 6.29,
    "weightedAverageShsOut": 34111000,
    "weightedAverageShsOutDil": 34676000,
    "link": "https://www.sec.gov/Archives/edgar/data/866787/000119312513477873/0001193125-13-477873-index.htm",
    "finalLink": "https://www.sec.gov/Archives/edgar/data/866787/000119312513477873/d641274d10q.htm"
  },
  {
    "date": "2013-08-31",
    "symbol": "AZO",
    "reportedCurrency": "USD",
    "cik": "0000866787",
    "fillingDate": "2013-10-28",
    "acceptedDate": "2013-10-28 16:06:07",
    "calendarYear": "2013",
    "period": "Q4",
    "revenue": 3095414000,
    "costOfRevenue": 1491039000,
    "grossProfit": 1604375000,
    "grossProfitRatio": 0.5183070827,
    "researchAndDevelopmentExpenses": 0,
    "generalAndAdministrativeExpenses": 0,
    "sellingAndMarketingExpenses": 0,
    "sellingGeneralAndAdministrativeExpenses": 968155000,
    "otherExpenses": 0,
    "operatingExpenses": 968155000,
    "costAndExpenses": 2459194000,
    "interestIncome": 0,
    "interestExpense": 62502000,
    "depreciationAndAmortization": 71319000,
    "ebitda": 709145000,
    "ebitdaratio": 0.2290953649,
    "operatingIncome": 636220000,
    "operatingIncomeRatio": 0.2055363192,
    "totalOtherIncomeExpensesNet": -60896000,
    "incomeBeforeTax": 575324000,
    "incomeBeforeTaxRatio": 0.1858633449,
    "incomeTaxExpense": 204125000,
    "netIncome": 371199000,
    "netIncomeRatio": 0.1199190157,
    "eps": 10.59,
    "epsdiluted": 10.42,
    "weightedAverageShsOut": 35047000,
    "weightedAverageShsOutDil": 35625000,
    "link": "https://www.sec.gov/Archives/edgar/data/866787/000119312513413428/0001193125-13-413428-index.htm",
    "finalLink": "https://www.sec.gov/Archives/edgar/data/866787/000119312513413428/d599942d10k.htm"
  },
  {
    "date": "2013-05-04",
    "symbol": "AZO",
    "reportedCurrency": "USD",
    "cik": "0000866787",
    "fillingDate": "2013-06-12",
    "acceptedDate": "2013-06-12 17:17:04",
    "calendarYear": "2013",
    "period": "Q3",
    "revenue": 2205878000,
    "costOfRevenue": 1063165000,
    "grossProfit": 1142713000,
    "grossProfitRatio": 0.5180309156,
    "researchAndDevelopmentExpenses": 0,
    "generalAndAdministrativeExpenses": 0,
    "sellingAndMarketingExpenses": 0,
    "sellingGeneralAndAdministrativeExpenses": 686683000,
    "otherExpenses": 0,
    "operatingExpenses": 686683000,
    "costAndExpenses": 1749848000,
    "interestIncome": 0,
    "interestExpense": 42091000,
    "depreciationAndAmortization": 52888000,
    "ebitda": 508918000,
    "ebitdaratio": 0.2307099486,
    "operatingIncome": 456030000,
    "operatingIncomeRatio": 0.206734008,
    "totalOtherIncomeExpensesNet": -42091000,
    "incomeBeforeTax": 413939000,
    "incomeBeforeTaxRatio": 0.187652717,
    "incomeTaxExpense": 148356000,
    "netIncome": 265583000,
    "netIncomeRatio": 0.1203978643,
    "eps": 7.39,
    "epsdiluted": 7.27,
    "weightedAverageShsOut": 35922000,
    "weightedAverageShsOutDil": 36529000,
    "link": "https://www.sec.gov/Archives/edgar/data/866787/000119312513256270/0001193125-13-256270-index.htm",
    "finalLink": "https://www.sec.gov/Archives/edgar/data/866787/000119312513256270/d539044d10q.htm"
  },
  {
    "date": "2013-02-09",
    "symbol": "AZO",
    "reportedCurrency": "USD",
    "cik": "0000866787",
    "fillingDate": "2013-03-07",
    "acceptedDate": "2013-03-07 16:34:17",
    "calendarYear": "2013",
    "period": "Q2",
    "revenue": 1855198000,
    "costOfRevenue": 893217000,
    "grossProfit": 961981000,
    "grossProfitRatio": 0.5185327927,
    "researchAndDevelopmentExpenses": 0,
    "generalAndAdministrativeExpenses": 0,
    "sellingAndMarketingExpenses": 0,
    "sellingGeneralAndAdministrativeExpenses": 644410000,
    "otherExpenses": 0,
    "operatingExpenses": 644410000,
    "costAndExpenses": 1537627000,
    "interestIncome": 0,
    "interestExpense": 41323000,
    "depreciationAndAmortization": 103044000,
    "ebitda": 420615000,
    "ebitdaratio": 0.2267224307,
    "operatingIncome": 317571000,
    "operatingIncomeRatio": 0.1711790332,
    "totalOtherIncomeExpensesNet": -41323000,
    "incomeBeforeTax": 276248000,
    "incomeBeforeTaxRatio": 0.1489048608,
    "incomeTaxExpense": 100001000,
    "netIncome": 176247000,
    "netIncomeRatio": 0.0950017195,
    "eps": 4.86,
    "epsdiluted": 4.78,
    "weightedAverageShsOut": 36258000,
    "weightedAverageShsOutDil": 36904000,
    "link": "https://www.sec.gov/Archives/edgar/data/866787/000119312513096099/0001193125-13-096099-index.htm",
    "finalLink": "https://www.sec.gov/Archives/edgar/data/866787/000119312513096099/d468119d10q.htm"
  },
  {
    "date": "2012-11-17",
    "symbol": "AZO",
    "reportedCurrency": "USD",
    "cik": "0000866787",
    "fillingDate": "2012-12-13",
    "acceptedDate": "2012-12-13 16:32:14",
    "calendarYear": "2013",
    "period": "Q1",
    "revenue": 1991040000,
    "costOfRevenue": 959174000,
    "grossProfit": 1031866000,
    "grossProfitRatio": 0.5182547814,
    "researchAndDevelopmentExpenses": 0,
    "generalAndAdministrativeExpenses": 0,
    "sellingAndMarketingExpenses": 0,
    "sellingGeneralAndAdministrativeExpenses": 668590000,
    "otherExpenses": 0,
    "operatingExpenses": 668590000,
    "costAndExpenses": 1627764000,
    "interestIncome": 0,
    "interestExpense": 41104000,
    "depreciationAndAmortization": 50700000,
    "ebitda": 413976000,
    "ebitdaratio": 0.2079194793,
    "operatingIncome": 363276000,
    "operatingIncomeRatio": 0.1824554002,
    "totalOtherIncomeExpensesNet": -41104000,
    "incomeBeforeTax": 322172000,
    "incomeBeforeTaxRatio": 0.1618109129,
    "incomeTaxExpense": 118720000,
    "netIncome": 203452000,
    "netIncomeRatio": 0.1021837833,
    "eps": 5.52,
    "epsdiluted": 5.41,
    "weightedAverageShsOut": 36845000,
    "weightedAverageShsOutDil": 37586000,
    "link": "https://www.sec.gov/Archives/edgar/data/866787/000119312512501787/0001193125-12-501787-index.htm",
    "finalLink": "https://www.sec.gov/Archives/edgar/data/866787/000119312512501787/d438632d10q.htm"
  },
  {
    "date": "2012-08-25",
    "symbol": "AZO",
    "reportedCurrency": "USD",
    "cik": "0000866787",
    "fillingDate": "2012-10-22",
    "acceptedDate": "2012-10-22 17:06:09",
    "calendarYear": "2012",
    "period": "Q4",
    "revenue": 2763586000,
    "costOfRevenue": 1331191000,
    "grossProfit": 1432395000,
    "grossProfitRatio": 0.5183102679,
    "researchAndDevelopmentExpenses": 0,
    "generalAndAdministrativeExpenses": 0,
    "sellingAndMarketingExpenses": 0,
    "sellingGeneralAndAdministrativeExpenses": 872339000,
    "otherExpenses": 0,
    "operatingExpenses": 872339000,
    "costAndExpenses": 2203530000,
    "interestIncome": 0,
    "interestExpense": 59542000,
    "depreciationAndAmortization": 66654000,
    "ebitda": 628107000,
    "ebitdaratio": 0.2272797011,
    "operatingIncome": 560056000,
    "operatingIncomeRatio": 0.2026555352,
    "totalOtherIncomeExpensesNet": -58145000,
    "incomeBeforeTax": 501911000,
    "incomeBeforeTaxRatio": 0.1816158426,
    "incomeTaxExpense": 178179000,
    "netIncome": 323732000,
    "netIncomeRatio": 0.1171420032,
    "eps": 8.65,
    "epsdiluted": 8.46,
    "weightedAverageShsOut": 37421000,
    "weightedAverageShsOutDil": 38262000,
    "link": "https://www.sec.gov/Archives/edgar/data/866787/000119312512430271/0001193125-12-430271-index.htm",
    "finalLink": "https://www.sec.gov/Archives/edgar/data/866787/000119312512430271/d404388d10k.htm"
  },
  {
    "date": "2012-05-05",
    "symbol": "AZO",
    "reportedCurrency": "USD",
    "cik": "0000866787",
    "fillingDate": "2012-06-13",
    "acceptedDate": "2012-06-13 16:42:33",
    "calendarYear": "2012",
    "period": "Q3",
    "revenue": 2111866000,
    "costOfRevenue": 1022067000,
    "grossProfit": 1089799000,
    "grossProfitRatio": 0.5160360553,
    "researchAndDevelopmentExpenses": 0,
    "generalAndAdministrativeExpenses": 0,
    "sellingAndMarketingExpenses": 0,
    "sellingGeneralAndAdministrativeExpenses": 662549000,
    "otherExpenses": 0,
    "operatingExpenses": 662549000,
    "costAndExpenses": 1684616000,
    "interestIncome": 0,
    "interestExpense": 39743000,
    "depreciationAndAmortization": 45434000,
    "ebitda": 472684000,
    "ebitdaratio": 0.223822913,
    "operatingIncome": 427250000,
    "operatingIncomeRatio": 0.2023092374,
    "totalOtherIncomeExpensesNet": -39743000,
    "incomeBeforeTax": 387507000,
    "incomeBeforeTaxRatio": 0.1834903351,
    "incomeTaxExpense": 138921000,
    "netIncome": 248586000,
    "netIncomeRatio": 0.1177091728,
    "eps": 6.43,
    "epsdiluted": 6.28,
    "weightedAverageShsOut": 38644000,
    "weightedAverageShsOutDil": 39590000,
    "link": "https://www.sec.gov/Archives/edgar/data/866787/000119312512269658/0001193125-12-269658-index.htm",
    "finalLink": "https://www.sec.gov/Archives/edgar/data/866787/000119312512269658/d353463d10q.htm"
  },
  {
    "date": "2012-02-11",
    "symbol": "AZO",
    "reportedCurrency": "USD",
    "cik": "0000866787",
    "fillingDate": "2012-03-08",
    "acceptedDate": "2012-03-08 17:25:34",
    "calendarYear": "2012",
    "period": "Q2",
    "revenue": 1804069000,
    "costOfRevenue": 877854000,
    "grossProfit": 926215000,
    "grossProfitRatio": 0.5134033122,
    "researchAndDevelopmentExpenses": 0,
    "generalAndAdministrativeExpenses": 0,
    "sellingAndMarketingExpenses": 0,
    "sellingGeneralAndAdministrativeExpenses": 625564000,
    "otherExpenses": 0,
    "operatingExpenses": 625564000,
    "costAndExpenses": 1503418000,
    "interestIncome": 0,
    "interestExpense": 38923000,
    "depreciationAndAmortization": 96170000,
    "ebitda": 396821000,
    "ebitdaratio": 0.2199588818,
    "operatingIncome": 300651000,
    "operatingIncomeRatio": 0.1666516081,
    "totalOtherIncomeExpensesNet": -38923000,
    "incomeBeforeTax": 261728000,
    "incomeBeforeTaxRatio": 0.145076491,
    "incomeTaxExpense": 94798000,
    "netIncome": 166930000,
    "netIncomeRatio": 0.0925297203,
    "eps": 4.25,
    "epsdiluted": 4.15,
    "weightedAverageShsOut": 39281000,
    "weightedAverageShsOutDil": 40237000,
    "link": "https://www.sec.gov/Archives/edgar/data/866787/000119312512104181/0001193125-12-104181-index.htm",
    "finalLink": "https://www.sec.gov/Archives/edgar/data/866787/000119312512104181/d303963d10q.htm"
  },
  {
    "date": "2011-11-19",
    "symbol": "AZO",
    "reportedCurrency": "USD",
    "cik": "0000866787",
    "fillingDate": "2011-12-15",
    "acceptedDate": "2011-12-15 16:56:42",
    "calendarYear": "2012",
    "period": "Q1",
    "revenue": 1924341000,
    "costOfRevenue": 940714000,
    "grossProfit": 983627000,
    "grossProfitRatio": 0.5111500508,
    "researchAndDevelopmentExpenses": 0,
    "generalAndAdministrativeExpenses": 0,
    "sellingAndMarketingExpenses": 0,
    "sellingGeneralAndAdministrativeExpenses": 642693000,
    "otherExpenses": 0,
    "operatingExpenses": 642693000,
    "costAndExpenses": 1583407000,
    "interestIncome": 0,
    "interestExpense": 39094000,
    "depreciationAndAmortization": 48647000,
    "ebitda": 389581000,
    "ebitdaratio": 0.2024490462,
    "operatingIncome": 340934000,
    "operatingIncomeRatio": 0.1771692231,
    "totalOtherIncomeExpensesNet": -39094000,
    "incomeBeforeTax": 301840000,
    "incomeBeforeTaxRatio": 0.1568536969,
    "incomeTaxExpense": 110715000,
    "netIncome": 191125000,
    "netIncomeRatio": 0.0993197152,
    "eps": 4.79,
    "epsdiluted": 4.68,
    "weightedAverageShsOut": 39865000,
    "weightedAverageShsOutDil": 40864000,
    "link": "https://www.sec.gov/Archives/edgar/data/866787/000095012311103151/0000950123-11-103151-index.htm",
    "finalLink": "https://www.sec.gov/Archives/edgar/data/866787/000095012311103151/c25084e10vq.htm"
  },
  {
    "date": "2011-08-27",
    "symbol": "AZO",
    "reportedCurrency": "USD",
    "cik": "0000866787",
    "fillingDate": "2011-10-24",
    "acceptedDate": "2011-10-24 17:27:49",
    "calendarYear": "2011",
    "period": "Q4",
    "revenue": 2641996000,
    "costOfRevenue": 1289422000,
    "grossProfit": 1352574000,
    "grossProfitRatio": 0.5119515699,
    "researchAndDevelopmentExpenses": 0,
    "generalAndAdministrativeExpenses": 0,
    "sellingAndMarketingExpenses": 0,
    "sellingGeneralAndAdministrativeExpenses": 828565000,
    "otherExpenses": 0,
    "operatingExpenses": 828565000,
    "costAndExpenses": 2117987000,
    "interestIncome": 0,
    "interestExpense": 55870000,
    "depreciationAndAmortization": 62862000,
    "ebitda": 588929000,
    "ebitdaratio": 0.2229106327,
    "operatingIncome": 524009000,
    "operatingIncomeRatio": 0.1983383018,
    "totalOtherIncomeExpensesNet": -53812000,
    "incomeBeforeTax": 470197000,
    "incomeBeforeTaxRatio": 0.1779703679,
    "incomeTaxExpense": 168728000,
    "netIncome": 301469000,
    "netIncomeRatio": 0.1141065316,
    "eps": 7.35,
    "epsdiluted": 7.18,
    "weightedAverageShsOut": 41019000,
    "weightedAverageShsOutDil": 41984000,
    "link": "https://www.sec.gov/Archives/edgar/data/866787/000095012311091540/0000950123-11-091540-index.htm",
    "finalLink": "https://www.sec.gov/Archives/edgar/data/866787/000095012311091540/c22621e10vk.htm"
  },
  {
    "date": "2011-05-07",
    "symbol": "AZO",
    "reportedCurrency": "USD",
    "cik": "0000866787",
    "fillingDate": "2011-06-15",
    "acceptedDate": "2011-06-15 16:48:57",
    "calendarYear": "2011",
    "period": "Q3",
    "revenue": 1978369000,
    "costOfRevenue": 964839000,
    "grossProfit": 1013530000,
    "grossProfitRatio": 0.5123058439,
    "researchAndDevelopmentExpenses": 0,
    "generalAndAdministrativeExpenses": 0,
    "sellingAndMarketingExpenses": 0,
    "sellingGeneralAndAdministrativeExpenses": 620605000,
    "otherExpenses": 0,
    "operatingExpenses": 620605000,
    "costAndExpenses": 1585444000,
    "interestIncome": 0,
    "interestExpense": 39916000,
    "depreciationAndAmortization": 41032000,
    "ebitda": 433957000,
    "ebitdaratio": 0.2193508895,
    "operatingIncome": 392925000,
    "operatingIncomeRatio": 0.1986105726,
    "totalOtherIncomeExpensesNet": -39916000,
    "incomeBeforeTax": 353009000,
    "incomeBeforeTaxRatio": 0.1784343568,
    "incomeTaxExpense": 125636000,
    "netIncome": 227373000,
    "netIncomeRatio": 0.1149295202,
    "eps": 5.42,
    "epsdiluted": 5.29,
    "weightedAverageShsOut": 41978000,
    "weightedAverageShsOutDil": 42955000,
    "link": "https://www.sec.gov/Archives/edgar/data/866787/000095012311059230/0000950123-11-059230-index.htm",
    "finalLink": "https://www.sec.gov/Archives/edgar/data/866787/000095012311059230/c17767e10vq.htm"
  },
  {
    "date": "2011-02-12",
    "symbol": "AZO",
    "reportedCurrency": "USD",
    "cik": "0000866787",
    "fillingDate": "2011-03-17",
    "acceptedDate": "2011-03-17 16:17:29",
    "calendarYear": "2011",
    "period": "Q2",
    "revenue": 1660946000,
    "costOfRevenue": 815335000,
    "grossProfit": 845611000,
    "grossProfitRatio": 0.5091140832,
    "researchAndDevelopmentExpenses": 0,
    "generalAndAdministrativeExpenses": 0,
    "sellingAndMarketingExpenses": 0,
    "sellingGeneralAndAdministrativeExpenses": 573863000,
    "otherExpenses": 0,
    "operatingExpenses": 573863000,
    "costAndExpenses": 1389198000,
    "interestIncome": 0,
    "interestExpense": 39576000,
    "depreciationAndAmortization": 48024000,
    "ebitda": 319772000,
    "ebitdaratio": 0.1925240194,
    "operatingIncome": 271748000,
    "operatingIncomeRatio": 0.1636103763,
    "totalOtherIncomeExpensesNet": -39576000,
    "incomeBeforeTax": 232172000,
    "incomeBeforeTaxRatio": 0.1397829911,
    "incomeTaxExpense": 84116000,
    "netIncome": 148056000,
    "netIncomeRatio": 0.0891395626,
    "eps": 3.41,
    "epsdiluted": 3.34,
    "weightedAverageShsOut": 43399000,
    "weightedAverageShsOutDil": 44378000,
    "link": "https://www.sec.gov/Archives/edgar/data/866787/000095012311026402/0000950123-11-026402-index.htm",
    "finalLink": "https://www.sec.gov/Archives/edgar/data/866787/000095012311026402/c12604e10vq.htm"
  },
  {
    "date": "2010-11-20",
    "symbol": "AZO",
    "reportedCurrency": "USD",
    "cik": "0000866787",
    "fillingDate": "2010-12-16",
    "acceptedDate": "2010-12-16 17:16:30",
    "calendarYear": "2011",
    "period": "Q1",
    "revenue": 1791662000,
    "costOfRevenue": 883914000,
    "grossProfit": 907748000,
    "grossProfitRatio": 0.5066513662,
    "researchAndDevelopmentExpenses": 0,
    "generalAndAdministrativeExpenses": 0,
    "sellingAndMarketingExpenses": 0,
    "sellingGeneralAndAdministrativeExpenses": 601627000,
    "otherExpenses": 0,
    "operatingExpenses": 601627000,
    "costAndExpenses": 1485541000,
    "interestIncome": 0,
    "interestExpense": 37253000,
    "depreciationAndAmortization": 44291000,
    "ebitda": 350412000,
    "ebitdaratio": 0.1955793001,
    "operatingIncome": 306121000,
    "operatingIncomeRatio": 0.1708586776,
    "totalOtherIncomeExpensesNet": -37253000,
    "incomeBeforeTax": 268868000,
    "incomeBeforeTaxRatio": 0.1500662513,
    "incomeTaxExpense": 96792000,
    "netIncome": 172076000,
    "netIncomeRatio": 0.0960426688,
    "eps": 3.85,
    "epsdiluted": 3.77,
    "weightedAverageShsOut": 44669000,
    "weightedAverageShsOutDil": 45634000,
    "link": "https://www.sec.gov/Archives/edgar/data/866787/000095012310114309/0000950123-10-114309-index.htm",
    "finalLink": "https://www.sec.gov/Archives/edgar/data/866787/000095012310114309/c09345e10vq.htm"
  },
  {
    "date": "2010-08-28",
    "symbol": "AZO",
    "reportedCurrency": "USD",
    "cik": "0000866787",
    "fillingDate": "2010-10-25",
    "acceptedDate": "2010-10-25 16:48:43",
    "calendarYear": "2010",
    "period": "Q4",
    "revenue": 2445159000,
    "costOfRevenue": 1210196000,
    "grossProfit": 1234963000,
    "grossProfitRatio": 0.5050644968,
    "researchAndDevelopmentExpenses": 0,
    "generalAndAdministrativeExpenses": 0,
    "sellingAndMarketingExpenses": 0,
    "sellingGeneralAndAdministrativeExpenses": 762224000,
    "otherExpenses": 0,
    "operatingExpenses": 762224000,
    "costAndExpenses": 1972420000,
    "interestIncome": 0,
    "interestExpense": 52052000,
    "depreciationAndAmortization": 62166000,
    "ebitda": 537531000,
    "ebitdaratio": 0.2198347838,
    "operatingIncome": 472739000,
    "operatingIncomeRatio": 0.1933367114,
    "totalOtherIncomeExpensesNet": -49426000,
    "incomeBeforeTax": 423313000,
    "incomeBeforeTaxRatio": 0.173122893,
    "incomeTaxExpense": 154380000,
    "netIncome": 268933000,
    "netIncomeRatio": 0.1099858946,
    "eps": 5.77,
    "epsdiluted": 5.66,
    "weightedAverageShsOut": 46640000,
    "weightedAverageShsOutDil": 47543000,
    "link": "https://www.sec.gov/Archives/edgar/data/866787/000095012310095687/0000950123-10-095687-index.htm",
    "finalLink": "https://www.sec.gov/Archives/edgar/data/866787/000095012310095687/c06255e10vk.htm"
  },
  {
    "date": "2010-05-08",
    "symbol": "AZO",
    "reportedCurrency": "USD",
    "cik": "0000866787",
    "fillingDate": "2010-06-16",
    "acceptedDate": "2010-06-16 16:55:05",
    "calendarYear": "2010",
    "period": "Q3",
    "revenue": 1821990000,
    "costOfRevenue": 898869000,
    "grossProfit": 923121000,
    "grossProfitRatio": 0.5066553603,
    "researchAndDevelopmentExpenses": 0,
    "generalAndAdministrativeExpenses": 0,
    "sellingAndMarketingExpenses": 0,
    "sellingGeneralAndAdministrativeExpenses": 567256000,
    "otherExpenses": 0,
    "operatingExpenses": 567256000,
    "costAndExpenses": 1466125000,
    "interestIncome": 0,
    "interestExpense": 36833000,
    "depreciationAndAmortization": 42819000,
    "ebitda": 398684000,
    "ebitdaratio": 0.2188178859,
    "operatingIncome": 355865000,
    "operatingIncomeRatio": 0.1953166593,
    "totalOtherIncomeExpensesNet": -36833000,
    "incomeBeforeTax": 319032000,
    "incomeBeforeTaxRatio": 0.1751008513,
    "incomeTaxExpense": 116287000,
    "netIncome": 202745000,
    "netIncomeRatio": 0.111276681,
    "eps": 4.19,
    "epsdiluted": 4.12,
    "weightedAverageShsOut": 48377000,
    "weightedAverageShsOutDil": 49212000,
    "link": "https://www.sec.gov/Archives/edgar/data/866787/000095012310058650/0000950123-10-058650-index.htm",
    "finalLink": "https://www.sec.gov/Archives/edgar/data/866787/000095012310058650/c02360e10vq.htm"
  },
  {
    "date": "2010-02-13",
    "symbol": "AZO",
    "reportedCurrency": "USD",
    "cik": "0000866787",
    "fillingDate": "2010-03-18",
    "acceptedDate": "2010-03-18 14:18:48",
    "calendarYear": "2010",
    "period": "Q2",
    "revenue": 1506225000,
    "costOfRevenue": 752489000,
    "grossProfit": 753736000,
    "grossProfitRatio": 0.5004139488,
    "researchAndDevelopmentExpenses": 0,
    "generalAndAdministrativeExpenses": 0,
    "sellingAndMarketingExpenses": 0,
    "sellingGeneralAndAdministrativeExpenses": 523355000,
    "otherExpenses": 0,
    "operatingExpenses": 523355000,
    "costAndExpenses": 1275844000,
    "interestIncome": 0,
    "interestExpense": 36309000,
    "depreciationAndAmortization": 44533000,
    "ebitda": 274914000,
    "ebitdaratio": 0.182518548,
    "operatingIncome": 230381000,
    "operatingIncomeRatio": 0.1529525801,
    "totalOtherIncomeExpensesNet": -36309000,
    "incomeBeforeTax": 194072000,
    "incomeBeforeTaxRatio": 0.1288466199,
    "incomeTaxExpense": 70739000,
    "netIncome": 123333000,
    "netIncomeRatio": 0.0818821889,
    "eps": 2.49,
    "epsdiluted": 2.46,
    "weightedAverageShsOut": 49436000,
    "weightedAverageShsOutDil": 50186000,
    "link": "https://www.sec.gov/Archives/edgar/data/866787/000095012310025907/0000950123-10-025907-index.htm",
    "finalLink": "https://www.sec.gov/Archives/edgar/data/866787/000095012310025907/c97836e10vq.htm"
  },
  {
    "date": "2009-11-21",
    "symbol": "AZO",
    "reportedCurrency": "USD",
    "cik": "0000866787",
    "fillingDate": "2009-12-17",
    "acceptedDate": "2009-12-17 16:52:15",
    "calendarYear": "2010",
    "period": "Q1",
    "revenue": 1589244000,
    "costOfRevenue": 789320000,
    "grossProfit": 799924000,
    "grossProfitRatio": 0.5033361775,
    "researchAndDevelopmentExpenses": 0,
    "generalAndAdministrativeExpenses": 0,
    "sellingAndMarketingExpenses": 0,
    "sellingGeneralAndAdministrativeExpenses": 539496000,
    "otherExpenses": 0,
    "operatingExpenses": 539496000,
    "costAndExpenses": 1328816000,
    "interestIncome": 0,
    "interestExpense": 36340000,
    "depreciationAndAmortization": 42566000,
    "ebitda": 302994000,
    "ebitdaratio": 0.1906529142,
    "operatingIncome": 260428000,
    "operatingIncomeRatio": 0.1638691101,
    "totalOtherIncomeExpensesNet": -36340000,
    "incomeBeforeTax": 224088000,
    "incomeBeforeTaxRatio": 0.1410028919,
    "incomeTaxExpense": 80788000,
    "netIncome": 143300000,
    "netIncomeRatio": 0.0901686588,
    "eps": 2.86,
    "epsdiluted": 2.82,
    "weightedAverageShsOut": 50114000,
    "weightedAverageShsOutDil": 50824000,
    "link": "https://www.sec.gov/Archives/edgar/data/866787/000095012309071593/0000950123-09-071593-index.htm",
    "finalLink": "https://www.sec.gov/Archives/edgar/data/866787/000095012309071593/c93404e10vq.htm"
  },
  {
    "date": "2009-08-29",
    "symbol": "AZO",
    "reportedCurrency": "USD",
    "cik": "0000866787",
    "fillingDate": "2009-10-26",
    "acceptedDate": "2009-10-26 17:27:35",
    "calendarYear": "2009",
    "period": "Q4",
    "revenue": 2232494000,
    "costOfRevenue": 1109441000,
    "grossProfit": 1123053000,
    "grossProfitRatio": 0.5030486084,
    "researchAndDevelopmentExpenses": 0,
    "generalAndAdministrativeExpenses": 0,
    "sellingAndMarketingExpenses": 0,
    "sellingGeneralAndAdministrativeExpenses": 705457000,
    "otherExpenses": 0,
    "operatingExpenses": 705457000,
    "costAndExpenses": 1814898000,
    "interestIncome": 0,
    "interestExpense": 0,
    "depreciationAndAmortization": 57160000,
    "ebitda": 478643000,
    "ebitdaratio": 0.2143983366,
    "operatingIncome": 417596000,
    "operatingIncomeRatio": 0.1870535822,
    "totalOtherIncomeExpensesNet": -47762000,
    "incomeBeforeTax": 369834000,
    "incomeBeforeTaxRatio": 0.1656595718,
    "incomeTaxExpense": 133708000,
    "netIncome": 236126000,
    "netIncomeRatio": 0.1057678095,
    "eps": 4.71,
    "epsdiluted": 4.65,
    "weightedAverageShsOut": 50114000,
    "weightedAverageShsOutDil": 50824000,
    "link": "https://www.sec.gov/Archives/edgar/data/866787/000095012309053232/0000950123-09-053232-index.htm",
    "finalLink": "https://www.sec.gov/Archives/edgar/data/866787/000095012309053232/c91285e10vk.htm"
  },
  {
    "date": "2009-05-09",
    "symbol": "AZO",
    "reportedCurrency": "USD",
    "cik": "0000866787",
    "fillingDate": "2009-06-18",
    "acceptedDate": "2009-06-18 16:25:26",
    "calendarYear": "2009",
    "period": "Q3",
    "revenue": 1658160000,
    "costOfRevenue": 825253000,
    "grossProfit": 832907000,
    "grossProfitRatio": 0.5023079799,
    "researchAndDevelopmentExpenses": 0,
    "generalAndAdministrativeExpenses": 0,
    "sellingAndMarketingExpenses": 0,
    "sellingGeneralAndAdministrativeExpenses": 527675000,
    "otherExpenses": 0,
    "operatingExpenses": 527675000,
    "costAndExpenses": 1352928000,
    "interestIncome": 0,
    "interestExpense": 31482000,
    "depreciationAndAmortization": 41309000,
    "ebitda": 346541000,
    "ebitdaratio": 0.2089912916,
    "operatingIncome": 305232000,
    "operatingIncomeRatio": 0.1840787379,
    "totalOtherIncomeExpensesNet": -31482000,
    "incomeBeforeTax": 273750000,
    "incomeBeforeTaxRatio": 0.1650926328,
    "incomeTaxExpense": 100061000,
    "netIncome": 173689000,
    "netIncomeRatio": 0.104748034,
    "eps": 3.18,
    "epsdiluted": 3.13,
    "weightedAverageShsOut": 54652000,
    "weightedAverageShsOutDil": 55456000,
    "link": "https://www.sec.gov/Archives/edgar/data/866787/000095012309015058/0000950123-09-015058-index.htm",
    "finalLink": "https://www.sec.gov/Archives/edgar/data/866787/000095012309015058/c86737e10vq.htm"
  },
  {
    "date": "2009-02-14",
    "symbol": "AZO",
    "reportedCurrency": "USD",
    "cik": "0000866787",
    "fillingDate": "2009-03-19",
    "acceptedDate": "2009-03-19 16:01:15",
    "calendarYear": "2009",
    "period": "Q2",
    "revenue": 1447877000,
    "costOfRevenue": 728579000,
    "grossProfit": 719298000,
    "grossProfitRatio": 0.4967949626,
    "researchAndDevelopmentExpenses": 0,
    "generalAndAdministrativeExpenses": 0,
    "sellingAndMarketingExpenses": 0,
    "sellingGeneralAndAdministrativeExpenses": 504602000,
    "otherExpenses": 0,
    "operatingExpenses": 504602000,
    "costAndExpenses": 1233181000,
    "interestIncome": 0,
    "interestExpense": 31907000,
    "depreciationAndAmortization": 41811000,
    "ebitda": 256507000,
    "ebitdaratio": 0.1771607671,
    "operatingIncome": 214696000,
    "operatingIncomeRatio": 0.1482833141,
    "totalOtherIncomeExpensesNet": -31907000,
    "incomeBeforeTax": 182789000,
    "incomeBeforeTaxRatio": 0.1262462212,
    "incomeTaxExpense": 66925000,
    "netIncome": 115864000,
    "netIncomeRatio": 0.0800233722,
    "eps": 2.05,
    "epsdiluted": 2.03,
    "weightedAverageShsOut": 56517000,
    "weightedAverageShsOutDil": 57165000,
    "link": "https://www.sec.gov/Archives/edgar/data/866787/000136231009004050/0001362310-09-004050-index.htm",
    "finalLink": "https://www.sec.gov/Archives/edgar/data/866787/000136231009004050/c82785e10vq.htm"
  },
  {
    "date": "2008-11-22",
    "symbol": "AZO",
    "reportedCurrency": "USD",
    "cik": "0000866787",
    "fillingDate": "2008-12-19",
    "acceptedDate": "2008-12-19 16:01:20",
    "calendarYear": "2009",
    "period": "Q1",
    "revenue": 1478292000,
    "costOfRevenue": 737101000,
    "grossProfit": 741191000,
    "grossProfitRatio": 0.5013833532,
    "researchAndDevelopmentExpenses": 0,
    "generalAndAdministrativeExpenses": 0,
    "sellingAndMarketingExpenses": 0,
    "sellingGeneralAndAdministrativeExpenses": 502652000,
    "otherExpenses": 0,
    "operatingExpenses": 502652000,
    "costAndExpenses": 1239753000,
    "interestIncome": 0,
    "interestExpense": 31166000,
    "depreciationAndAmortization": 40153000,
    "ebitda": 278692000,
    "ebitdaratio": 0.1885229711,
    "operatingIncome": 238539000,
    "operatingIncomeRatio": 0.1613612196,
    "totalOtherIncomeExpensesNet": -31166000,
    "incomeBeforeTax": 207373000,
    "incomeBeforeTaxRatio": 0.1402787812,
    "incomeTaxExpense": 76002000,
    "netIncome": 131371000,
    "netIncomeRatio": 0.0888667462,
    "eps": 2.25,
    "epsdiluted": 2.23,
    "weightedAverageShsOut": 58325000,
    "weightedAverageShsOutDil": 58915000,
    "link": "https://www.sec.gov/Archives/edgar/data/866787/000136231008008400/0001362310-08-008400-index.htm",
    "finalLink": "https://www.sec.gov/Archives/edgar/data/866787/000136231008008400/c78351e10vq.htm"
  },
  {
    "date": "2008-08-30",
    "symbol": "AZO",
    "reportedCurrency": "USD",
    "cik": "0000866787",
    "fillingDate": "2008-10-27",
    "acceptedDate": "2008-10-27 11:31:10",
    "calendarYear": "2008",
    "period": "Q4",
    "revenue": 2210514000,
    "costOfRevenue": 1098702000,
    "grossProfit": 1111812000,
    "grossProfitRatio": 0.5029653737,
    "researchAndDevelopmentExpenses": 0,
    "generalAndAdministrativeExpenses": 0,
    "sellingAndMarketingExpenses": 0,
    "sellingGeneralAndAdministrativeExpenses": 694973000,
    "otherExpenses": 0,
    "operatingExpenses": 694973000,
    "costAndExpenses": 1793675000,
    "interestIncome": 0,
    "interestExpense": 0,
    "depreciationAndAmortization": 51577000,
    "ebitda": 468416000,
    "ebitdaratio": 0.2119036568,
    "operatingIncome": 416839000,
    "operatingIncomeRatio": 0.1885710744,
    "totalOtherIncomeExpensesNet": -34765000,
    "incomeBeforeTax": 382074000,
    "incomeBeforeTaxRatio": 0.172843963,
    "incomeTaxExpense": 138328000,
    "netIncome": 243746000,
    "netIncomeRatio": 0.110266662,
    "eps": 4.18,
    "epsdiluted": 4.14,
    "weightedAverageShsOut": 58325000,
    "weightedAverageShsOutDil": 58915000,
    "link": "https://www.sec.gov/Archives/edgar/data/866787/000136231008006211/0001362310-08-006211-index.htm",
    "finalLink": "https://www.sec.gov/Archives/edgar/data/866787/000136231008006211/c76208e10vk.htm"
  },
  {
    "date": "2008-05-03",
    "symbol": "AZO",
    "reportedCurrency": "USD",
    "cik": "0000866787",
    "fillingDate": "2008-06-12",
    "acceptedDate": "2008-06-12 16:16:38",
    "calendarYear": "2008",
    "period": "Q3",
    "revenue": 1517293000,
    "costOfRevenue": 755287000,
    "grossProfit": 762006000,
    "grossProfitRatio": 0.5022141406,
    "researchAndDevelopmentExpenses": 0,
    "generalAndAdministrativeExpenses": 0,
    "sellingAndMarketingExpenses": 0,
    "sellingGeneralAndAdministrativeExpenses": 488972000,
    "otherExpenses": 0,
    "operatingExpenses": 488972000,
    "costAndExpenses": 1244259000,
    "interestIncome": 0,
    "interestExpense": 0,
    "depreciationAndAmortization": 37332000,
    "ebitda": 310366000,
    "ebitdaratio": 0.2045524497,
    "operatingIncome": 273034000,
    "operatingIncomeRatio": 0.1799481049,
    "totalOtherIncomeExpensesNet": -25331000,
    "incomeBeforeTax": 247703000,
    "incomeBeforeTaxRatio": 0.1632532411,
    "incomeTaxExpense": 89065000,
    "netIncome": 158638000,
    "netIncomeRatio": 0.1045533064,
    "eps": 2.51,
    "epsdiluted": 2.49,
    "weightedAverageShsOut": 63237000,
    "weightedAverageShsOutDil": 63792000,
    "link": "https://www.sec.gov/Archives/edgar/data/866787/000136231008003211/0001362310-08-003211-index.htm",
    "finalLink": "https://www.sec.gov/Archives/edgar/data/866787/000136231008003211/c73589e10vq.htm"
  },
  {
    "date": "2008-02-09",
    "symbol": "AZO",
    "reportedCurrency": "USD",
    "cik": "0000866787",
    "fillingDate": "2008-03-10",
    "acceptedDate": "2008-03-10 17:29:26",
    "calendarYear": "2008",
    "period": "Q2",
    "revenue": 1339244000,
    "costOfRevenue": 671449000,
    "grossProfit": 667795000,
    "grossProfitRatio": 0.4986357975,
    "researchAndDevelopmentExpenses": 0,
    "generalAndAdministrativeExpenses": 0,
    "sellingAndMarketingExpenses": 0,
    "sellingGeneralAndAdministrativeExpenses": 470910000,
    "otherExpenses": 0,
    "operatingExpenses": 470910000,
    "costAndExpenses": 1142359000,
    "interestIncome": 0,
    "interestExpense": 0,
    "depreciationAndAmortization": 39270000,
    "ebitda": 236155000,
    "ebitdaratio": 0.1763345589,
    "operatingIncome": 196885000,
    "operatingIncomeRatio": 0.1470120456,
    "totalOtherIncomeExpensesNet": -28588000,
    "incomeBeforeTax": 168297000,
    "incomeBeforeTaxRatio": 0.1256656741,
    "incomeTaxExpense": 61593000,
    "netIncome": 106704000,
    "netIncomeRatio": 0.0796748016,
    "eps": 1.69,
    "epsdiluted": 1.67,
    "weightedAverageShsOut": 63201000,
    "weightedAverageShsOutDil": 63740000,
    "link": "https://www.sec.gov/Archives/edgar/data/866787/000136231008001325/0001362310-08-001325-index.htm",
    "finalLink": "https://www.sec.gov/Archives/edgar/data/866787/000136231008001325/c72605e10vq.htm"
  },
  {
    "date": "2007-11-17",
    "symbol": "AZO",
    "reportedCurrency": "USD",
    "cik": "0000866787",
    "fillingDate": "2007-12-14",
    "acceptedDate": "2007-12-14 15:03:03",
    "calendarYear": "2008",
    "period": "Q1",
    "revenue": 1455655000,
    "costOfRevenue": 729207000,
    "grossProfit": 726448000,
    "grossProfitRatio": 0.4990523167,
    "researchAndDevelopmentExpenses": 0,
    "generalAndAdministrativeExpenses": 0,
    "sellingAndMarketingExpenses": 0,
    "sellingGeneralAndAdministrativeExpenses": 489073000,
    "otherExpenses": 0,
    "operatingExpenses": 489073000,
    "costAndExpenses": 1218280000,
    "interestIncome": 0,
    "interestExpense": 0,
    "depreciationAndAmortization": 40107000,
    "ebitda": 277482000,
    "ebitdaratio": 0.190623465,
    "operatingIncome": 237375000,
    "operatingIncomeRatio": 0.16307092,
    "totalOtherIncomeExpensesNet": -28062000,
    "incomeBeforeTax": 209313000,
    "incomeBeforeTaxRatio": 0.1437930004,
    "incomeTaxExpense": 76797000,
    "netIncome": 132516000,
    "netIncomeRatio": 0.0910353071,
    "eps": 2.04,
    "epsdiluted": 2.02,
    "weightedAverageShsOut": 64855000,
    "weightedAverageShsOutDil": 65444000,
    "link": "https://www.sec.gov/Archives/edgar/data/866787/000114420407067585/0001144204-07-067585-index.htm",
    "finalLink": "https://www.sec.gov/Archives/edgar/data/866787/000114420407067585/v096835_10q.htm"
  },
  {
    "date": "2007-08-25",
    "symbol": "AZO",
    "reportedCurrency": "USD",
    "cik": "0000866787",
    "fillingDate": "2007-10-22",
    "acceptedDate": "2007-10-22 17:19:36",
    "calendarYear": "2007",
    "period": "Q4",
    "revenue": 2002707000,
    "costOfRevenue": 998363000,
    "grossProfit": 1004344000,
    "grossProfitRatio": 0.5014932289,
    "researchAndDevelopmentExpenses": 0,
    "generalAndAdministrativeExpenses": 0,
    "sellingAndMarketingExpenses": 0,
    "sellingGeneralAndAdministrativeExpenses": 625974000,
    "otherExpenses": 0,
    "operatingExpenses": 625974000,
    "costAndExpenses": 1624337000,
    "interestIncome": 0,
    "interestExpense": 0,
    "depreciationAndAmortization": 51320000,
    "ebitda": 429690000,
    "ebitdaratio": 0.2145546003,
    "operatingIncome": 378370000,
    "operatingIncomeRatio": 0.1889292842,
    "totalOtherIncomeExpensesNet": -38091000,
    "incomeBeforeTax": 340279000,
    "incomeBeforeTaxRatio": 0.1699095275,
    "incomeTaxExpense": 123104000,
    "netIncome": 217175000,
    "netIncomeRatio": 0.1084407255,
    "eps": 3.35,
    "epsdiluted": 3.32,
    "weightedAverageShsOut": 64855000,
    "weightedAverageShsOutDil": 65444000,
    "link": "https://www.sec.gov/Archives/edgar/data/866787/000114420407055597/0001144204-07-055597-index.htm",
    "finalLink": "https://www.sec.gov/Archives/edgar/data/866787/000114420407055597/v090225_10k.htm"
  },
  {
    "date": "2007-05-05",
    "symbol": "AZO",
    "reportedCurrency": "USD",
    "cik": "0000866787",
    "fillingDate": "2007-06-08",
    "acceptedDate": "2007-06-08 16:31:43",
    "calendarYear": "2007",
    "period": "Q3",
    "revenue": 1473671000,
    "costOfRevenue": 738272000,
    "grossProfit": 735399000,
    "grossProfitRatio": 0.4990252234,
    "researchAndDevelopmentExpenses": 0,
    "generalAndAdministrativeExpenses": 0,
    "sellingAndMarketingExpenses": 0,
    "sellingGeneralAndAdministrativeExpenses": 470422000,
    "otherExpenses": 0,
    "operatingExpenses": 470422000,
    "costAndExpenses": 1208694000,
    "interestIncome": 0,
    "interestExpense": 0,
    "depreciationAndAmortization": 37341000,
    "ebitda": 302318000,
    "ebitdaratio": 0.2051461961,
    "operatingIncome": 264977000,
    "operatingIncomeRatio": 0.1798074333,
    "totalOtherIncomeExpensesNet": -27115000,
    "incomeBeforeTax": 237862000,
    "incomeBeforeTaxRatio": 0.161407804,
    "incomeTaxExpense": 86271000,
    "netIncome": 151591000,
    "netIncomeRatio": 0.1028662436,
    "eps": 2.19,
    "epsdiluted": 2.17,
    "weightedAverageShsOut": 69142000,
    "weightedAverageShsOutDil": 69901000,
    "link": "https://www.sec.gov/Archives/edgar/data/866787/000114420407031080/0001144204-07-031080-index.htm",
    "finalLink": "https://www.sec.gov/Archives/edgar/data/866787/000114420407031080/v077912_10q.htm"
  },
  {
    "date": "2007-02-10",
    "symbol": "AZO",
    "reportedCurrency": "USD",
    "cik": "0000866787",
    "fillingDate": "2007-03-08",
    "acceptedDate": "2007-03-08 16:54:53",
    "calendarYear": "2007",
    "period": "Q2",
    "revenue": 1300357000,
    "costOfRevenue": 661145000,
    "grossProfit": 639212000,
    "grossProfitRatio": 0.4915665467,
    "researchAndDevelopmentExpenses": 0,
    "generalAndAdministrativeExpenses": 0,
    "sellingAndMarketingExpenses": 0,
    "sellingGeneralAndAdministrativeExpenses": 450289000,
    "otherExpenses": 0,
    "operatingExpenses": 450289000,
    "costAndExpenses": 1111434000,
    "interestIncome": 0,
    "interestExpense": 0,
    "depreciationAndAmortization": 36506000,
    "ebitda": 225429000,
    "ebitdaratio": 0.1733593159,
    "operatingIncome": 188923000,
    "operatingIncomeRatio": 0.145285487,
    "totalOtherIncomeExpensesNet": -26818000,
    "incomeBeforeTax": 162105000,
    "incomeBeforeTaxRatio": 0.1246619198,
    "incomeTaxExpense": 59089000,
    "netIncome": 103016000,
    "netIncomeRatio": 0.0792213215,
    "eps": 1.46,
    "epsdiluted": 1.45,
    "weightedAverageShsOut": 70476000,
    "weightedAverageShsOutDil": 71227000,
    "link": "https://www.sec.gov/Archives/edgar/data/866787/000114420407011857/0001144204-07-011857-index.htm",
    "finalLink": "https://www.sec.gov/Archives/edgar/data/866787/000114420407011857/v067565_10q.htm"
  },
  {
    "date": "2006-11-18",
    "symbol": "AZO",
    "reportedCurrency": "USD",
    "cik": "0000866787",
    "fillingDate": "2006-12-15",
    "acceptedDate": "2006-12-15 16:09:11",
    "calendarYear": "2007",
    "period": "Q1",
    "revenue": 1393069000,
    "costOfRevenue": 707774000,
    "grossProfit": 685295000,
    "grossProfitRatio": 0.4919318426,
    "researchAndDevelopmentExpenses": 0,
    "generalAndAdministrativeExpenses": 0,
    "sellingAndMarketingExpenses": 0,
    "sellingGeneralAndAdministrativeExpenses": 462299000,
    "otherExpenses": 0,
    "operatingExpenses": 462299000,
    "costAndExpenses": 1170073000,
    "interestIncome": 0,
    "interestExpense": 0,
    "depreciationAndAmortization": 35963000,
    "ebitda": 258959000,
    "ebitdaratio": 0.1858910076,
    "operatingIncome": 222996000,
    "operatingIncomeRatio": 0.1600753444,
    "totalOtherIncomeExpensesNet": -27093000,
    "incomeBeforeTax": 195903000,
    "incomeBeforeTaxRatio": 0.140626918,
    "incomeTaxExpense": 72014000,
    "netIncome": 123889000,
    "netIncomeRatio": 0.0889324219,
    "eps": 1.74,
    "epsdiluted": 1.73,
    "weightedAverageShsOut": 71082000,
    "weightedAverageShsOutDil": 71813000,
    "link": "https://www.sec.gov/Archives/edgar/data/866787/000114420406052914/0001144204-06-052914-index.htm",
    "finalLink": "https://www.sec.gov/Archives/edgar/data/866787/000114420406052914/v060250.htm"
  },
  {
    "date": "2006-08-26",
    "symbol": "AZO",
    "reportedCurrency": "USD",
    "cik": "0000866787",
    "fillingDate": "2006-10-25",
    "acceptedDate": "2006-10-25 16:42:00",
    "calendarYear": "2006",
    "period": "Q4",
    "revenue": 1939030000,
    "costOfRevenue": 976269000,
    "grossProfit": 962761000,
    "grossProfitRatio": 0.4965168151,
    "researchAndDevelopmentExpenses": 0,
    "generalAndAdministrativeExpenses": 0,
    "sellingAndMarketingExpenses": 0,
    "sellingGeneralAndAdministrativeExpenses": 589643000,
    "otherExpenses": 0,
    "operatingExpenses": 589643000,
    "costAndExpenses": 1565912000,
    "interestIncome": 0,
    "interestExpense": 0,
    "depreciationAndAmortization": 45377000,
    "ebitda": 418495000,
    "ebitdaratio": 0.2158269857,
    "operatingIncome": 373118000,
    "operatingIncomeRatio": 0.1924250785,
    "totalOtherIncomeExpensesNet": -34895000,
    "incomeBeforeTax": 338223000,
    "incomeBeforeTaxRatio": 0.1744289671,
    "incomeTaxExpense": 124771000,
    "netIncome": 213452000,
    "netIncomeRatio": 0.110081845,
    "eps": 3,
    "epsdiluted": 2.97,
    "weightedAverageShsOut": 71082000,
    "weightedAverageShsOutDil": 71813000,
    "link": "https://www.sec.gov/Archives/edgar/data/866787/000114420406043603/0001144204-06-043603-index.htm",
    "finalLink": "https://www.sec.gov/Archives/edgar/data/866787/000114420406043603/v054826_10k.htm"
  },
  {
    "date": "2006-05-06",
    "symbol": "AZO",
    "reportedCurrency": "USD",
    "cik": "0000866787",
    "fillingDate": "2006-06-07",
    "acceptedDate": "2006-06-07 17:19:50",
    "calendarYear": "2006",
    "period": "Q3",
    "revenue": 1417433000,
    "costOfRevenue": 713392000,
    "grossProfit": 704041000,
    "grossProfitRatio": 0.4967014314,
    "researchAndDevelopmentExpenses": 0,
    "generalAndAdministrativeExpenses": 0,
    "sellingAndMarketingExpenses": 0,
    "sellingGeneralAndAdministrativeExpenses": 450872000,
    "otherExpenses": 0,
    "operatingExpenses": 450872000,
    "costAndExpenses": 1164264000,
    "interestIncome": 0,
    "interestExpense": 0,
    "depreciationAndAmortization": 32607000,
    "ebitda": 285776000,
    "ebitdaratio": 0.2016151733,
    "operatingIncome": 253169000,
    "operatingIncomeRatio": 0.1786109114,
    "totalOtherIncomeExpensesNet": -24921000,
    "incomeBeforeTax": 228248000,
    "incomeBeforeTaxRatio": 0.161029128,
    "incomeTaxExpense": 83820000,
    "netIncome": 144428000,
    "netIncomeRatio": 0.1018940578,
    "eps": 1.9,
    "epsdiluted": 1.89,
    "weightedAverageShsOut": 75909000,
    "weightedAverageShsOutDil": 76583000,
    "link": "https://www.sec.gov/Archives/edgar/data/866787/000114420406024017/0001144204-06-024017-index.htm",
    "finalLink": "https://www.sec.gov/Archives/edgar/data/866787/000114420406024017/v044845.htm"
  },
  {
    "date": "2006-02-11",
    "symbol": "AZO",
    "reportedCurrency": "USD",
    "cik": "0000866787",
    "fillingDate": "2006-03-15",
    "acceptedDate": "2006-03-15 17:13:00",
    "calendarYear": "2006",
    "period": "Q2",
    "revenue": 1253815000,
    "costOfRevenue": 637625000,
    "grossProfit": 616190000,
    "grossProfitRatio": 0.4914520882,
    "researchAndDevelopmentExpenses": 0,
    "generalAndAdministrativeExpenses": 0,
    "sellingAndMarketingExpenses": 0,
    "sellingGeneralAndAdministrativeExpenses": 437845000,
    "otherExpenses": 0,
    "operatingExpenses": 437845000,
    "costAndExpenses": 1075470000,
    "interestIncome": 0,
    "interestExpense": 0,
    "depreciationAndAmortization": 31862000,
    "ebitda": 210207000,
    "ebitdaratio": 0.1676539202,
    "operatingIncome": 178345000,
    "operatingIncomeRatio": 0.1422418778,
    "totalOtherIncomeExpensesNet": -24333000,
    "incomeBeforeTax": 154012000,
    "incomeBeforeTaxRatio": 0.1228347085,
    "incomeTaxExpense": 56990000,
    "netIncome": 97022000,
    "netIncomeRatio": 0.0773814319,
    "eps": 1.26,
    "epsdiluted": 1.25,
    "weightedAverageShsOut": 76784000,
    "weightedAverageShsOutDil": 77474000,
    "link": "https://www.sec.gov/Archives/edgar/data/866787/000114420406010086/0001144204-06-010086-index.htm",
    "finalLink": "https://www.sec.gov/Archives/edgar/data/866787/000114420406010086/v037564_10-q.htm"
  },
  {
    "date": "2005-11-19",
    "symbol": "AZO",
    "reportedCurrency": "USD",
    "cik": "0000866787",
    "fillingDate": "2005-12-16",
    "acceptedDate": "2005-12-15 19:02:23",
    "calendarYear": "2006",
    "period": "Q1",
    "revenue": 1338076000,
    "costOfRevenue": 682547000,
    "grossProfit": 655529000,
    "grossProfitRatio": 0.4899041609,
    "researchAndDevelopmentExpenses": 0,
    "generalAndAdministrativeExpenses": 0,
    "sellingAndMarketingExpenses": 0,
    "sellingGeneralAndAdministrativeExpenses": 450236000,
    "otherExpenses": 0,
    "operatingExpenses": 450236000,
    "costAndExpenses": 1132783000,
    "interestIncome": 0,
    "interestExpense": 0,
    "depreciationAndAmortization": 31178000,
    "ebitda": 236471000,
    "ebitdaratio": 0.1767246405,
    "operatingIncome": 205293000,
    "operatingIncomeRatio": 0.1534240208,
    "totalOtherIncomeExpensesNet": -23739000,
    "incomeBeforeTax": 181554000,
    "incomeBeforeTaxRatio": 0.135682876,
    "incomeTaxExpense": 67180000,
    "netIncome": 114374000,
    "netIncomeRatio": 0.0854764602,
    "eps": 1.49,
    "epsdiluted": 1.48,
    "weightedAverageShsOut": 76588000,
    "weightedAverageShsOutDil": 77152000,
    "link": "https://www.sec.gov/Archives/edgar/data/866787/000114420405039949/0001144204-05-039949-index.htm",
    "finalLink": "https://www.sec.gov/Archives/edgar/data/866787/000114420405039949/v031406_10q.htm"
  },
  {
    "date": "2005-08-27",
    "symbol": "AZO",
    "reportedCurrency": "USD",
    "cik": "0000866787",
    "fillingDate": "2005-10-26",
    "acceptedDate": "2005-10-26 15:15:13",
    "calendarYear": "2005",
    "period": "Q4",
    "revenue": 1882237000,
    "costOfRevenue": 965964000,
    "grossProfit": 916273000,
    "grossProfitRatio": 0.4868000151,
    "researchAndDevelopmentExpenses": 0,
    "generalAndAdministrativeExpenses": 0,
    "sellingAndMarketingExpenses": 0,
    "sellingGeneralAndAdministrativeExpenses": 565103000,
    "otherExpenses": 0,
    "operatingExpenses": 565103000,
    "costAndExpenses": 1531067000,
    "interestIncome": 0,
    "interestExpense": 0,
    "depreciationAndAmortization": 39442000,
    "ebitda": 390612000,
    "ebitdaratio": 0.2075254073,
    "operatingIncome": 351170000,
    "operatingIncomeRatio": 0.1865705541,
    "totalOtherIncomeExpensesNet": -32781000,
    "incomeBeforeTax": 318389000,
    "incomeBeforeTaxRatio": 0.1691545751,
    "incomeTaxExpense": 111771000,
    "netIncome": 206615000,
    "netIncomeRatio": 0.10977098,
    "eps": 2.7,
    "epsdiluted": 2.68,
    "weightedAverageShsOut": 76588000,
    "weightedAverageShsOutDil": 77152000,
    "link": "https://www.sec.gov/Archives/edgar/data/866787/000114420405032748/0001144204-05-032748-index.htm",
    "finalLink": "https://www.sec.gov/Archives/edgar/data/866787/000114420405032748/v027481.htm"
  },
  {
    "date": "2005-05-07",
    "symbol": "AZO",
    "reportedCurrency": "USD",
    "cik": "0000866787",
    "fillingDate": "2005-06-06",
    "acceptedDate": "2005-06-06 16:15:27",
    "calendarYear": "2005",
    "period": "Q3",
    "revenue": 1338387000,
    "costOfRevenue": 665284000,
    "grossProfit": 673103000,
    "grossProfitRatio": 0.5029210535,
    "researchAndDevelopmentExpenses": 0,
    "generalAndAdministrativeExpenses": 0,
    "sellingAndMarketingExpenses": 0,
    "sellingGeneralAndAdministrativeExpenses": 413641000,
    "otherExpenses": 0,
    "operatingExpenses": 413641000,
    "costAndExpenses": 1078925000,
    "interestIncome": 0,
    "interestExpense": 0,
    "depreciationAndAmortization": 25963000,
    "ebitda": 285425000,
    "ebitdaratio": 0.2132604396,
    "operatingIncome": 259462000,
    "operatingIncomeRatio": 0.1938617156,
    "totalOtherIncomeExpensesNet": -24223000,
    "incomeBeforeTax": 235239000,
    "incomeBeforeTaxRatio": 0.175763064,
    "incomeTaxExpense": 87450000,
    "netIncome": 147789000,
    "netIncomeRatio": 0.1104232184,
    "eps": 1.88,
    "epsdiluted": 1.86,
    "weightedAverageShsOut": 78521000,
    "weightedAverageShsOutDil": 79494000,
    "link": "https://www.sec.gov/Archives/edgar/data/866787/000116923205002991/0001169232-05-002991-index.htm",
    "finalLink": "https://www.sec.gov/Archives/edgar/data/866787/000116923205002991/d64142_10-q.htm"
  },
  {
    "date": "2005-02-12",
    "symbol": "AZO",
    "reportedCurrency": "USD",
    "cik": "0000866787",
    "fillingDate": "2005-03-11",
    "acceptedDate": "2005-03-11 15:36:10",
    "calendarYear": "2005",
    "period": "Q2",
    "revenue": 1204055000,
    "costOfRevenue": 621684000,
    "grossProfit": 582371000,
    "grossProfitRatio": 0.4836747491,
    "researchAndDevelopmentExpenses": 0,
    "generalAndAdministrativeExpenses": 0,
    "sellingAndMarketingExpenses": 0,
    "sellingGeneralAndAdministrativeExpenses": 433652000,
    "otherExpenses": 0,
    "operatingExpenses": 433652000,
    "costAndExpenses": 1055336000,
    "interestIncome": 0,
    "interestExpense": 0,
    "depreciationAndAmortization": 46292000,
    "ebitda": 195011000,
    "ebitdaratio": 0.1619618705,
    "operatingIncome": 148719000,
    "operatingIncomeRatio": 0.1235151218,
    "totalOtherIncomeExpensesNet": -23645000,
    "incomeBeforeTax": 125074000,
    "incomeBeforeTaxRatio": 0.1038773146,
    "incomeTaxExpense": 30981000,
    "netIncome": 94093000,
    "netIncomeRatio": 0.0781467624,
    "eps": 1.18,
    "epsdiluted": 1.16,
    "weightedAverageShsOut": 79692000,
    "weightedAverageShsOutDil": 80860000,
    "link": "https://www.sec.gov/Archives/edgar/data/866787/000116923205001627/0001169232-05-001627-index.htm",
    "finalLink": "https://www.sec.gov/Archives/edgar/data/866787/000116923205001627/d62903_10-q.htm"
  },
  {
    "date": "2004-11-20",
    "symbol": "AZO",
    "reportedCurrency": "USD",
    "cik": "0000866787",
    "fillingDate": "2004-12-20",
    "acceptedDate": "2004-12-20 16:08:30",
    "calendarYear": "2005",
    "period": "Q1",
    "revenue": 1286203000,
    "costOfRevenue": 665402000,
    "grossProfit": 620801000,
    "grossProfitRatio": 0.4826617571,
    "researchAndDevelopmentExpenses": 0,
    "generalAndAdministrativeExpenses": 0,
    "sellingAndMarketingExpenses": 0,
    "sellingGeneralAndAdministrativeExpenses": 404488000,
    "otherExpenses": 0,
    "operatingExpenses": 404488000,
    "costAndExpenses": 1069890000,
    "interestIncome": 0,
    "interestExpense": 0,
    "depreciationAndAmortization": 26243000,
    "ebitda": 242556000,
    "ebitdaratio": 0.1885829842,
    "operatingIncome": 216313000,
    "operatingIncomeRatio": 0.1681795175,
    "totalOtherIncomeExpensesNet": -21790000,
    "incomeBeforeTax": 194523000,
    "incomeBeforeTaxRatio": 0.1512381794,
    "incomeTaxExpense": 72000000,
    "netIncome": 122523000,
    "netIncomeRatio": 0.0952594575,
    "eps": 1.54,
    "epsdiluted": 1.52,
    "weightedAverageShsOut": 79711000,
    "weightedAverageShsOutDil": 80748000,
    "link": "https://www.sec.gov/Archives/edgar/data/866787/000116923204006126/0001169232-04-006126-index.htm",
    "finalLink": "https://www.sec.gov/Archives/edgar/data/866787/000116923204006126/d61583_10q.htm"
  },
  {
    "date": "2004-08-28",
    "symbol": "AZO",
    "reportedCurrency": "USD",
    "cik": "0000866787",
    "fillingDate": "2004-10-27",
    "acceptedDate": "2004-10-27 17:25:04",
    "calendarYear": "2004",
    "period": "Q4",
    "revenue": 1835727000,
    "costOfRevenue": 932736000,
    "grossProfit": 902991000,
    "grossProfitRatio": 0.4918983051,
    "researchAndDevelopmentExpenses": 0,
    "generalAndAdministrativeExpenses": 0,
    "sellingAndMarketingExpenses": 0,
    "sellingGeneralAndAdministrativeExpenses": 539236000,
    "otherExpenses": 0,
    "operatingExpenses": 539236000,
    "costAndExpenses": 1471972000,
    "interestIncome": 0,
    "interestExpense": 0,
    "depreciationAndAmortization": 34835000,
    "ebitda": 398590000,
    "ebitdaratio": 0.2171292354,
    "operatingIncome": 363755000,
    "operatingIncomeRatio": 0.1981531023,
    "totalOtherIncomeExpensesNet": -28712000,
    "incomeBeforeTax": 335043000,
    "incomeBeforeTaxRatio": 0.1825124324,
    "incomeTaxExpense": 125650000,
    "netIncome": 209393000,
    "netIncomeRatio": 0.1140654357,
    "eps": 2.63,
    "epsdiluted": 2.59,
    "weightedAverageShsOut": 79711000,
    "weightedAverageShsOutDil": 80748000,
    "link": "https://www.sec.gov/Archives/edgar/data/866787/000095014404010103/0000950144-04-010103-index.htm",
    "finalLink": "https://www.sec.gov/Archives/edgar/data/866787/000095014404010103/g91360e10vk.htm"
  },
  {
    "date": "2004-05-08",
    "symbol": "AZO",
    "reportedCurrency": "USD",
    "cik": "0000866787",
    "fillingDate": "2004-06-07",
    "acceptedDate": "2004-06-07 16:09:34",
    "calendarYear": "2004",
    "period": "Q3",
    "revenue": 1360022000,
    "costOfRevenue": 683835000,
    "grossProfit": 676187000,
    "grossProfitRatio": 0.4971882808,
    "researchAndDevelopmentExpenses": 0,
    "generalAndAdministrativeExpenses": 0,
    "sellingAndMarketingExpenses": 0,
    "sellingGeneralAndAdministrativeExpenses": 424866000,
    "otherExpenses": 0,
    "operatingExpenses": 424866000,
    "costAndExpenses": 1108701000,
    "interestIncome": 0,
    "interestExpense": 0,
    "depreciationAndAmortization": 24957000,
    "ebitda": 276278000,
    "ebitdaratio": 0.2031423021,
    "operatingIncome": 251321000,
    "operatingIncomeRatio": 0.1847918637,
    "totalOtherIncomeExpensesNet": -21910000,
    "incomeBeforeTax": 229411000,
    "incomeBeforeTaxRatio": 0.1686818301,
    "incomeTaxExpense": 86000000,
    "netIncome": 143411000,
    "netIncomeRatio": 0.1054475589,
    "eps": 1.71,
    "epsdiluted": 1.68,
    "weightedAverageShsOut": 83897000,
    "weightedAverageShsOutDil": 85202000,
    "link": "https://www.sec.gov/Archives/edgar/data/866787/000095014404006061/0000950144-04-006061-index.htm",
    "finalLink": "https://www.sec.gov/Archives/edgar/data/866787/000095014404006061/g89481e10vq.htm"
  },
  {
    "date": "2004-02-14",
    "symbol": "AZO",
    "reportedCurrency": "USD",
    "cik": "0000866787",
    "fillingDate": "2004-03-15",
    "acceptedDate": "2004-03-15 16:51:48",
    "calendarYear": "2004",
    "period": "Q2",
    "revenue": 1159236000,
    "costOfRevenue": 594925000,
    "grossProfit": 564311000,
    "grossProfitRatio": 0.4867956137,
    "researchAndDevelopmentExpenses": 0,
    "generalAndAdministrativeExpenses": 0,
    "sellingAndMarketingExpenses": 0,
    "sellingGeneralAndAdministrativeExpenses": 395785000,
    "otherExpenses": 0,
    "operatingExpenses": 395785000,
    "costAndExpenses": 990710000,
    "interestIncome": 0,
    "interestExpense": 0,
    "depreciationAndAmortization": 27379000,
    "ebitda": 195905000,
    "ebitdaratio": 0.1689949242,
    "operatingIncome": 168526000,
    "operatingIncomeRatio": 0.1453767826,
    "totalOtherIncomeExpensesNet": -21922000,
    "incomeBeforeTax": 146604000,
    "incomeBeforeTaxRatio": 0.1264660518,
    "incomeTaxExpense": 54950000,
    "netIncome": 91654000,
    "netIncomeRatio": 0.0790641422,
    "eps": 1.06,
    "epsdiluted": 1.04,
    "weightedAverageShsOut": 86618000,
    "weightedAverageShsOutDil": 88028000,
    "link": "https://www.sec.gov/Archives/edgar/data/866787/000095014404002553/0000950144-04-002553-index.htm",
    "finalLink": "https://www.sec.gov/Archives/edgar/data/866787/000095014404002553/g87793e10vq.htm"
  },
  {
    "date": "2003-11-22",
    "symbol": "AZO",
    "reportedCurrency": "USD",
    "cik": "0000866787",
    "fillingDate": "2003-12-23",
    "acceptedDate": "2003-12-23 16:15:08",
    "calendarYear": "2004",
    "period": "Q1",
    "revenue": 1282040000,
    "costOfRevenue": 668950000,
    "grossProfit": 613090000,
    "grossProfitRatio": 0.4782144083,
    "researchAndDevelopmentExpenses": 0,
    "generalAndAdministrativeExpenses": 0,
    "sellingAndMarketingExpenses": 0,
    "sellingGeneralAndAdministrativeExpenses": 397986000,
    "otherExpenses": -1000,
    "operatingExpenses": 397985000,
    "costAndExpenses": 1066935000,
    "interestIncome": 0,
    "interestExpense": 0,
    "depreciationAndAmortization": 23950000,
    "ebitda": 239055000,
    "ebitdaratio": 0.1864645409,
    "operatingIncome": 215105000,
    "operatingIncomeRatio": 0.1677833765,
    "totalOtherIncomeExpensesNet": -20260000,
    "incomeBeforeTax": 194845000,
    "incomeBeforeTaxRatio": 0.1519804374,
    "incomeTaxExpense": 73100000,
    "netIncome": 121745000,
    "netIncomeRatio": 0.0949619357,
    "eps": 1.37,
    "epsdiluted": 1.35,
    "weightedAverageShsOut": 88741000,
    "weightedAverageShsOutDil": 90422000,
    "link": "https://www.sec.gov/Archives/edgar/data/866787/000095014403013951/0000950144-03-013951-index.htm",
    "finalLink": "https://www.sec.gov/Archives/edgar/data/866787/000095014403013951/g86410e10vq.htm"
  },
  {
    "date": "2003-08-30",
    "symbol": "AZO",
    "reportedCurrency": "USD",
    "cik": "0000866787",
    "fillingDate": "2003-10-30",
    "acceptedDate": "2003-10-29 20:05:25",
    "calendarYear": "2003",
    "period": "Q4",
    "revenue": 1829347000,
    "costOfRevenue": 958550000,
    "grossProfit": 870797000,
    "grossProfitRatio": 0.476015212,
    "researchAndDevelopmentExpenses": 0,
    "generalAndAdministrativeExpenses": 0,
    "sellingAndMarketingExpenses": 0,
    "sellingGeneralAndAdministrativeExpenses": 510707000,
    "otherExpenses": 0,
    "operatingExpenses": 510707000,
    "costAndExpenses": 1469257000,
    "interestIncome": 0,
    "interestExpense": 0,
    "depreciationAndAmortization": 34222000,
    "ebitda": 394312000,
    "ebitdaratio": 0.2155479524,
    "operatingIncome": 360090000,
    "operatingIncomeRatio": 0.1968407306,
    "totalOtherIncomeExpensesNet": -26699000,
    "incomeBeforeTax": 333391000,
    "incomeBeforeTaxRatio": 0.1822459052,
    "incomeTaxExpense": 125950000,
    "netIncome": 207441000,
    "netIncomeRatio": 0.1133962009,
    "eps": 2.34,
    "epsdiluted": 2.29,
    "weightedAverageShsOut": 88741000,
    "weightedAverageShsOutDil": 90422000,
    "link": "https://www.sec.gov/Archives/edgar/data/866787/000095014403011980/0000950144-03-011980-index.htm",
    "finalLink": "https://www.sec.gov/Archives/edgar/data/866787/000095014403011980/g85398e10vk.htm"
  },
  {
    "date": "2003-05-10",
    "symbol": "AZO",
    "reportedCurrency": "USD",
    "cik": "0000866787",
    "fillingDate": "2003-06-11",
    "acceptedDate": "2003-06-10 18:53:03",
    "calendarYear": "2003",
    "period": "Q3",
    "revenue": 1288445000,
    "costOfRevenue": 689622000,
    "grossProfit": 598823000,
    "grossProfitRatio": 0.4647641149,
    "researchAndDevelopmentExpenses": 0,
    "generalAndAdministrativeExpenses": 0,
    "sellingAndMarketingExpenses": 0,
    "sellingGeneralAndAdministrativeExpenses": 376940000,
    "otherExpenses": 0,
    "operatingExpenses": 376940000,
    "costAndExpenses": 1066562000,
    "interestIncome": 0,
    "interestExpense": 0,
    "depreciationAndAmortization": 24690000,
    "ebitda": 246573000,
    "ebitdaratio": 0.191372546,
    "operatingIncome": 221883000,
    "operatingIncomeRatio": 0.1722099119,
    "totalOtherIncomeExpensesNet": -19353000,
    "incomeBeforeTax": 202530000,
    "incomeBeforeTaxRatio": 0.1571894803,
    "incomeTaxExpense": 76553000,
    "netIncome": 125977000,
    "netIncomeRatio": 0.097774449,
    "eps": 1.33,
    "epsdiluted": 1.3,
    "weightedAverageShsOut": 94666000,
    "weightedAverageShsOutDil": 96811000,
    "link": "https://www.sec.gov/Archives/edgar/data/866787/000086678703000033/0000866787-03-000033-index.htm",
    "finalLink": "https://www.sec.gov/Archives/edgar/data/866787/000086678703000033/tenq.htm"
  },
  {
    "date": "2003-02-15",
    "symbol": "AZO",
    "reportedCurrency": "USD",
    "cik": "0000866787",
    "fillingDate": "2003-03-19",
    "acceptedDate": "2003-03-19 17:27:10",
    "calendarYear": "2003",
    "period": "Q2",
    "revenue": 1120696000,
    "costOfRevenue": 624697000,
    "grossProfit": 495999000,
    "grossProfitRatio": 0.4425812174,
    "researchAndDevelopmentExpenses": 0,
    "generalAndAdministrativeExpenses": 0,
    "sellingAndMarketingExpenses": 0,
    "sellingGeneralAndAdministrativeExpenses": 348501000,
    "otherExpenses": 0,
    "operatingExpenses": 348501000,
    "costAndExpenses": 973198000,
    "interestIncome": 0,
    "interestExpense": 0,
    "depreciationAndAmortization": 25243000,
    "ebitda": 172741000,
    "ebitdaratio": 0.1541372504,
    "operatingIncome": 147498000,
    "operatingIncomeRatio": 0.1316128549,
    "totalOtherIncomeExpensesNet": -19633000,
    "incomeBeforeTax": 127865000,
    "incomeBeforeTaxRatio": 0.1140942771,
    "incomeTaxExpense": 48590000,
    "netIncome": 79275000,
    "netIncomeRatio": 0.0707372918,
    "eps": 0.81,
    "epsdiluted": 0.79,
    "weightedAverageShsOut": 98446000,
    "weightedAverageShsOutDil": 100393000,
    "link": "https://www.sec.gov/Archives/edgar/data/866787/000086678703000023/0000866787-03-000023-index.htm",
    "finalLink": "https://www.sec.gov/Archives/edgar/data/866787/000086678703000023/tenq.htm"
  },
  {
    "date": "2002-11-23",
    "symbol": "AZO",
    "reportedCurrency": "USD",
    "cik": "0000866787",
    "fillingDate": "2002-12-20",
    "acceptedDate": "2002-12-20 17:12:05",
    "calendarYear": "2003",
    "period": "Q1",
    "revenue": 1218635000,
    "costOfRevenue": 669245000,
    "grossProfit": 549390000,
    "grossProfitRatio": 0.4508240778,
    "researchAndDevelopmentExpenses": 0,
    "generalAndAdministrativeExpenses": 0,
    "sellingAndMarketingExpenses": 0,
    "sellingGeneralAndAdministrativeExpenses": 361064000,
    "otherExpenses": 0,
    "operatingExpenses": 361064000,
    "costAndExpenses": 1030309000,
    "interestIncome": 0,
    "interestExpense": 0,
    "depreciationAndAmortization": 25593000,
    "ebitda": 213919000,
    "ebitdaratio": 0.1755398458,
    "operatingIncome": 188326000,
    "operatingIncomeRatio": 0.1545384795,
    "totalOtherIncomeExpensesNet": -19105000,
    "incomeBeforeTax": 169221000,
    "incomeBeforeTaxRatio": 0.1388611028,
    "incomeTaxExpense": 64310000,
    "netIncome": 104911000,
    "netIncomeRatio": 0.0860889438,
    "eps": 1.06,
    "epsdiluted": 1.04,
    "weightedAverageShsOut": 98808000,
    "weightedAverageShsOutDil": 101206000,
    "link": "https://www.sec.gov/Archives/edgar/data/866787/000086678702000067/0000866787-02-000067-index.htm",
    "finalLink": "https://www.sec.gov/Archives/edgar/data/866787/000086678702000067/tenqfin.htm"
  },
  {
    "date": "2002-08-31",
    "symbol": "AZO",
    "reportedCurrency": "USD",
    "cik": "0000866787",
    "fillingDate": "2002-10-31",
    "acceptedDate": "2002-10-30 18:42:57",
    "calendarYear": "2002",
    "period": "Q4",
    "revenue": 1843337000,
    "costOfRevenue": 1000970000,
    "grossProfit": 842367000,
    "grossProfitRatio": 0.4569793803,
    "researchAndDevelopmentExpenses": 0,
    "generalAndAdministrativeExpenses": 0,
    "sellingAndMarketingExpenses": 0,
    "sellingGeneralAndAdministrativeExpenses": 530445000,
    "otherExpenses": 0,
    "operatingExpenses": 530445000,
    "costAndExpenses": 1531415000,
    "interestIncome": 0,
    "interestExpense": 0,
    "depreciationAndAmortization": 35758000,
    "ebitda": 347680000,
    "ebitdaratio": 0.188614453,
    "operatingIncome": 311922000,
    "operatingIncomeRatio": 0.1692159383,
    "totalOtherIncomeExpensesNet": -24736000,
    "incomeBeforeTax": 287186000,
    "incomeBeforeTaxRatio": 0.1557967968,
    "incomeTaxExpense": 109200000,
    "netIncome": 177986000,
    "netIncomeRatio": 0.0965564083,
    "eps": 1.8,
    "epsdiluted": 1.76,
    "weightedAverageShsOut": 98808000,
    "weightedAverageShsOutDil": 101206000,
    "link": "https://www.sec.gov/Archives/edgar/data/866787/000095014402010940/0000950144-02-010940-index.htm",
    "finalLink": "https://www.sec.gov/Archives/edgar/data/866787/000095014402010940/g78922e10vk.htm"
  },
  {
    "date": "2002-05-04",
    "symbol": "AZO",
    "reportedCurrency": "USD",
    "cik": "0000866787",
    "fillingDate": "2002-06-07",
    "acceptedDate": "2002-06-07 14:34:02",
    "calendarYear": "2002",
    "period": "Q3",
    "revenue": 1224810000,
    "costOfRevenue": 682826000,
    "grossProfit": 541984000,
    "grossProfitRatio": 0.4425045517,
    "researchAndDevelopmentExpenses": 0,
    "generalAndAdministrativeExpenses": 0,
    "sellingAndMarketingExpenses": 0,
    "sellingGeneralAndAdministrativeExpenses": 359551000,
    "otherExpenses": 0,
    "operatingExpenses": 359551000,
    "costAndExpenses": 1042377000,
    "interestIncome": 0,
    "interestExpense": 0,
    "depreciationAndAmortization": 26404000,
    "ebitda": 208837000,
    "ebitdaratio": 0.1705056294,
    "operatingIncome": 182433000,
    "operatingIncomeRatio": 0.1489480001,
    "totalOtherIncomeExpensesNet": -17419000,
    "incomeBeforeTax": 165014000,
    "incomeBeforeTaxRatio": 0.1347262024,
    "incomeTaxExpense": 62700000,
    "netIncome": 102314000,
    "netIncomeRatio": 0.083534589,
    "eps": 0.98,
    "epsdiluted": 0.96,
    "weightedAverageShsOut": 103961000,
    "weightedAverageShsOutDil": 106644000,
    "link": "https://www.sec.gov/Archives/edgar/data/866787/000086678702000030/0000866787-02-000030-index.htm",
    "finalLink": "https://www.sec.gov/Archives/edgar/data/866787/000086678702000030/tenq.htm"
  },
  {
    "date": "2002-02-09",
    "symbol": "AZO",
    "reportedCurrency": "USD",
    "cik": "0000866787",
    "fillingDate": "2002-03-26",
    "acceptedDate": "2002-03-26 00:00:00",
    "calendarYear": "2002",
    "period": "Q2",
    "revenue": 1081311000,
    "costOfRevenue": 606411000,
    "grossProfit": 474900000,
    "grossProfitRatio": 0.4391890955,
    "researchAndDevelopmentExpenses": 0,
    "generalAndAdministrativeExpenses": 0,
    "sellingAndMarketingExpenses": 0,
    "sellingGeneralAndAdministrativeExpenses": 353751000,
    "otherExpenses": 0,
    "operatingExpenses": 353751000,
    "costAndExpenses": 960162000,
    "interestIncome": 0,
    "interestExpense": 0,
    "depreciationAndAmortization": 27924000,
    "ebitda": 149073000,
    "ebitdaratio": 0.1378632049,
    "operatingIncome": 121149000,
    "operatingIncomeRatio": 0.1120389971,
    "totalOtherIncomeExpensesNet": -18278000,
    "incomeBeforeTax": 102871000,
    "incomeBeforeTaxRatio": 0.0951354421,
    "incomeTaxExpense": 39100000,
    "netIncome": 63771000,
    "netIncomeRatio": 0.0589756324,
    "eps": 0.6,
    "epsdiluted": 0.58,
    "weightedAverageShsOut": 106846000,
    "weightedAverageShsOutDil": 109797000,
    "link": "https://www.sec.gov/Archives/edgar/data/866787/000086678702000020/0000866787-02-000020-index.htm",
    "finalLink": "https://www.sec.gov/Archives/edgar/data/866787/000086678702000020/formtenq.htm"
  },
  {
    "date": "2001-11-17",
    "symbol": "AZO",
    "reportedCurrency": "USD",
    "cik": "0000866787",
    "fillingDate": "2001-12-18",
    "acceptedDate": "2001-12-18 00:00:00",
    "calendarYear": "2002",
    "period": "Q1",
    "revenue": 1176052000,
    "costOfRevenue": 659916000,
    "grossProfit": 516136000,
    "grossProfitRatio": 0.4388717506,
    "researchAndDevelopmentExpenses": 0,
    "generalAndAdministrativeExpenses": 0,
    "sellingAndMarketingExpenses": 0,
    "sellingGeneralAndAdministrativeExpenses": 360632000,
    "otherExpenses": 0,
    "operatingExpenses": 360632000,
    "costAndExpenses": 1020548000,
    "interestIncome": 0,
    "interestExpense": 0,
    "depreciationAndAmortization": 28169000,
    "ebitda": 183673000,
    "ebitdaratio": 0.156177618,
    "operatingIncome": 155504000,
    "operatingIncomeRatio": 0.1322254458,
    "totalOtherIncomeExpensesNet": -19427000,
    "incomeBeforeTax": 136077000,
    "incomeBeforeTaxRatio": 0.1157066184,
    "incomeTaxExpense": 52000000,
    "netIncome": 84077000,
    "netIncomeRatio": 0.0714908865,
    "eps": 0.78,
    "epsdiluted": 0.76,
    "weightedAverageShsOut": 107984000,
    "weightedAverageShsOutDil": 110605000,
    "link": "https://www.sec.gov/Archives/edgar/data/866787/000095014401510107/0000950144-01-510107-index.htm",
    "finalLink": "https://www.sec.gov/Archives/edgar/data/866787/000095014401510107/g73365e10-q.htm"
  },
  {
    "date": "2001-08-25",
    "symbol": "AZO",
    "reportedCurrency": "USD",
    "cik": "0000866787",
    "fillingDate": "2001-11-16",
    "acceptedDate": "2001-11-16 00:00:00",
    "calendarYear": "2001",
    "period": "Q4",
    "revenue": 1640663000,
    "costOfRevenue": 1044544000,
    "grossProfit": 596119000,
    "grossProfitRatio": 0.3633403082,
    "researchAndDevelopmentExpenses": 0,
    "generalAndAdministrativeExpenses": 0,
    "sellingAndMarketingExpenses": 0,
    "sellingGeneralAndAdministrativeExpenses": 489347000,
    "otherExpenses": 34995000,
    "operatingExpenses": 524342000,
    "costAndExpenses": 1568886000,
    "interestIncome": 0,
    "interestExpense": 0,
    "depreciationAndAmortization": 39639000,
    "ebitda": 238105000,
    "ebitdaratio": 0.1451273052,
    "operatingIncome": 71777000,
    "operatingIncomeRatio": 0.0437487772,
    "totalOtherIncomeExpensesNet": -28300000,
    "incomeBeforeTax": 43477000,
    "incomeBeforeTaxRatio": 0.0264996529,
    "incomeTaxExpense": 17000000,
    "netIncome": 26477000,
    "netIncomeRatio": 0.0161379881,
    "eps": 0.25,
    "epsdiluted": 0.24,
    "weightedAverageShsOut": 107984000,
    "weightedAverageShsOutDil": 110605000,
    "link": "https://www.sec.gov/Archives/edgar/data/866787/000086678701500047/0000866787-01-500047-index.htm",
    "finalLink": "https://www.sec.gov/Archives/edgar/data/866787/000086678701500047/formtenk.htm"
  },
  {
    "date": "2001-05-05",
    "symbol": "AZO",
    "reportedCurrency": "USD",
    "cik": "0000866787",
    "fillingDate": "2001-06-01",
    "acceptedDate": "2001-06-01 00:00:00",
    "calendarYear": "2001",
    "period": "Q3",
    "revenue": 1139957000,
    "costOfRevenue": 626928000,
    "grossProfit": 513029000,
    "grossProfitRatio": 0.4500424139,
    "researchAndDevelopmentExpenses": 0,
    "generalAndAdministrativeExpenses": 0,
    "sellingAndMarketingExpenses": 0,
    "sellingGeneralAndAdministrativeExpenses": 354712000,
    "otherExpenses": 30451000,
    "operatingExpenses": 385163000,
    "costAndExpenses": 1012091000,
    "interestIncome": 0,
    "interestExpense": 0,
    "depreciationAndAmortization": 30451000,
    "ebitda": 158317000,
    "ebitdaratio": 0.1388797999,
    "operatingIncome": 127866000,
    "operatingIncomeRatio": 0.1121673888,
    "totalOtherIncomeExpensesNet": -23841000,
    "incomeBeforeTax": 104025000,
    "incomeBeforeTaxRatio": 0.091253442,
    "incomeTaxExpense": 40500000,
    "netIncome": 63525000,
    "netIncomeRatio": 0.0557257861,
    "eps": 0.57,
    "epsdiluted": 0.56,
    "weightedAverageShsOut": 112364000,
    "weightedAverageShsOutDil": 113037000,
    "link": "https://www.sec.gov/Archives/edgar/data/866787/000086678701500016/0000866787-01-500016-index.htm",
    "finalLink": "https://www.sec.gov/Archives/edgar/data/866787/000086678701500016/tenq.htm"
  },
  {
    "date": "2001-02-10",
    "symbol": "AZO",
    "reportedCurrency": "USD",
    "cik": "0000866787",
    "fillingDate": "2001-03-27",
    "acceptedDate": "2001-03-27 00:00:00",
    "calendarYear": "2001",
    "period": "Q2",
    "revenue": 973999000,
    "costOfRevenue": 545887000,
    "grossProfit": 428112000,
    "grossProfitRatio": 0.4395404923,
    "researchAndDevelopmentExpenses": 0,
    "generalAndAdministrativeExpenses": 0,
    "sellingAndMarketingExpenses": 0,
    "sellingGeneralAndAdministrativeExpenses": 320053000,
    "otherExpenses": 30779000,
    "operatingExpenses": 350832000,
    "costAndExpenses": 896719000,
    "interestIncome": 0,
    "interestExpense": 0,
    "depreciationAndAmortization": 30779000,
    "ebitda": 108059000,
    "ebitdaratio": 0.1109436457,
    "operatingIncome": 77280000,
    "operatingIncomeRatio": 0.0793429973,
    "totalOtherIncomeExpensesNet": -25544000,
    "incomeBeforeTax": 51736000,
    "incomeBeforeTaxRatio": 0.0531170977,
    "incomeTaxExpense": 20000000,
    "netIncome": 31736000,
    "netIncomeRatio": 0.0325831957,
    "eps": 0.28,
    "epsdiluted": 0.28,
    "weightedAverageShsOut": 113908000,
    "weightedAverageShsOutDil": 114496000,
    "link": "https://www.sec.gov/Archives/edgar/data/866787/000086678701500010/0000866787-01-500010-index.htm",
    "finalLink": "https://www.sec.gov/Archives/edgar/data/866787/000086678701500010/tenq.htm"
  },
  {
    "date": "2000-11-18",
    "symbol": "AZO",
    "reportedCurrency": "USD",
    "cik": "0000866787",
    "fillingDate": "2000-12-14",
    "acceptedDate": "2000-12-14 00:00:00",
    "calendarYear": "2001",
    "period": "Q1",
    "revenue": 1063566000,
    "costOfRevenue": 587537000,
    "grossProfit": 476029000,
    "grossProfitRatio": 0.4475782415,
    "researchAndDevelopmentExpenses": 0,
    "generalAndAdministrativeExpenses": 0,
    "sellingAndMarketingExpenses": 0,
    "sellingGeneralAndAdministrativeExpenses": 334797000,
    "otherExpenses": 30464000,
    "operatingExpenses": 365261000,
    "costAndExpenses": 952798000,
    "interestIncome": 0,
    "interestExpense": 0,
    "depreciationAndAmortization": 30464000,
    "ebitda": 141232000,
    "ebitdaratio": 0.1327910069,
    "operatingIncome": 110768000,
    "operatingIncomeRatio": 0.1041477445,
    "totalOtherIncomeExpensesNet": -22980000,
    "incomeBeforeTax": 87788000,
    "incomeBeforeTaxRatio": 0.0825411869,
    "incomeTaxExpense": 34000000,
    "netIncome": 53788000,
    "netIncomeRatio": 0.0505732601,
    "eps": 0.46,
    "epsdiluted": 0.46,
    "weightedAverageShsOut": 116717000,
    "weightedAverageShsOutDil": 117050000,
    "link": "https://www.sec.gov/Archives/edgar/data/866787/000086678700500026/0000866787-00-500026-index.htm",
    "finalLink": "https://www.sec.gov/Archives/edgar/data/866787/000086678700500026/ten_q.htm"
  },
  {
    "date": "2000-08-26",
    "symbol": "AZO",
    "reportedCurrency": "USD",
    "cik": "0000866787",
    "fillingDate": "2000-10-27",
    "acceptedDate": "2000-10-27 00:00:00",
    "calendarYear": "2000",
    "period": "Q4",
    "revenue": 1492645000,
    "costOfRevenue": 839477000,
    "grossProfit": 653168000,
    "grossProfitRatio": 0.4375909878,
    "researchAndDevelopmentExpenses": 0,
    "generalAndAdministrativeExpenses": 0,
    "sellingAndMarketingExpenses": 0,
    "sellingGeneralAndAdministrativeExpenses": 420874000,
    "otherExpenses": 32719000,
    "operatingExpenses": 453593000,
    "costAndExpenses": 1293070000,
    "interestIncome": 0,
    "interestExpense": 0,
    "depreciationAndAmortization": 32719000,
    "ebitda": 232294000,
    "ebitdaratio": 0.1556257516,
    "operatingIncome": 199575000,
    "operatingIncomeRatio": 0.1337056031,
    "totalOtherIncomeExpensesNet": -28355000,
    "incomeBeforeTax": 171220000,
    "incomeBeforeTaxRatio": 0.1147091237,
    "incomeTaxExpense": 66000000,
    "netIncome": 105220000,
    "netIncomeRatio": 0.070492314,
    "eps": 0.9,
    "epsdiluted": 0.9,
    "weightedAverageShsOut": 116717000,
    "weightedAverageShsOutDil": 117050000,
    "link": "https://www.sec.gov/Archives/edgar/data/866787/000086678700500019/0000866787-00-500019-index.htm",
    "finalLink": "https://www.sec.gov/Archives/edgar/data/866787/000086678700500019/tenk.htm"
  },
  {
    "date": "2000-05-06",
    "symbol": "AZO",
    "reportedCurrency": "USD",
    "cik": "0000866787",
    "fillingDate": "2000-06-20",
    "acceptedDate": "2000-06-20 00:00:00",
    "calendarYear": "2000",
    "period": "Q3",
    "revenue": 1059415000,
    "costOfRevenue": 576372000,
    "grossProfit": 483043000,
    "grossProfitRatio": 0.4559525776,
    "researchAndDevelopmentExpenses": 0,
    "generalAndAdministrativeExpenses": 0,
    "sellingAndMarketingExpenses": 0,
    "sellingGeneralAndAdministrativeExpenses": 323234000,
    "otherExpenses": 33125000,
    "operatingExpenses": 356359000,
    "costAndExpenses": 932731000,
    "interestIncome": 0,
    "interestExpense": 0,
    "depreciationAndAmortization": 33081000,
    "ebitda": 159809000,
    "ebitdaratio": 0.1508464577,
    "operatingIncome": 126684000,
    "operatingIncomeRatio": 0.1195792017,
    "totalOtherIncomeExpensesNet": -17419000,
    "incomeBeforeTax": 109265000,
    "incomeBeforeTaxRatio": 0.1031371087,
    "incomeTaxExpense": 42000000,
    "netIncome": 67265000,
    "netIncomeRatio": 0.0634925879,
    "eps": 0.5,
    "epsdiluted": 0.5,
    "weightedAverageShsOut": 134424000,
    "weightedAverageShsOutDil": 134424000,
    "link": "https://www.sec.gov/Archives/edgar/data/866787/000086678700500005/0000866787-00-500005-index.htm",
    "finalLink": "https://www.sec.gov/Archives/edgar/data/866787/000086678700500005/dirst.htm"
  },
  {
    "date": "2000-02-12",
    "symbol": "AZO",
    "reportedCurrency": "USD",
    "cik": "0000866787",
    "fillingDate": "2000-03-23",
    "acceptedDate": "2000-03-23 00:00:00",
    "calendarYear": "2000",
    "period": "Q2",
    "revenue": 924200000,
    "costOfRevenue": 504800000,
    "grossProfit": 419400000,
    "grossProfitRatio": 0.4537978792,
    "researchAndDevelopmentExpenses": 0,
    "generalAndAdministrativeExpenses": 0,
    "sellingAndMarketingExpenses": 0,
    "sellingGeneralAndAdministrativeExpenses": 308400000,
    "otherExpenses": 30900000,
    "operatingExpenses": 339300000,
    "costAndExpenses": 844100000,
    "interestIncome": 0,
    "interestExpense": 0,
    "depreciationAndAmortization": 30900000,
    "ebitda": 111000000,
    "ebitdaratio": 0.1201038736,
    "operatingIncome": 80100000,
    "operatingIncomeRatio": 0.086669552,
    "totalOtherIncomeExpensesNet": -16500000,
    "incomeBeforeTax": 63600000,
    "incomeBeforeTaxRatio": 0.0688162735,
    "incomeTaxExpense": 24500000,
    "netIncome": 39100000,
    "netIncomeRatio": 0.04230686,
    "eps": 0.28,
    "epsdiluted": 0.28,
    "weightedAverageShsOut": 139642857,
    "weightedAverageShsOutDil": 139642857,
    "link": "https://www.sec.gov/Archives/edgar/data/866787/000086678700000003/0000866787-00-000003-index.html",
    "finalLink": "https://www.sec.gov/Archives/edgar/data/866787/000086678700000003/"
  },
  {
    "date": "1999-11-20",
    "symbol": "AZO",
    "reportedCurrency": "USD",
    "cik": "0000866787",
    "fillingDate": "1999-12-29",
    "acceptedDate": "1999-12-29 00:00:00",
    "calendarYear": "2000",
    "period": "Q1",
    "revenue": 1006500000,
    "costOfRevenue": 554900000,
    "grossProfit": 451600000,
    "grossProfitRatio": 0.4486835569,
    "researchAndDevelopmentExpenses": 0,
    "generalAndAdministrativeExpenses": 0,
    "sellingAndMarketingExpenses": 0,
    "sellingGeneralAndAdministrativeExpenses": 315800000,
    "otherExpenses": 30100000,
    "operatingExpenses": 345900000,
    "costAndExpenses": 900800000,
    "interestIncome": 0,
    "interestExpense": 0,
    "depreciationAndAmortization": 30100000,
    "ebitda": 135800000,
    "ebitdaratio": 0.1349230005,
    "operatingIncome": 105700000,
    "operatingIncomeRatio": 0.105017387,
    "totalOtherIncomeExpensesNet": -14600000,
    "incomeBeforeTax": 91100000,
    "incomeBeforeTaxRatio": 0.0905116741,
    "incomeTaxExpense": 35100000,
    "netIncome": 56000000,
    "netIncomeRatio": 0.0556383507,
    "eps": 0.4,
    "epsdiluted": 0.4,
    "weightedAverageShsOut": 140000000,
    "weightedAverageShsOutDil": 140000000,
    "link": "https://www.sec.gov/Archives/edgar/data/866787/000086678799000023/0000866787-99-000023-index.html",
    "finalLink": "https://www.sec.gov/Archives/edgar/data/866787/000086678799000023/"
  },
  {
    "date": "1999-08-28",
    "symbol": "AZO",
    "reportedCurrency": "USD",
    "cik": "0000866787",
    "fillingDate": "1999-11-24",
    "acceptedDate": "1999-11-24 00:00:00",
    "calendarYear": "1999",
    "period": "Q4",
    "revenue": 1392700000,
    "costOfRevenue": 759300000,
    "grossProfit": 633400000,
    "grossProfitRatio": 0.4548000287,
    "researchAndDevelopmentExpenses": 0,
    "generalAndAdministrativeExpenses": 0,
    "sellingAndMarketingExpenses": 0,
    "sellingGeneralAndAdministrativeExpenses": 420800000,
    "otherExpenses": 40800000,
    "operatingExpenses": 461600000,
    "costAndExpenses": 1220900000,
    "interestIncome": 0,
    "interestExpense": 0,
    "depreciationAndAmortization": 40800000,
    "ebitda": 212600000,
    "ebitdaratio": 0.1526531198,
    "operatingIncome": 171800000,
    "operatingIncomeRatio": 0.123357507,
    "totalOtherIncomeExpensesNet": -15500000,
    "incomeBeforeTax": 156300000,
    "incomeBeforeTaxRatio": 0.1122280462,
    "incomeTaxExpense": 57600000,
    "netIncome": 98700000,
    "netIncomeRatio": 0.070869534,
    "eps": 0.7,
    "epsdiluted": 0.7,
    "weightedAverageShsOut": 140000000,
    "weightedAverageShsOutDil": 140000000,
    "link": "https://www.sec.gov/Archives/edgar/data/866787/000086678799000022/0000866787-99-000022-index.html",
    "finalLink": "https://www.sec.gov/Archives/edgar/data/866787/000086678799000022/0000866787-99-000022-d1.html"
  },
  {
    "date": "1999-05-08",
    "symbol": "AZO",
    "reportedCurrency": "USD",
    "cik": "0000866787",
    "fillingDate": "1999-06-22",
    "acceptedDate": "1999-06-22 00:00:00",
    "calendarYear": "1999",
    "period": "Q3",
    "revenue": 970236000,
    "costOfRevenue": 530328000,
    "grossProfit": 439908000,
    "grossProfitRatio": 0.4534030896,
    "researchAndDevelopmentExpenses": 0,
    "generalAndAdministrativeExpenses": 0,
    "sellingAndMarketingExpenses": 0,
    "sellingGeneralAndAdministrativeExpenses": 304621000,
    "otherExpenses": 30975000,
    "operatingExpenses": 335596000,
    "costAndExpenses": 865924000,
    "interestIncome": 0,
    "interestExpense": 0,
    "depreciationAndAmortization": 30950000,
    "ebitda": 135287000,
    "ebitdaratio": 0.1394372091,
    "operatingIncome": 104312000,
    "operatingIncomeRatio": 0.1075119868,
    "totalOtherIncomeExpensesNet": -11177000,
    "incomeBeforeTax": 93135000,
    "incomeBeforeTaxRatio": 0.0959921091,
    "incomeTaxExpense": 34400000,
    "netIncome": 58735000,
    "netIncomeRatio": 0.0605368178,
    "eps": 0.39,
    "epsdiluted": 0.39,
    "weightedAverageShsOut": 150729000,
    "weightedAverageShsOutDil": 150729000,
    "link": "https://www.sec.gov/Archives/edgar/data/866787/000086678799000006/0000866787-99-000006-index.html",
    "finalLink": "https://www.sec.gov/Archives/edgar/data/866787/000086678799000006/"
  },
  {
    "date": "1999-02-13",
    "symbol": "AZO",
    "reportedCurrency": "USD",
    "cik": "0000866787",
    "fillingDate": "1999-03-30",
    "acceptedDate": "1999-03-30 00:00:00",
    "calendarYear": "1999",
    "period": "Q2",
    "revenue": 852500000,
    "costOfRevenue": 470600000,
    "grossProfit": 381900000,
    "grossProfitRatio": 0.4479765396,
    "researchAndDevelopmentExpenses": 0,
    "generalAndAdministrativeExpenses": 0,
    "sellingAndMarketingExpenses": 0,
    "sellingGeneralAndAdministrativeExpenses": 286200000,
    "otherExpenses": 28400000,
    "operatingExpenses": 314600000,
    "costAndExpenses": 785200000,
    "interestIncome": 0,
    "interestExpense": 0,
    "depreciationAndAmortization": 28400000,
    "ebitda": 95700000,
    "ebitdaratio": 0.1122580645,
    "operatingIncome": 67300000,
    "operatingIncomeRatio": 0.0789442815,
    "totalOtherIncomeExpensesNet": -10300000,
    "incomeBeforeTax": 57000000,
    "incomeBeforeTaxRatio": 0.0668621701,
    "incomeTaxExpense": 21000000,
    "netIncome": 36000000,
    "netIncomeRatio": 0.042228739,
    "eps": 0.24,
    "epsdiluted": 0.24,
    "weightedAverageShsOut": 150000000,
    "weightedAverageShsOutDil": 150000000,
    "link": "https://www.sec.gov/Archives/edgar/data/866787/000086678799000003/0000866787-99-000003-index.html",
    "finalLink": "https://www.sec.gov/Archives/edgar/data/866787/"
  },
  {
    "date": "1998-11-21",
    "symbol": "AZO",
    "reportedCurrency": "USD",
    "cik": "0000866787",
    "fillingDate": "1999-01-05",
    "acceptedDate": "1999-01-05 00:00:00",
    "calendarYear": "1999",
    "period": "Q1",
    "revenue": 900900000,
    "costOfRevenue": 496200000,
    "grossProfit": 404700000,
    "grossProfitRatio": 0.4492174492,
    "researchAndDevelopmentExpenses": 0,
    "generalAndAdministrativeExpenses": 0,
    "sellingAndMarketingExpenses": 0,
    "sellingGeneralAndAdministrativeExpenses": 286700000,
    "otherExpenses": 28300000,
    "operatingExpenses": 315000000,
    "costAndExpenses": 811200000,
    "interestIncome": 0,
    "interestExpense": 0,
    "depreciationAndAmortization": 28300000,
    "ebitda": 118000000,
    "ebitdaratio": 0.130980131,
    "operatingIncome": 89700000,
    "operatingIncomeRatio": 0.0995670996,
    "totalOtherIncomeExpensesNet": -8400000,
    "incomeBeforeTax": 81300000,
    "incomeBeforeTaxRatio": 0.0902430902,
    "incomeTaxExpense": 30000000,
    "netIncome": 51300000,
    "netIncomeRatio": 0.0569430569,
    "eps": 0.34,
    "epsdiluted": 0.34,
    "weightedAverageShsOut": 150882353,
    "weightedAverageShsOutDil": 150882353,
    "link": "https://www.sec.gov/Archives/edgar/data/866787/000086678799000001/0000866787-99-000001-index.html",
    "finalLink": "https://www.sec.gov/Archives/edgar/data/866787/"
  },
  {
    "date": "1998-08-29",
    "symbol": "AZO",
    "reportedCurrency": "USD",
    "cik": "0000866787",
    "fillingDate": "1998-11-25",
    "acceptedDate": "1998-11-25 00:00:00",
    "calendarYear": "1998",
    "period": "Q4",
    "revenue": 1216900000,
    "costOfRevenue": 674800000,
    "grossProfit": 542100000,
    "grossProfitRatio": 0.44547621,
    "researchAndDevelopmentExpenses": 0,
    "generalAndAdministrativeExpenses": 0,
    "sellingAndMarketingExpenses": 0,
    "sellingGeneralAndAdministrativeExpenses": 352800000,
    "otherExpenses": 34100000,
    "operatingExpenses": 386900000,
    "costAndExpenses": 1061700000,
    "interestIncome": 0,
    "interestExpense": 0,
    "depreciationAndAmortization": 34100000,
    "ebitda": 189300000,
    "ebitdaratio": 0.1555592078,
    "operatingIncome": 155200000,
    "operatingIncomeRatio": 0.1275371846,
    "totalOtherIncomeExpensesNet": -8500000,
    "incomeBeforeTax": 146700000,
    "incomeBeforeTaxRatio": 0.1205522229,
    "incomeTaxExpense": 54600000,
    "netIncome": 92100000,
    "netIncomeRatio": 0.0756841154,
    "eps": 0.61,
    "epsdiluted": 0.61,
    "weightedAverageShsOut": 149980524,
    "weightedAverageShsOutDil": 150882353,
    "link": "https://www.sec.gov/Archives/edgar/data/866787/000086678798000022/0000866787-98-000022-index.html",
    "finalLink": "https://www.sec.gov/Archives/edgar/data/866787/"
  },
  {
    "date": "1998-05-09",
    "symbol": "AZO",
    "reportedCurrency": "USD",
    "cik": "0000866787",
    "fillingDate": "1998-06-23",
    "acceptedDate": "1998-06-23 00:00:00",
    "calendarYear": "1998",
    "period": "Q3",
    "revenue": 743700000,
    "costOfRevenue": 410200000,
    "grossProfit": 333500000,
    "grossProfitRatio": 0.4484335081,
    "researchAndDevelopmentExpenses": 0,
    "generalAndAdministrativeExpenses": 0,
    "sellingAndMarketingExpenses": 0,
    "sellingGeneralAndAdministrativeExpenses": 220600000,
    "otherExpenses": 22400000,
    "operatingExpenses": 243000000,
    "costAndExpenses": 653200000,
    "interestIncome": 0,
    "interestExpense": 0,
    "depreciationAndAmortization": 22400000,
    "ebitda": 112900000,
    "ebitdaratio": 0.1518085249,
    "operatingIncome": 90500000,
    "operatingIncomeRatio": 0.121688853,
    "totalOtherIncomeExpensesNet": -4300000,
    "incomeBeforeTax": 86200000,
    "incomeBeforeTaxRatio": 0.1159069517,
    "incomeTaxExpense": 32300000,
    "netIncome": 53900000,
    "netIncomeRatio": 0.0724754605,
    "eps": 0.35,
    "epsdiluted": 0.35,
    "weightedAverageShsOut": 154000000,
    "weightedAverageShsOutDil": 154000000,
    "link": "https://www.sec.gov/Archives/edgar/data/866787/000086678798000013/0000866787-98-000013-index.html",
    "finalLink": "https://www.sec.gov/Archives/edgar/data/866787/"
  },
  {
    "date": "1998-02-14",
    "symbol": "AZO",
    "reportedCurrency": "USD",
    "cik": "0000866787",
    "fillingDate": "1998-03-31",
    "acceptedDate": "1998-03-31 00:00:00",
    "calendarYear": "1998",
    "period": "Q2",
    "revenue": 607100000,
    "costOfRevenue": 332900000,
    "grossProfit": 274200000,
    "grossProfitRatio": 0.451655411,
    "researchAndDevelopmentExpenses": 0,
    "generalAndAdministrativeExpenses": 0,
    "sellingAndMarketingExpenses": 0,
    "sellingGeneralAndAdministrativeExpenses": 195600000,
    "otherExpenses": 20500000,
    "operatingExpenses": 216100000,
    "costAndExpenses": 549000000,
    "interestIncome": 0,
    "interestExpense": 0,
    "depreciationAndAmortization": 20500000,
    "ebitda": 78600000,
    "ebitdaratio": 0.1294679624,
    "operatingIncome": 58100000,
    "operatingIncomeRatio": 0.095700873,
    "totalOtherIncomeExpensesNet": -3000000,
    "incomeBeforeTax": 55100000,
    "incomeBeforeTaxRatio": 0.0907593477,
    "incomeTaxExpense": 20700000,
    "netIncome": 34400000,
    "netIncomeRatio": 0.0566628233,
    "eps": 0.23,
    "epsdiluted": 0.22,
    "weightedAverageShsOut": 149565217,
    "weightedAverageShsOutDil": 156363636,
    "link": "https://www.sec.gov/Archives/edgar/data/866787/000086678798000006/0000866787-98-000006-index.html",
    "finalLink": "https://www.sec.gov/Archives/edgar/data/866787/"
  },
  {
    "date": "1997-11-22",
    "symbol": "AZO",
    "reportedCurrency": "USD",
    "cik": "0000866787",
    "fillingDate": "1998-01-06",
    "acceptedDate": "1998-01-06 00:00:00",
    "calendarYear": "1998",
    "period": "Q1",
    "revenue": 675300000,
    "costOfRevenue": 375200000,
    "grossProfit": 300100000,
    "grossProfitRatio": 0.4443950837,
    "researchAndDevelopmentExpenses": 0,
    "generalAndAdministrativeExpenses": 0,
    "sellingAndMarketingExpenses": 0,
    "sellingGeneralAndAdministrativeExpenses": 201800000,
    "otherExpenses": 19600000,
    "operatingExpenses": 221400000,
    "costAndExpenses": 596600000,
    "interestIncome": 0,
    "interestExpense": 0,
    "depreciationAndAmortization": 19600000,
    "ebitda": 98300000,
    "ebitdaratio": 0.1455649341,
    "operatingIncome": 78700000,
    "operatingIncomeRatio": 0.1165407967,
    "totalOtherIncomeExpensesNet": -2600000,
    "incomeBeforeTax": 76100000,
    "incomeBeforeTaxRatio": 0.112690656,
    "incomeTaxExpense": 28600000,
    "netIncome": 47500000,
    "netIncomeRatio": 0.0703391085,
    "eps": 0.31,
    "epsdiluted": 0.31,
    "weightedAverageShsOut": 153225806,
    "weightedAverageShsOutDil": 153225806,
    "link": "https://www.sec.gov/Archives/edgar/data/866787/000086678798000002/0000866787-98-000002-index.html",
    "finalLink": "https://www.sec.gov/Archives/edgar/data/866787/"
  },
  {
    "date": "1997-08-30",
    "symbol": "AZO",
    "reportedCurrency": "USD",
    "cik": "0000866787",
    "fillingDate": "1997-11-06",
    "acceptedDate": "1997-11-06 00:00:00",
    "calendarYear": "1997",
    "period": "Q4",
    "revenue": 946300000,
    "costOfRevenue": 526300000,
    "grossProfit": 420000000,
    "grossProfitRatio": 0.4438338793,
    "researchAndDevelopmentExpenses": 0,
    "generalAndAdministrativeExpenses": 0,
    "sellingAndMarketingExpenses": 0,
    "sellingGeneralAndAdministrativeExpenses": 262500000,
    "otherExpenses": 24200000,
    "operatingExpenses": 286700000,
    "costAndExpenses": 813000000,
    "interestIncome": 0,
    "interestExpense": 0,
    "depreciationAndAmortization": 24200000,
    "ebitda": 157500000,
    "ebitdaratio": 0.1664377047,
    "operatingIncome": 133300000,
    "operatingIncomeRatio": 0.1408644193,
    "totalOtherIncomeExpensesNet": -2800000,
    "incomeBeforeTax": 130500000,
    "incomeBeforeTaxRatio": 0.1379055268,
    "incomeTaxExpense": 49000000,
    "netIncome": 81500000,
    "netIncomeRatio": 0.0861249075,
    "eps": 0.53,
    "epsdiluted": 0.53,
    "weightedAverageShsOut": 153225806,
    "weightedAverageShsOutDil": 153225806,
    "link": "https://www.sec.gov/Archives/edgar/data/866787/000086678797000010/0000866787-97-000010-index.html",
    "finalLink": "https://www.sec.gov/Archives/edgar/data/866787/"
  },
  {
    "date": "1997-05-10",
    "symbol": "AZO",
    "reportedCurrency": "USD",
    "cik": "0000866787",
    "fillingDate": "1997-06-23",
    "acceptedDate": "1997-06-23 00:00:00",
    "calendarYear": "1997",
    "period": "Q3",
    "revenue": 637900000,
    "costOfRevenue": 350800000,
    "grossProfit": 287100000,
    "grossProfitRatio": 0.450070544,
    "researchAndDevelopmentExpenses": 0,
    "generalAndAdministrativeExpenses": 0,
    "sellingAndMarketingExpenses": 0,
    "sellingGeneralAndAdministrativeExpenses": 192200000,
    "otherExpenses": 18100000,
    "operatingExpenses": 210300000,
    "costAndExpenses": 561100000,
    "interestIncome": 0,
    "interestExpense": 0,
    "depreciationAndAmortization": 18100000,
    "ebitda": 94900000,
    "ebitdaratio": 0.1487693996,
    "operatingIncome": 76800000,
    "operatingIncomeRatio": 0.1203950462,
    "totalOtherIncomeExpensesNet": -2700000,
    "incomeBeforeTax": 74100000,
    "incomeBeforeTaxRatio": 0.1161624079,
    "incomeTaxExpense": 28000000,
    "netIncome": 46100000,
    "netIncomeRatio": 0.0722683806,
    "eps": 0.31,
    "epsdiluted": 0.3,
    "weightedAverageShsOut": 148709677,
    "weightedAverageShsOutDil": 153666667,
    "link": "https://www.sec.gov/Archives/edgar/data/866787/000086678797000008/0000866787-97-000008-index.html",
    "finalLink": "https://www.sec.gov/Archives/edgar/data/866787/"
  },
  {
    "date": "1997-02-15",
    "symbol": "AZO",
    "reportedCurrency": "USD",
    "cik": "0000866787",
    "fillingDate": "1997-04-01",
    "acceptedDate": "1997-04-01 00:00:00",
    "calendarYear": "1997",
    "period": "Q2",
    "revenue": 538000000,
    "costOfRevenue": 293100000,
    "grossProfit": 244900000,
    "grossProfitRatio": 0.455204461,
    "researchAndDevelopmentExpenses": 0,
    "generalAndAdministrativeExpenses": 0,
    "sellingAndMarketingExpenses": 0,
    "sellingGeneralAndAdministrativeExpenses": 177700000,
    "otherExpenses": 18000000,
    "operatingExpenses": 195700000,
    "costAndExpenses": 488800000,
    "interestIncome": 0,
    "interestExpense": 0,
    "depreciationAndAmortization": 18000000,
    "ebitda": 67200000,
    "ebitdaratio": 0.1249070632,
    "operatingIncome": 49200000,
    "operatingIncomeRatio": 0.0914498141,
    "totalOtherIncomeExpensesNet": -2100000,
    "incomeBeforeTax": 47100000,
    "incomeBeforeTaxRatio": 0.0875464684,
    "incomeTaxExpense": 17700000,
    "netIncome": 29400000,
    "netIncomeRatio": 0.0546468401,
    "eps": 0.2,
    "epsdiluted": 0.19,
    "weightedAverageShsOut": 147000000,
    "weightedAverageShsOutDil": 154736842,
    "link": "https://www.sec.gov/Archives/edgar/data/866787/000095014497003658/0000950144-97-003658-index.html",
    "finalLink": "https://www.sec.gov/Archives/edgar/data/866787/"
  },
  {
    "date": "1996-11-23",
    "symbol": "AZO",
    "reportedCurrency": "USD",
    "cik": "0000866787",
    "fillingDate": "1997-01-06",
    "acceptedDate": "1997-01-06 00:00:00",
    "calendarYear": "1997",
    "period": "Q1",
    "revenue": 569100000,
    "costOfRevenue": 311400000,
    "grossProfit": 257700000,
    "grossProfitRatio": 0.4528202425,
    "researchAndDevelopmentExpenses": 0,
    "generalAndAdministrativeExpenses": 0,
    "sellingAndMarketingExpenses": 0,
    "sellingGeneralAndAdministrativeExpenses": 178400000,
    "otherExpenses": 17500000,
    "operatingExpenses": 195900000,
    "costAndExpenses": 507300000,
    "interestIncome": 0,
    "interestExpense": 0,
    "depreciationAndAmortization": 17500000,
    "ebitda": 79300000,
    "ebitdaratio": 0.139342822,
    "operatingIncome": 61800000,
    "operatingIncomeRatio": 0.1085925145,
    "totalOtherIncomeExpensesNet": -1000000,
    "incomeBeforeTax": 60800000,
    "incomeBeforeTaxRatio": 0.1068353541,
    "incomeTaxExpense": 22800000,
    "netIncome": 38000000,
    "netIncomeRatio": 0.0667720963,
    "eps": 0.25,
    "epsdiluted": 0.25,
    "weightedAverageShsOut": 152000000,
    "weightedAverageShsOutDil": 152000000,
    "link": "https://www.sec.gov/Archives/edgar/data/866787/000095014497000074/0000950144-97-000074-index.html",
    "finalLink": "https://www.sec.gov/Archives/edgar/data/866787/"
  },
  {
    "date": "1996-08-31",
    "symbol": "AZO",
    "reportedCurrency": "USD",
    "cik": "0000866787",
    "fillingDate": "1996-11-27",
    "acceptedDate": "1996-11-27 00:00:00",
    "calendarYear": "1996",
    "period": "Q4",
    "revenue": 829600000,
    "costOfRevenue": 457300000,
    "grossProfit": 372300000,
    "grossProfitRatio": 0.4487704918,
    "researchAndDevelopmentExpenses": 0,
    "generalAndAdministrativeExpenses": 0,
    "sellingAndMarketingExpenses": 0,
    "sellingGeneralAndAdministrativeExpenses": 240600000,
    "otherExpenses": 22000000,
    "operatingExpenses": 262600000,
    "costAndExpenses": 719900000,
    "interestIncome": 0,
    "interestExpense": 0,
    "depreciationAndAmortization": 22000000,
    "ebitda": 131700000,
    "ebitdaratio": 0.1587512054,
    "operatingIncome": 109700000,
    "operatingIncomeRatio": 0.1322324012,
    "totalOtherIncomeExpensesNet": -1200000,
    "incomeBeforeTax": 108500000,
    "incomeBeforeTaxRatio": 0.1307859209,
    "incomeTaxExpense": 41000000,
    "netIncome": 67500000,
    "netIncomeRatio": 0.081364513,
    "eps": 0.59,
    "epsdiluted": 0.59,
    "weightedAverageShsOut": 115337257,
    "weightedAverageShsOutDil": 115337257,
    "link": "https://www.sec.gov/Archives/edgar/data/866787/000095014496008757/0000950144-96-008757-index.html",
    "finalLink": "https://www.sec.gov/Archives/edgar/data/866787/"
  },
  {
    "date": "1996-05-04",
    "symbol": "AZO",
    "reportedCurrency": "USD",
    "cik": "0000866787",
    "fillingDate": "1996-05-20",
    "acceptedDate": "1996-05-20 00:00:00",
    "calendarYear": "1996",
    "period": "Q3",
    "revenue": 524200000,
    "costOfRevenue": 293500000,
    "grossProfit": 230700000,
    "grossProfitRatio": 0.4400991988,
    "researchAndDevelopmentExpenses": 0,
    "generalAndAdministrativeExpenses": 0,
    "sellingAndMarketingExpenses": 0,
    "sellingGeneralAndAdministrativeExpenses": 155100000,
    "otherExpenses": 15100000,
    "operatingExpenses": 170200000,
    "costAndExpenses": 463700000,
    "interestIncome": 0,
    "interestExpense": 0,
    "depreciationAndAmortization": 15100000,
    "ebitda": 75600000,
    "ebitdaratio": 0.1442197634,
    "operatingIncome": 60500000,
    "operatingIncomeRatio": 0.1154139641,
    "totalOtherIncomeExpensesNet": -800000,
    "incomeBeforeTax": 59700000,
    "incomeBeforeTaxRatio": 0.1138878291,
    "incomeTaxExpense": 22100000,
    "netIncome": 37600000,
    "netIncomeRatio": 0.071728348,
    "eps": 0.25,
    "epsdiluted": 0.25,
    "weightedAverageShsOut": 150400000,
    "weightedAverageShsOutDil": 150400000,
    "link": "https://www.sec.gov/Archives/edgar/data/866787/0000912057-96-010324-index.html",
    "finalLink": "https://www.sec.gov/Archives/edgar/data/866787/0000912057-96-010324.txt"
  },
  {
    "date": "1996-02-29",
    "symbol": "AZO",
    "reportedCurrency": "USD",
    "cik": "0000866787",
    "fillingDate": "1996-02-29",
    "acceptedDate": "1996-02-29 00:00:00",
    "calendarYear": "1996",
    "period": "Q2",
    "revenue": 425800000,
    "costOfRevenue": 236100000,
    "grossProfit": 189700000,
    "grossProfitRatio": 0.445514326,
    "researchAndDevelopmentExpenses": 0,
    "generalAndAdministrativeExpenses": 0,
    "sellingAndMarketingExpenses": 0,
    "sellingGeneralAndAdministrativeExpenses": 132600000,
    "otherExpenses": 13700000,
    "operatingExpenses": 146300000,
    "costAndExpenses": 382400000,
    "interestIncome": 0,
    "interestExpense": 0,
    "depreciationAndAmortization": 13700000,
    "ebitda": 57100000,
    "ebitdaratio": 0.1341005167,
    "operatingIncome": 43400000,
    "operatingIncomeRatio": 0.1019257868,
    "totalOtherIncomeExpensesNet": 0,
    "incomeBeforeTax": 43400000,
    "incomeBeforeTaxRatio": 0.1019257868,
    "incomeTaxExpense": 16100000,
    "netIncome": 27300000,
    "netIncomeRatio": 0.0641146078,
    "eps": 0.18,
    "epsdiluted": 0.18,
    "weightedAverageShsOut": 151666667,
    "weightedAverageShsOutDil": 151666667,
    "link": null,
    "finalLink": null
  },
  {
    "date": "1995-11-30",
    "symbol": "AZO",
    "reportedCurrency": "USD",
    "cik": "0000866787",
    "fillingDate": "1995-11-30",
    "acceptedDate": "1995-11-30 00:00:00",
    "calendarYear": "1996",
    "period": "Q1",
    "revenue": 463000000,
    "costOfRevenue": 257100000,
    "grossProfit": 205900000,
    "grossProfitRatio": 0.4447084233,
    "researchAndDevelopmentExpenses": 0,
    "generalAndAdministrativeExpenses": 0,
    "sellingAndMarketingExpenses": 0,
    "sellingGeneralAndAdministrativeExpenses": 137800000,
    "otherExpenses": 12700000,
    "operatingExpenses": 150500000,
    "costAndExpenses": 407600000,
    "interestIncome": 0,
    "interestExpense": 0,
    "depreciationAndAmortization": 12700000,
    "ebitda": 68100000,
    "ebitdaratio": 0.1470842333,
    "operatingIncome": 55400000,
    "operatingIncomeRatio": 0.1196544276,
    "totalOtherIncomeExpensesNet": 0,
    "incomeBeforeTax": 55400000,
    "incomeBeforeTaxRatio": 0.1196544276,
    "incomeTaxExpense": 20600000,
    "netIncome": 34800000,
    "netIncomeRatio": 0.075161987,
    "eps": 0.23,
    "epsdiluted": 0.23,
    "weightedAverageShsOut": 151304348,
    "weightedAverageShsOutDil": 151304348,
    "link": null,
    "finalLink": null
  }
]