[
  {
    "date": "2025-08-30",
    "symbol": "AZO",
    "reportedCurrency": "USD",
    "cik": "0000866787",
    "fillingDate": "2025-09-23",
    "acceptedDate": "2025-09-23 02:55:28",
    "calendarYear": "2025",
    "period": "FY",
    "revenue": 18938717000,
    "costOfRevenue": 8972243000,
    "grossProfit": 9966474000,
    "grossProfitRatio": 0.5262486366,
    "researchAndDevelopmentExpenses": 0,
    "generalAndAdministrativeExpenses": 0,
    "sellingAndMarketingExpenses": 0,
    "sellingGeneralAndAdministrativeExpenses": 6356318000,
    "otherExpenses": 0,
    "operatingExpenses": 6356318000,
    "costAndExpenses": 15328561000,
    "interestIncome": 0,
    "interestExpense": 475824000,
    "depreciationAndAmortization": 613199000,
    "ebitda": 4223355000,
    "ebitdaratio": 0.2230011146,
    "operatingIncome": 3610156000,
    "operatingIncomeRatio": 0.1906230501,
    "totalOtherIncomeExpensesNet": -475824000,
    "incomeBeforeTax": 3134332000,
    "incomeBeforeTaxRatio": 0.1654986449,
    "incomeTaxExpense": 636085000,
    "netIncome": 2498247000,
    "netIncomeRatio": 0.1319121565,
    "eps": 148.8,
    "epsdiluted": 144.87,
    "weightedAverageShsOut": 16789000,
    "weightedAverageShsOutDil": 17245000,
    "link": "https://www.sec.gov/Archives/edgar/data/866787/000117184325006024/0001171843-25-006024-index.htm",
    "finalLink": "https://www.sec.gov/Archives/edgar/data/866787/000117184325006024/exh_991.htm"
  },
  {
    "date": "2024-08-31",
    "symbol": "AZO",
    "reportedCurrency": "USD",
    "cik": "0000866787",
    "fillingDate": "2024-10-28",
    "acceptedDate": "2024-10-28 16:54:30",
    "calendarYear": "2024",
    "period": "FY",
    "revenue": 18490268000,
    "costOfRevenue": 8673216000,
    "grossProfit": 9817052000,
    "grossProfitRatio": 0.5309307577,
    "researchAndDevelopmentExpenses": 0,
    "generalAndAdministrativeExpenses": 0,
    "sellingAndMarketingExpenses": 0,
    "sellingGeneralAndAdministrativeExpenses": 6028344000,
    "otherExpenses": 0,
    "operatingExpenses": 6028344000,
    "costAndExpenses": 14701560000,
    "interestIncome": 11312000,
    "interestExpense": 460590000,
    "depreciationAndAmortization": 549755000,
    "ebitda": 4349775000,
    "ebitdaratio": 0.2352467255,
    "operatingIncome": 3788708000,
    "operatingIncomeRatio": 0.204902817,
    "totalOtherIncomeExpensesNet": -451578000,
    "incomeBeforeTax": 3337130000,
    "incomeBeforeTaxRatio": 0.1804803478,
    "incomeTaxExpense": 674703000,
    "netIncome": 2662427000,
    "netIncomeRatio": 0.1439907199,
    "eps": 153.82,
    "epsdiluted": 149.55,
    "weightedAverageShsOut": 17309000,
    "weightedAverageShsOutDil": 17803000,
    "link": "https://www.sec.gov/Archives/edgar/data/866787/000155837024013758/0001558370-24-013758-index.htm",
    "finalLink": "https://www.sec.gov/Archives/edgar/data/866787/000155837024013758/azo-20240831x10k.htm"
  },
  {
    "date": "2023-08-26",
    "symbol": "AZO",
    "reportedCurrency": "USD",
    "cik": "0000866787",
    "fillingDate": "2023-10-24",
    "acceptedDate": "2023-10-24 16:50:30",
    "calendarYear": "2023",
    "period": "FY",
    "revenue": 17457209000,
    "costOfRevenue": 8386787000,
    "grossProfit": 9070422000,
    "grossProfitRatio": 0.5195803063,
    "researchAndDevelopmentExpenses": 0,
    "generalAndAdministrativeExpenses": 0,
    "sellingAndMarketingExpenses": 0,
    "sellingGeneralAndAdministrativeExpenses": 5596436000,
    "otherExpenses": 0,
    "operatingExpenses": 5596436000,
    "costAndExpenses": 13983223000,
    "interestIncome": 12054000,
    "interestExpense": 315626000,
    "depreciationAndAmortization": 497577000,
    "ebitda": 3983617000,
    "ebitdaratio": 0.2281932352,
    "operatingIncome": 3473986000,
    "operatingIncomeRatio": 0.1990000807,
    "totalOtherIncomeExpensesNet": -306372000,
    "incomeBeforeTax": 3167614000,
    "incomeBeforeTaxRatio": 0.1814501963,
    "incomeTaxExpense": 639188000,
    "netIncome": 2528426000,
    "netIncomeRatio": 0.1448356378,
    "eps": 136.6,
    "epsdiluted": 132.36,
    "weightedAverageShsOut": 18510000,
    "weightedAverageShsOutDil": 19103000,
    "link": "https://www.sec.gov/Archives/edgar/data/866787/000155837023016668/0001558370-23-016668-index.htm",
    "finalLink": "https://www.sec.gov/Archives/edgar/data/866787/000155837023016668/azo-20230826x10k.htm"
  },
  {
    "date": "2022-08-27",
    "symbol": "AZO",
    "reportedCurrency": "USD",
    "cik": "0000866787",
    "fillingDate": "2022-10-24",
    "acceptedDate": "2022-10-24 17:21:06",
    "calendarYear": "2022",
    "period": "FY",
    "revenue": 16252230000,
    "costOfRevenue": 7779580000,
    "grossProfit": 8472650000,
    "grossProfitRatio": 0.5213223047,
    "researchAndDevelopmentExpenses": 0,
    "generalAndAdministrativeExpenses": 0,
    "sellingAndMarketingExpenses": 0,
    "sellingGeneralAndAdministrativeExpenses": 5201921000,
    "otherExpenses": 0,
    "operatingExpenses": 5201921000,
    "costAndExpenses": 12981501000,
    "interestIncome": 6048000,
    "interestExpense": 194086000,
    "depreciationAndAmortization": 442223000,
    "ebitda": 3719000000,
    "ebitdaratio": 0.2288301359,
    "operatingIncome": 3270729000,
    "operatingIncomeRatio": 0.2012480133,
    "totalOtherIncomeExpensesNet": -191638000,
    "incomeBeforeTax": 3079091000,
    "incomeBeforeTaxRatio": 0.1894565238,
    "incomeTaxExpense": 649487000,
    "netIncome": 2429604000,
    "netIncomeRatio": 0.1494935772,
    "eps": 120.83,
    "epsdiluted": 117.19,
    "weightedAverageShsOut": 20107000,
    "weightedAverageShsOutDil": 20733000,
    "link": "https://www.sec.gov/Archives/edgar/data/866787/000155837022015239/0001558370-22-015239-index.htm",
    "finalLink": "https://www.sec.gov/Archives/edgar/data/866787/000155837022015239/azo-20220827x10k.htm"
  },
  {
    "date": "2021-08-28",
    "symbol": "AZO",
    "reportedCurrency": "USD",
    "cik": "0000866787",
    "fillingDate": "2021-10-25",
    "acceptedDate": "2021-10-25 16:25:55",
    "calendarYear": "2021",
    "period": "FY",
    "revenue": 14629585000,
    "costOfRevenue": 6911800000,
    "grossProfit": 7717785000,
    "grossProfitRatio": 0.5275464068,
    "researchAndDevelopmentExpenses": 0,
    "generalAndAdministrativeExpenses": 0,
    "sellingAndMarketingExpenses": 0,
    "sellingGeneralAndAdministrativeExpenses": 4773258000,
    "otherExpenses": 0,
    "operatingExpenses": 4773258000,
    "costAndExpenses": 11685058000,
    "interestIncome": 5417000,
    "interestExpense": 197054000,
    "depreciationAndAmortization": 407683000,
    "ebitda": 3357627000,
    "ebitdaratio": 0.2295093812,
    "operatingIncome": 2944527000,
    "operatingIncomeRatio": 0.2012720798,
    "totalOtherIncomeExpensesNet": -195337000,
    "incomeBeforeTax": 2749190000,
    "incomeBeforeTaxRatio": 0.1879198897,
    "incomeTaxExpense": 578876000,
    "netIncome": 2170314000,
    "netIncomeRatio": 0.1483510298,
    "eps": 97.6,
    "epsdiluted": 95.19,
    "weightedAverageShsOut": 22237000,
    "weightedAverageShsOutDil": 22799000,
    "link": "https://www.sec.gov/Archives/edgar/data/866787/000155837021013446/0001558370-21-013446-index.htm",
    "finalLink": "https://www.sec.gov/Archives/edgar/data/866787/000155837021013446/azo-20210828x10k.htm"
  },
  {
    "date": "2020-08-29",
    "symbol": "AZO",
    "reportedCurrency": "USD",
    "cik": "0000866787",
    "fillingDate": "2020-10-26",
    "acceptedDate": "2020-10-26 17:26:03",
    "calendarYear": "2020",
    "period": "FY",
    "revenue": 12631967000,
    "costOfRevenue": 5861214000,
    "grossProfit": 6770753000,
    "grossProfitRatio": 0.5360014794,
    "researchAndDevelopmentExpenses": 0,
    "generalAndAdministrativeExpenses": 0,
    "sellingAndMarketingExpenses": 0,
    "sellingGeneralAndAdministrativeExpenses": 4353074000,
    "otherExpenses": 0,
    "operatingExpenses": 4353074000,
    "costAndExpenses": 10214288000,
    "interestIncome": 5689000,
    "interestExpense": 204254000,
    "depreciationAndAmortization": 397466000,
    "ebitda": 2820834000,
    "ebitdaratio": 0.2233091648,
    "operatingIncome": 2417679000,
    "operatingIncomeRatio": 0.1913937077,
    "totalOtherIncomeExpensesNet": -201165000,
    "incomeBeforeTax": 2216514000,
    "incomeBeforeTaxRatio": 0.1754686345,
    "incomeTaxExpense": 483542000,
    "netIncome": 1732972000,
    "netIncomeRatio": 0.1371894021,
    "eps": 73.62,
    "epsdiluted": 71.93,
    "weightedAverageShsOut": 23540000,
    "weightedAverageShsOutDil": 24093000,
    "link": "https://www.sec.gov/Archives/edgar/data/866787/000155837020011748/0001558370-20-011748-index.htm",
    "finalLink": "https://www.sec.gov/Archives/edgar/data/866787/000155837020011748/azo-20200829x10k.htm"
  },
  {
    "date": "2019-08-31",
    "symbol": "AZO",
    "reportedCurrency": "USD",
    "cik": "0000866787",
    "fillingDate": "2019-10-28",
    "acceptedDate": "2019-10-28 16:12:58",
    "calendarYear": "2019",
    "period": "FY",
    "revenue": 11863743000,
    "costOfRevenue": 5498742000,
    "grossProfit": 6365001000,
    "grossProfitRatio": 0.5365086718,
    "researchAndDevelopmentExpenses": 0,
    "generalAndAdministrativeExpenses": 0,
    "sellingAndMarketingExpenses": 0,
    "sellingGeneralAndAdministrativeExpenses": 4148864000,
    "otherExpenses": 0,
    "operatingExpenses": 4148864000,
    "costAndExpenses": 9647606000,
    "interestIncome": 7396000,
    "interestExpense": 190000000,
    "depreciationAndAmortization": 369957000,
    "ebitda": 2593490000,
    "ebitdaratio": 0.2186063875,
    "operatingIncome": 2216137000,
    "operatingIncomeRatio": 0.1867991409,
    "totalOtherIncomeExpensesNet": -184804000,
    "incomeBeforeTax": 2031333000,
    "incomeBeforeTaxRatio": 0.1712219322,
    "incomeTaxExpense": 414112000,
    "netIncome": 1617221000,
    "netIncomeRatio": 0.1363162536,
    "eps": 64.78,
    "epsdiluted": 63.43,
    "weightedAverageShsOut": 24966000,
    "weightedAverageShsOutDil": 25498000,
    "link": "https://www.sec.gov/Archives/edgar/data/866787/000119312519276201/0001193125-19-276201-index.htm",
    "finalLink": "https://www.sec.gov/Archives/edgar/data/866787/000119312519276201/d771460d10k.htm"
  },
  {
    "date": "2018-08-25",
    "symbol": "AZO",
    "reportedCurrency": "USD",
    "cik": "0000866787",
    "fillingDate": "2018-10-24",
    "acceptedDate": "2018-10-24 16:55:13",
    "calendarYear": "2018",
    "period": "FY",
    "revenue": 11221077000,
    "costOfRevenue": 5247331000,
    "grossProfit": 5973746000,
    "grossProfitRatio": 0.5323683279,
    "researchAndDevelopmentExpenses": 0,
    "generalAndAdministrativeExpenses": 0,
    "sellingAndMarketingExpenses": 0,
    "sellingGeneralAndAdministrativeExpenses": 4162890000,
    "otherExpenses": 0,
    "operatingExpenses": 4162890000,
    "costAndExpenses": 9410221000,
    "interestIncome": 5636000,
    "interestExpense": 177963000,
    "depreciationAndAmortization": 345084000,
    "ebitda": 2161576000,
    "ebitdaratio": 0.1926353415,
    "operatingIncome": 1810856000,
    "operatingIncomeRatio": 0.1613798747,
    "totalOtherIncomeExpensesNet": -174527000,
    "incomeBeforeTax": 1636329000,
    "incomeBeforeTaxRatio": 0.1458263766,
    "incomeTaxExpense": 298793000,
    "netIncome": 1337536000,
    "netIncomeRatio": 0.1191985404,
    "eps": 49.59,
    "epsdiluted": 48.77,
    "weightedAverageShsOut": 26970000,
    "weightedAverageShsOutDil": 27424000,
    "link": "https://www.sec.gov/Archives/edgar/data/866787/000119312518306452/0001193125-18-306452-index.htm",
    "finalLink": "https://www.sec.gov/Archives/edgar/data/866787/000119312518306452/d597971d10k.htm"
  },
  {
    "date": "2017-08-26",
    "symbol": "AZO",
    "reportedCurrency": "USD",
    "cik": "0000866787",
    "fillingDate": "2017-10-25",
    "acceptedDate": "2017-10-25 16:40:07",
    "calendarYear": "2017",
    "period": "FY",
    "revenue": 10888676000,
    "costOfRevenue": 5149056000,
    "grossProfit": 5739620000,
    "grossProfitRatio": 0.5271182649,
    "researchAndDevelopmentExpenses": 0,
    "generalAndAdministrativeExpenses": 0,
    "sellingAndMarketingExpenses": 0,
    "sellingGeneralAndAdministrativeExpenses": 3659551000,
    "otherExpenses": 0,
    "operatingExpenses": 3659551000,
    "costAndExpenses": 8808607000,
    "interestIncome": 3502000,
    "interestExpense": 155882000,
    "depreciationAndAmortization": 323051000,
    "ebitda": 2406622000,
    "ebitdaratio": 0.2210206273,
    "operatingIncome": 2080069000,
    "operatingIncomeRatio": 0.1910304797,
    "totalOtherIncomeExpensesNet": -154580000,
    "incomeBeforeTax": 1925489000,
    "incomeBeforeTaxRatio": 0.1768340797,
    "incomeTaxExpense": 644620000,
    "netIncome": 1280869000,
    "netIncomeRatio": 0.1176331264,
    "eps": 45.05,
    "epsdiluted": 44.07,
    "weightedAverageShsOut": 28430000,
    "weightedAverageShsOutDil": 29065000,
    "link": "https://www.sec.gov/Archives/edgar/data/866787/000119312517319357/0001193125-17-319357-index.htm",
    "finalLink": "https://www.sec.gov/Archives/edgar/data/866787/000119312517319357/d447746d10k.htm"
  },
  {
    "date": "2016-08-27",
    "symbol": "AZO",
    "reportedCurrency": "USD",
    "cik": "0000866787",
    "fillingDate": "2016-10-24",
    "acceptedDate": "2016-10-24 16:35:15",
    "calendarYear": "2016",
    "period": "FY",
    "revenue": 10635676000,
    "costOfRevenue": 5026940000,
    "grossProfit": 5608736000,
    "grossProfitRatio": 0.5273511529,
    "researchAndDevelopmentExpenses": 0,
    "generalAndAdministrativeExpenses": 0,
    "sellingAndMarketingExpenses": 0,
    "sellingGeneralAndAdministrativeExpenses": 3548341000,
    "otherExpenses": 0,
    "operatingExpenses": 3548341000,
    "costAndExpenses": 8575281000,
    "interestIncome": 2371000,
    "interestExpense": 148252000,
    "depreciationAndAmortization": 297397000,
    "ebitda": 2360163000,
    "ebitdaratio": 0.2219100131,
    "operatingIncome": 2060395000,
    "operatingIncomeRatio": 0.1937248747,
    "totalOtherIncomeExpensesNet": -147681000,
    "incomeBeforeTax": 1912714000,
    "incomeBeforeTaxRatio": 0.1798394385,
    "incomeTaxExpense": 671707000,
    "netIncome": 1241007000,
    "netIncomeRatio": 0.1166834153,
    "eps": 41.52,
    "epsdiluted": 40.7,
    "weightedAverageShsOut": 29889000,
    "weightedAverageShsOutDil": 30488000,
    "link": "https://www.sec.gov/Archives/edgar/data/866787/000119312516745160/0001193125-16-745160-index.htm",
    "finalLink": "https://www.sec.gov/Archives/edgar/data/866787/000119312516745160/d253831d10k.htm"
  },
  {
    "date": "2015-08-29",
    "symbol": "AZO",
    "reportedCurrency": "USD",
    "cik": "0000866787",
    "fillingDate": "2015-10-26",
    "acceptedDate": "2015-10-26 17:23:30",
    "calendarYear": "2015",
    "period": "FY",
    "revenue": 10187340000,
    "costOfRevenue": 4860309000,
    "grossProfit": 5327031000,
    "grossProfitRatio": 0.522906961,
    "researchAndDevelopmentExpenses": 0,
    "generalAndAdministrativeExpenses": 0,
    "sellingAndMarketingExpenses": 0,
    "sellingGeneralAndAdministrativeExpenses": 3373980000,
    "otherExpenses": 0,
    "operatingExpenses": 3373980000,
    "costAndExpenses": 8234289000,
    "interestIncome": 1605000,
    "interestExpense": 151862000,
    "depreciationAndAmortization": 269919000,
    "ebitda": 2224575000,
    "ebitdaratio": 0.2183666197,
    "operatingIncome": 1953051000,
    "operatingIncomeRatio": 0.1917135386,
    "totalOtherIncomeExpensesNet": -150439000,
    "incomeBeforeTax": 1802612000,
    "incomeBeforeTaxRatio": 0.1769462882,
    "incomeTaxExpense": 642371000,
    "netIncome": 1160241000,
    "netIncomeRatio": 0.1138904758,
    "eps": 36.76,
    "epsdiluted": 36.03,
    "weightedAverageShsOut": 31560000,
    "weightedAverageShsOutDil": 32206000,
    "link": "https://www.sec.gov/Archives/edgar/data/866787/000119312515353476/0001193125-15-353476-index.htm",
    "finalLink": "https://www.sec.gov/Archives/edgar/data/866787/000119312515353476/d73676d10k.htm"
  },
  {
    "date": "2014-08-30",
    "symbol": "AZO",
    "reportedCurrency": "USD",
    "cik": "0000866787",
    "fillingDate": "2014-10-27",
    "acceptedDate": "2014-10-27 16:58:39",
    "calendarYear": "2014",
    "period": "FY",
    "revenue": 9475313000,
    "costOfRevenue": 4540406000,
    "grossProfit": 4934907000,
    "grossProfitRatio": 0.520817307,
    "researchAndDevelopmentExpenses": 0,
    "generalAndAdministrativeExpenses": 0,
    "sellingAndMarketingExpenses": 0,
    "sellingGeneralAndAdministrativeExpenses": 3104684000,
    "otherExpenses": 0,
    "operatingExpenses": 3104684000,
    "costAndExpenses": 7645090000,
    "interestIncome": 1850000,
    "interestExpense": 169177000,
    "depreciationAndAmortization": 251267000,
    "ebitda": 2083340000,
    "ebitdaratio": 0.2198703093,
    "operatingIncome": 1830223000,
    "operatingIncomeRatio": 0.1931569965,
    "totalOtherIncomeExpensesNet": -167509000,
    "incomeBeforeTax": 1662714000,
    "incomeBeforeTaxRatio": 0.1754785304,
    "incomeTaxExpense": 592970000,
    "netIncome": 1069744000,
    "netIncomeRatio": 0.1128980119,
    "eps": 32.16,
    "epsdiluted": 31.57,
    "weightedAverageShsOut": 33267000,
    "weightedAverageShsOutDil": 33882000,
    "link": "https://www.sec.gov/Archives/edgar/data/866787/000119312514383401/0001193125-14-383401-index.htm",
    "finalLink": "https://www.sec.gov/Archives/edgar/data/866787/000119312514383401/d784885d10k.htm"
  },
  {
    "date": "2013-08-31",
    "symbol": "AZO",
    "reportedCurrency": "USD",
    "cik": "0000866787",
    "fillingDate": "2013-10-28",
    "acceptedDate": "2013-10-28 16:06:07",
    "calendarYear": "2013",
    "period": "FY",
    "revenue": 9147530000,
    "costOfRevenue": 4406595000,
    "grossProfit": 4740935000,
    "grossProfitRatio": 0.5182748786,
    "researchAndDevelopmentExpenses": 0,
    "generalAndAdministrativeExpenses": 0,
    "sellingAndMarketingExpenses": 0,
    "sellingGeneralAndAdministrativeExpenses": 2967837000,
    "otherExpenses": 0,
    "operatingExpenses": 2967837000,
    "costAndExpenses": 7374432000,
    "interestIncome": 1606000,
    "interestExpense": 185721000,
    "depreciationAndAmortization": 227251000,
    "ebitda": 2001955000,
    "ebitdaratio": 0.2188519742,
    "operatingIncome": 1773098000,
    "operatingIncomeRatio": 0.1938335266,
    "totalOtherIncomeExpensesNet": -185415000,
    "incomeBeforeTax": 1587683000,
    "incomeBeforeTaxRatio": 0.1735641206,
    "incomeTaxExpense": 571203000,
    "netIncome": 1016480000,
    "netIncomeRatio": 0.1111207069,
    "eps": 28.28,
    "epsdiluted": 27.79,
    "weightedAverageShsOut": 35943000,
    "weightedAverageShsOutDil": 36581000,
    "link": "https://www.sec.gov/Archives/edgar/data/866787/000119312513413428/0001193125-13-413428-index.htm",
    "finalLink": "https://www.sec.gov/Archives/edgar/data/866787/000119312513413428/d599942d10k.htm"
  },
  {
    "date": "2012-08-25",
    "symbol": "AZO",
    "reportedCurrency": "USD",
    "cik": "0000866787",
    "fillingDate": "2012-10-22",
    "acceptedDate": "2012-10-22 17:06:09",
    "calendarYear": "2012",
    "period": "FY",
    "revenue": 8603863000,
    "costOfRevenue": 4171827000,
    "grossProfit": 4432036000,
    "grossProfitRatio": 0.5151216378,
    "researchAndDevelopmentExpenses": 0,
    "generalAndAdministrativeExpenses": 0,
    "sellingAndMarketingExpenses": 0,
    "sellingGeneralAndAdministrativeExpenses": 2803145000,
    "otherExpenses": 0,
    "operatingExpenses": 2803145000,
    "costAndExpenses": 6974972000,
    "interestIncome": 1397000,
    "interestExpense": 175402000,
    "depreciationAndAmortization": 211831000,
    "ebitda": 1842119000,
    "ebitdaratio": 0.2141037113,
    "operatingIncome": 1628891000,
    "operatingIncomeRatio": 0.1893208899,
    "totalOtherIncomeExpensesNet": -175905000,
    "incomeBeforeTax": 1452986000,
    "incomeBeforeTaxRatio": 0.1688760037,
    "incomeTaxExpense": 522613000,
    "netIncome": 930373000,
    "netIncomeRatio": 0.1081343345,
    "eps": 24.04,
    "epsdiluted": 23.48,
    "weightedAverageShsOut": 38696000,
    "weightedAverageShsOutDil": 39625000,
    "link": "https://www.sec.gov/Archives/edgar/data/866787/000119312512430271/0001193125-12-430271-index.htm",
    "finalLink": "https://www.sec.gov/Archives/edgar/data/866787/000119312512430271/d404388d10k.htm"
  },
  {
    "date": "2011-08-27",
    "symbol": "AZO",
    "reportedCurrency": "USD",
    "cik": "0000866787",
    "fillingDate": "2011-10-24",
    "acceptedDate": "2011-10-24 17:27:49",
    "calendarYear": "2011",
    "period": "FY",
    "revenue": 8072973000,
    "costOfRevenue": 3953510000,
    "grossProfit": 4119463000,
    "grossProfitRatio": 0.5102783076,
    "researchAndDevelopmentExpenses": 0,
    "generalAndAdministrativeExpenses": 0,
    "sellingAndMarketingExpenses": 0,
    "sellingGeneralAndAdministrativeExpenses": 2624660000,
    "otherExpenses": 0,
    "operatingExpenses": 2624660000,
    "costAndExpenses": 6578170000,
    "interestIncome": 2057999,
    "interestExpense": 171215000,
    "depreciationAndAmortization": 196209000,
    "ebitda": 1693070000,
    "ebitdaratio": 0.2097207559,
    "operatingIncome": 1494803000,
    "operatingIncomeRatio": 0.1851614021,
    "totalOtherIncomeExpensesNet": -170557000,
    "incomeBeforeTax": 1324246000,
    "incomeBeforeTaxRatio": 0.1640344889,
    "incomeTaxExpense": 475272000,
    "netIncome": 848974000,
    "netIncomeRatio": 0.1051624971,
    "eps": 19.91,
    "epsdiluted": 19.47,
    "weightedAverageShsOut": 42632000,
    "weightedAverageShsOutDil": 43603000,
    "link": "https://www.sec.gov/Archives/edgar/data/866787/000095012311091540/0000950123-11-091540-index.htm",
    "finalLink": "https://www.sec.gov/Archives/edgar/data/866787/000095012311091540/c22621e10vk.htm"
  },
  {
    "date": "2010-08-28",
    "symbol": "AZO",
    "reportedCurrency": "USD",
    "cik": "0000866787",
    "fillingDate": "2010-10-25",
    "acceptedDate": "2010-10-25 16:48:43",
    "calendarYear": "2010",
    "period": "FY",
    "revenue": 7362618000,
    "costOfRevenue": 3650874000,
    "grossProfit": 3711744000,
    "grossProfitRatio": 0.5041337198,
    "researchAndDevelopmentExpenses": 0,
    "generalAndAdministrativeExpenses": 0,
    "sellingAndMarketingExpenses": 0,
    "sellingGeneralAndAdministrativeExpenses": 2392330000,
    "otherExpenses": 0,
    "operatingExpenses": 2392330000,
    "costAndExpenses": 6043204000,
    "interestIncome": 2626000,
    "interestExpense": 162147000,
    "depreciationAndAmortization": 192084000,
    "ebitda": 1514124000,
    "ebitdaratio": 0.2056502184,
    "operatingIncome": 1319414000,
    "operatingIncomeRatio": 0.1792044623,
    "totalOtherIncomeExpensesNet": -158909000,
    "incomeBeforeTax": 1160505000,
    "incomeBeforeTaxRatio": 0.1576212429,
    "incomeTaxExpense": 422194000,
    "netIncome": 738311000,
    "netIncomeRatio": 0.1002783249,
    "eps": 15.23,
    "epsdiluted": 14.97,
    "weightedAverageShsOut": 48488000,
    "weightedAverageShsOutDil": 49304000,
    "link": "https://www.sec.gov/Archives/edgar/data/866787/000095012310095687/0000950123-10-095687-index.htm",
    "finalLink": "https://www.sec.gov/Archives/edgar/data/866787/000095012310095687/c06255e10vk.htm"
  },
  {
    "date": "2009-08-29",
    "symbol": "AZO",
    "reportedCurrency": "USD",
    "cik": "0000866787",
    "fillingDate": "2009-10-26",
    "acceptedDate": "2009-10-26 17:27:35",
    "calendarYear": "2009",
    "period": "FY",
    "revenue": 6816824000,
    "costOfRevenue": 3400375000,
    "grossProfit": 3416449000,
    "grossProfitRatio": 0.5011789948,
    "researchAndDevelopmentExpenses": 0,
    "generalAndAdministrativeExpenses": 0,
    "sellingAndMarketingExpenses": 0,
    "sellingGeneralAndAdministrativeExpenses": 2240387000,
    "otherExpenses": 0,
    "operatingExpenses": 2240387000,
    "costAndExpenses": 5640762000,
    "interestIncome": 3887000,
    "interestExpense": 140915000,
    "depreciationAndAmortization": 180433000,
    "ebitda": 1360382000,
    "ebitdaratio": 0.1995624355,
    "operatingIncome": 1176062000,
    "operatingIncomeRatio": 0.1725234508,
    "totalOtherIncomeExpensesNet": -142316000,
    "incomeBeforeTax": 1033746000,
    "incomeBeforeTaxRatio": 0.1516462799,
    "incomeTaxExpense": 376697000,
    "netIncome": 657049000,
    "netIncomeRatio": 0.0963863817,
    "eps": 11.89,
    "epsdiluted": 11.73,
    "weightedAverageShsOut": 55282000,
    "weightedAverageShsOutDil": 55992000,
    "link": "https://www.sec.gov/Archives/edgar/data/866787/000095012309053232/0000950123-09-053232-index.htm",
    "finalLink": "https://www.sec.gov/Archives/edgar/data/866787/000095012309053232/c91285e10vk.htm"
  },
  {
    "date": "2008-08-30",
    "symbol": "AZO",
    "reportedCurrency": "USD",
    "cik": "0000866787",
    "fillingDate": "2008-10-27",
    "acceptedDate": "2008-10-27 11:31:10",
    "calendarYear": "2008",
    "period": "FY",
    "revenue": 6522706000,
    "costOfRevenue": 3254645000,
    "grossProfit": 3268061000,
    "grossProfitRatio": 0.5010284075,
    "researchAndDevelopmentExpenses": 0,
    "generalAndAdministrativeExpenses": 0,
    "sellingAndMarketingExpenses": 0,
    "sellingGeneralAndAdministrativeExpenses": 2143927000,
    "otherExpenses": 0,
    "operatingExpenses": 2143927000,
    "costAndExpenses": 5398572000,
    "interestIncome": 3785000,
    "interestExpense": 121128000,
    "depreciationAndAmortization": 169509000,
    "ebitda": 1297428000,
    "ebitdaratio": 0.198909471,
    "operatingIncome": 1124134000,
    "operatingIncomeRatio": 0.1723416631,
    "totalOtherIncomeExpensesNet": -116745000,
    "incomeBeforeTax": 1007389000,
    "incomeBeforeTaxRatio": 0.1544434166,
    "incomeTaxExpense": 365783000,
    "netIncome": 641606000,
    "netIncomeRatio": 0.0983650037,
    "eps": 10.14,
    "epsdiluted": 10.04,
    "weightedAverageShsOut": 63295000,
    "weightedAverageShsOutDil": 63875000,
    "link": "https://www.sec.gov/Archives/edgar/data/866787/000136231008006211/0001362310-08-006211-index.htm",
    "finalLink": "https://www.sec.gov/Archives/edgar/data/866787/000136231008006211/c76208e10vk.htm"
  },
  {
    "date": "2007-08-25",
    "symbol": "AZO",
    "reportedCurrency": "USD",
    "cik": "0000866787",
    "fillingDate": "2007-10-22",
    "acceptedDate": "2007-10-22 17:19:36",
    "calendarYear": "2007",
    "period": "FY",
    "revenue": 6169804000,
    "costOfRevenue": 3105554000,
    "grossProfit": 3064250000,
    "grossProfitRatio": 0.49665273,
    "researchAndDevelopmentExpenses": 0,
    "generalAndAdministrativeExpenses": 0,
    "sellingAndMarketingExpenses": 0,
    "sellingGeneralAndAdministrativeExpenses": 2008984000,
    "otherExpenses": 0,
    "operatingExpenses": 2008984000,
    "costAndExpenses": 5114538000,
    "interestIncome": 2819000,
    "interestExpense": 122547000,
    "depreciationAndAmortization": 161130000,
    "ebitda": 1216396000,
    "ebitdaratio": 0.1971531024,
    "operatingIncome": 1055266000,
    "operatingIncomeRatio": 0.1710371999,
    "totalOtherIncomeExpensesNet": -119116000,
    "incomeBeforeTax": 936150000,
    "incomeBeforeTaxRatio": 0.151730914,
    "incomeTaxExpense": 340478000,
    "netIncome": 595672000,
    "netIncomeRatio": 0.0965463409,
    "eps": 8.62,
    "epsdiluted": 8.53,
    "weightedAverageShsOut": 69101000,
    "weightedAverageShsOutDil": 69844000,
    "link": "https://www.sec.gov/Archives/edgar/data/866787/000114420407055597/0001144204-07-055597-index.htm",
    "finalLink": "https://www.sec.gov/Archives/edgar/data/866787/000114420407055597/v090225_10k.htm"
  },
  {
    "date": "2006-08-26",
    "symbol": "AZO",
    "reportedCurrency": "USD",
    "cik": "0000866787",
    "fillingDate": "2006-10-25",
    "acceptedDate": "2006-10-25 16:42:00",
    "calendarYear": "2006",
    "period": "FY",
    "revenue": 5948355000,
    "costOfRevenue": 3009835000,
    "grossProfit": 2938520000,
    "grossProfitRatio": 0.4940054856,
    "researchAndDevelopmentExpenses": 0,
    "generalAndAdministrativeExpenses": 0,
    "sellingAndMarketingExpenses": 0,
    "sellingGeneralAndAdministrativeExpenses": 1928595000,
    "otherExpenses": 0,
    "operatingExpenses": 1928595000,
    "costAndExpenses": 4938430000,
    "interestIncome": 2253000,
    "interestExpense": 110754000,
    "depreciationAndAmortization": 141024000,
    "ebitda": 1150949000,
    "ebitdaratio": 0.1934903011,
    "operatingIncome": 1009925000,
    "operatingIncomeRatio": 0.1697822339,
    "totalOtherIncomeExpensesNet": -107889000,
    "incomeBeforeTax": 902036000,
    "incomeBeforeTaxRatio": 0.1516446144,
    "incomeTaxExpense": 332761000,
    "netIncome": 569275000,
    "netIncomeRatio": 0.0957029296,
    "eps": 7.57,
    "epsdiluted": 7.5,
    "weightedAverageShsOut": 75237000,
    "weightedAverageShsOutDil": 75859000,
    "link": "https://www.sec.gov/Archives/edgar/data/866787/000114420406043603/0001144204-06-043603-index.htm",
    "finalLink": "https://www.sec.gov/Archives/edgar/data/866787/000114420406043603/v054826_10k.htm"
  },
  {
    "date": "2005-08-27",
    "symbol": "AZO",
    "reportedCurrency": "USD",
    "cik": "0000866787",
    "fillingDate": "2005-10-26",
    "acceptedDate": "2005-10-26 15:15:13",
    "calendarYear": "2005",
    "period": "FY",
    "revenue": 5710882000,
    "costOfRevenue": 2918334000,
    "grossProfit": 2792548000,
    "grossProfitRatio": 0.4889871652,
    "researchAndDevelopmentExpenses": 0,
    "generalAndAdministrativeExpenses": 0,
    "sellingAndMarketingExpenses": 0,
    "sellingGeneralAndAdministrativeExpenses": 1816884000,
    "otherExpenses": 0,
    "operatingExpenses": 1816884000,
    "costAndExpenses": 4735218000,
    "interestIncome": 1162000,
    "interestExpense": 108857000,
    "depreciationAndAmortization": 137940000,
    "ebitda": 1113604000,
    "ebitdaratio": 0.1949968499,
    "operatingIncome": 975664000,
    "operatingIncomeRatio": 0.1708429626,
    "totalOtherIncomeExpensesNet": -102440000,
    "incomeBeforeTax": 873224000,
    "incomeBeforeTaxRatio": 0.152905278,
    "incomeTaxExpense": 302202000,
    "netIncome": 571019000,
    "netIncomeRatio": 0.0999878828,
    "eps": 7.27,
    "epsdiluted": 7.18,
    "weightedAverageShsOut": 78530000,
    "weightedAverageShsOutDil": 79508000,
    "link": "https://www.sec.gov/Archives/edgar/data/866787/000114420405032748/0001144204-05-032748-index.htm",
    "finalLink": "https://www.sec.gov/Archives/edgar/data/866787/000114420405032748/v027481.htm"
  },
  {
    "date": "2004-08-28",
    "symbol": "AZO",
    "reportedCurrency": "USD",
    "cik": "0000866787",
    "fillingDate": "2004-10-27",
    "acceptedDate": "2004-10-27 17:25:04",
    "calendarYear": "2004",
    "period": "FY",
    "revenue": 5637025000,
    "costOfRevenue": 2880446000,
    "grossProfit": 2756579000,
    "grossProfitRatio": 0.4890130876,
    "researchAndDevelopmentExpenses": 0,
    "generalAndAdministrativeExpenses": 0,
    "sellingAndMarketingExpenses": 0,
    "sellingGeneralAndAdministrativeExpenses": 1757873000,
    "otherExpenses": 0,
    "operatingExpenses": 1757873000,
    "costAndExpenses": 4638319000,
    "interestIncome": 214000,
    "interestExpense": 93018000,
    "depreciationAndAmortization": 111121000,
    "ebitda": 1109827000,
    "ebitdaratio": 0.1968816885,
    "operatingIncome": 998706000,
    "operatingIncomeRatio": 0.1771689854,
    "totalOtherIncomeExpensesNet": -92804000,
    "incomeBeforeTax": 905902000,
    "incomeBeforeTaxRatio": 0.1607056914,
    "incomeTaxExpense": 339700000,
    "netIncome": 566202000,
    "netIncomeRatio": 0.1004434076,
    "eps": 7.11,
    "epsdiluted": 6.56,
    "weightedAverageShsOut": 84993000,
    "weightedAverageShsOutDil": 86432000,
    "link": "https://www.sec.gov/Archives/edgar/data/866787/000095014404010103/0000950144-04-010103-index.htm",
    "finalLink": "https://www.sec.gov/Archives/edgar/data/866787/000095014404010103/g91360e10vk.htm"
  },
  {
    "date": "2003-08-30",
    "symbol": "AZO",
    "reportedCurrency": "USD",
    "cik": "0000866787",
    "fillingDate": "2003-10-30",
    "acceptedDate": "2003-10-29 20:05:25",
    "calendarYear": "2003",
    "period": "FY",
    "revenue": 5457123000,
    "costOfRevenue": 2942114000,
    "grossProfit": 2515009000,
    "grossProfitRatio": 0.4608672005,
    "researchAndDevelopmentExpenses": 0,
    "generalAndAdministrativeExpenses": 0,
    "sellingAndMarketingExpenses": 0,
    "sellingGeneralAndAdministrativeExpenses": 1597212000,
    "otherExpenses": 0,
    "operatingExpenses": 1597212000,
    "costAndExpenses": 4539326000,
    "interestIncome": 0,
    "interestExpense": 0,
    "depreciationAndAmortization": 109748000,
    "ebitda": 1027545000,
    "ebitdaratio": 0.1882942715,
    "operatingIncome": 917797000,
    "operatingIncomeRatio": 0.1681833083,
    "totalOtherIncomeExpensesNet": -84790000,
    "incomeBeforeTax": 833007000,
    "incomeBeforeTaxRatio": 0.1526458172,
    "incomeTaxExpense": 315403000,
    "netIncome": 517604000,
    "netIncomeRatio": 0.0948492457,
    "eps": 5.83,
    "epsdiluted": 5.34,
    "weightedAverageShsOut": 97307000,
    "weightedAverageShsOutDil": 97307000,
    "link": "https://www.sec.gov/Archives/edgar/data/866787/000095014403011980/0000950144-03-011980-index.htm",
    "finalLink": "https://www.sec.gov/Archives/edgar/data/866787/000095014403011980/g85398e10vk.htm"
  },
  {
    "date": "2002-08-31",
    "symbol": "AZO",
    "reportedCurrency": "USD",
    "cik": "0000866787",
    "fillingDate": "2002-10-31",
    "acceptedDate": "2002-10-30 18:42:57",
    "calendarYear": "2002",
    "period": "FY",
    "revenue": 5325510000,
    "costOfRevenue": 2950123000,
    "grossProfit": 2375387000,
    "grossProfitRatio": 0.4460393465,
    "researchAndDevelopmentExpenses": 0,
    "generalAndAdministrativeExpenses": 0,
    "sellingAndMarketingExpenses": 0,
    "sellingGeneralAndAdministrativeExpenses": 1604379000,
    "otherExpenses": 0,
    "operatingExpenses": 1604379000,
    "costAndExpenses": 4554502000,
    "interestIncome": 0,
    "interestExpense": 0,
    "depreciationAndAmortization": 118255000,
    "ebitda": 889263000,
    "ebitdaratio": 0.1669817539,
    "operatingIncome": 771008000,
    "operatingIncomeRatio": 0.1447763688,
    "totalOtherIncomeExpensesNet": -79860000,
    "incomeBeforeTax": 691148000,
    "incomeBeforeTaxRatio": 0.1297806219,
    "incomeTaxExpense": 263000000,
    "netIncome": 428148000,
    "netIncomeRatio": 0.0803956804,
    "eps": 4.1,
    "epsdiluted": 4,
    "weightedAverageShsOut": 104446000,
    "weightedAverageShsOutDil": 107111000,
    "link": "https://www.sec.gov/Archives/edgar/data/866787/000095014402010940/0000950144-02-010940-index.htm",
    "finalLink": "https://www.sec.gov/Archives/edgar/data/866787/000095014402010940/g78922e10vk.htm"
  },
  {
    "date": "2001-08-25",
    "symbol": "AZO",
    "reportedCurrency": "USD",
    "cik": "0000866787",
    "fillingDate": "2001-11-16",
    "acceptedDate": "2001-11-16 00:00:00",
    "calendarYear": "2001",
    "period": "FY",
    "revenue": 4818185000,
    "costOfRevenue": 2804896000,
    "grossProfit": 2013289000,
    "grossProfitRatio": 0.417852158,
    "researchAndDevelopmentExpenses": 0,
    "generalAndAdministrativeExpenses": 0,
    "sellingAndMarketingExpenses": 0,
    "sellingGeneralAndAdministrativeExpenses": 1498909000,
    "otherExpenses": 126689000,
    "operatingExpenses": 1625598000,
    "costAndExpenses": 4430494000,
    "interestIncome": 0,
    "interestExpense": 0,
    "depreciationAndAmortization": 131333000,
    "ebitda": 645713000,
    "ebitdaratio": 0.1340158172,
    "operatingIncome": 387691000,
    "operatingIncomeRatio": 0.0804641167,
    "totalOtherIncomeExpensesNet": -100665000,
    "incomeBeforeTax": 287026000,
    "incomeBeforeTaxRatio": 0.0595713946,
    "incomeTaxExpense": 111500000,
    "netIncome": 175526000,
    "netIncomeRatio": 0.0364299005,
    "eps": 1.56,
    "epsdiluted": 1.54,
    "weightedAverageShsOut": 112834000,
    "weightedAverageShsOutDil": 113801000,
    "link": "https://www.sec.gov/Archives/edgar/data/866787/000086678701500047/0000866787-01-500047-index.htm",
    "finalLink": "https://www.sec.gov/Archives/edgar/data/866787/000086678701500047/formtenk.htm"
  },
  {
    "date": "2000-08-26",
    "symbol": "AZO",
    "reportedCurrency": "USD",
    "cik": "0000866787",
    "fillingDate": "2000-10-27",
    "acceptedDate": "2000-10-27 00:00:00",
    "calendarYear": "2000",
    "period": "FY",
    "revenue": 4482696000,
    "costOfRevenue": 2602386000,
    "grossProfit": 1880310000,
    "grossProfitRatio": 0.4194596288,
    "researchAndDevelopmentExpenses": 0,
    "generalAndAdministrativeExpenses": 0,
    "sellingAndMarketingExpenses": 0,
    "sellingGeneralAndAdministrativeExpenses": 1368290000,
    "otherExpenses": 0,
    "operatingExpenses": 1368290000,
    "costAndExpenses": 3970676000,
    "interestIncome": 0,
    "interestExpense": 0,
    "depreciationAndAmortization": 126800000,
    "ebitda": 638820000,
    "ebitdaratio": 0.1425079907,
    "operatingIncome": 512020000,
    "operatingIncomeRatio": 0.1142214417,
    "totalOtherIncomeExpensesNet": -76830000,
    "incomeBeforeTax": 435190000,
    "incomeBeforeTaxRatio": 0.0970822023,
    "incomeTaxExpense": 167600000,
    "netIncome": 267590000,
    "netIncomeRatio": 0.0596939877,
    "eps": 2.2,
    "epsdiluted": 2,
    "weightedAverageShsOut": 137855000,
    "weightedAverageShsOutDil": 137855000,
    "link": "https://www.sec.gov/Archives/edgar/data/866787/000086678700500019/0000866787-00-500019-index.htm",
    "finalLink": "https://www.sec.gov/Archives/edgar/data/866787/000086678700500019/tenk.htm"
  },
  {
    "date": "1999-08-28",
    "symbol": "AZO",
    "reportedCurrency": "USD",
    "cik": "0000866787",
    "fillingDate": "1999-11-24",
    "acceptedDate": "1999-11-24 00:00:00",
    "calendarYear": "1999",
    "period": "FY",
    "revenue": 4116400000,
    "costOfRevenue": 2256400000,
    "grossProfit": 1860000000,
    "grossProfitRatio": 0.4518511321,
    "researchAndDevelopmentExpenses": 0,
    "generalAndAdministrativeExpenses": 0,
    "sellingAndMarketingExpenses": 0,
    "sellingGeneralAndAdministrativeExpenses": 1298300000,
    "otherExpenses": 128500000,
    "operatingExpenses": 1426800000,
    "costAndExpenses": 3683200000,
    "interestIncome": 0,
    "interestExpense": 0,
    "depreciationAndAmortization": 128500000,
    "ebitda": 561700000,
    "ebitdaratio": 0.1364541833,
    "operatingIncome": 433200000,
    "operatingIncomeRatio": 0.1052375862,
    "totalOtherIncomeExpensesNet": -45400000,
    "incomeBeforeTax": 387800000,
    "incomeBeforeTaxRatio": 0.0942085317,
    "incomeTaxExpense": 143000000,
    "netIncome": 244800000,
    "netIncomeRatio": 0.0594694393,
    "eps": 1.64,
    "epsdiluted": 1.63,
    "weightedAverageShsOut": 149268000,
    "weightedAverageShsOutDil": 150184000,
    "link": "https://www.sec.gov/Archives/edgar/data/866787/000086678799000022/0000866787-99-000022-index.html",
    "finalLink": "https://www.sec.gov/Archives/edgar/data/866787/000086678799000022/0000866787-99-000022-d1.html"
  },
  {
    "date": "1998-08-29",
    "symbol": "AZO",
    "reportedCurrency": "USD",
    "cik": "0000866787",
    "fillingDate": "1998-11-25",
    "acceptedDate": "1998-11-25 00:00:00",
    "calendarYear": "1998",
    "period": "FY",
    "revenue": 3242900000,
    "costOfRevenue": 1793100000,
    "grossProfit": 1449800000,
    "grossProfitRatio": 0.4470689815,
    "researchAndDevelopmentExpenses": 0,
    "generalAndAdministrativeExpenses": 0,
    "sellingAndMarketingExpenses": 0,
    "sellingGeneralAndAdministrativeExpenses": 970800000,
    "otherExpenses": 96600000,
    "operatingExpenses": 1067400000,
    "costAndExpenses": 2860500000,
    "interestIncome": 0,
    "interestExpense": 0,
    "depreciationAndAmortization": 96600000,
    "ebitda": 479000000,
    "ebitdaratio": 0.147707299,
    "operatingIncome": 382400000,
    "operatingIncomeRatio": 0.1179191464,
    "totalOtherIncomeExpensesNet": -18300000,
    "incomeBeforeTax": 364100000,
    "incomeBeforeTaxRatio": 0.1122760492,
    "incomeTaxExpense": 136200000,
    "netIncome": 227900000,
    "netIncomeRatio": 0.0702766043,
    "eps": 1.5,
    "epsdiluted": 1.48,
    "weightedAverageShsOut": 151933000,
    "weightedAverageShsOutDil": 153986000,
    "link": "https://www.sec.gov/Archives/edgar/data/866787/000086678798000022/0000866787-98-000022-index.html",
    "finalLink": "https://www.sec.gov/Archives/edgar/data/866787/"
  },
  {
    "date": "1997-08-30",
    "symbol": "AZO",
    "reportedCurrency": "USD",
    "cik": "0000866787",
    "fillingDate": "1997-11-06",
    "acceptedDate": "1997-11-06 00:00:00",
    "calendarYear": "1997",
    "period": "FY",
    "revenue": 2691400000,
    "costOfRevenue": 1481500000,
    "grossProfit": 1209900000,
    "grossProfitRatio": 0.4495429888,
    "researchAndDevelopmentExpenses": 0,
    "generalAndAdministrativeExpenses": 0,
    "sellingAndMarketingExpenses": 0,
    "sellingGeneralAndAdministrativeExpenses": 810800000,
    "otherExpenses": 77800000,
    "operatingExpenses": 888600000,
    "costAndExpenses": 2370100000,
    "interestIncome": 0,
    "interestExpense": 0,
    "depreciationAndAmortization": 77800000,
    "ebitda": 399100000,
    "ebitdaratio": 0.1482871368,
    "operatingIncome": 321300000,
    "operatingIncomeRatio": 0.1193802482,
    "totalOtherIncomeExpensesNet": -8800000,
    "incomeBeforeTax": 312500000,
    "incomeBeforeTaxRatio": 0.1161105744,
    "incomeTaxExpense": 117500000,
    "netIncome": 195000000,
    "netIncomeRatio": 0.0724529984,
    "eps": 1.29,
    "epsdiluted": 1.28,
    "weightedAverageShsOut": 151163000,
    "weightedAverageShsOutDil": 152344000,
    "link": "https://www.sec.gov/Archives/edgar/data/866787/000086678797000010/0000866787-97-000010-index.html",
    "finalLink": "https://www.sec.gov/Archives/edgar/data/866787/"
  },
  {
    "date": "1996-08-31",
    "symbol": "AZO",
    "reportedCurrency": "USD",
    "cik": "0000866787",
    "fillingDate": "1996-11-27",
    "acceptedDate": "1996-11-27 00:00:00",
    "calendarYear": "1996",
    "period": "FY",
    "revenue": 2242600000,
    "costOfRevenue": 1244100000,
    "grossProfit": 998500000,
    "grossProfitRatio": 0.4452421297,
    "researchAndDevelopmentExpenses": 0,
    "generalAndAdministrativeExpenses": 0,
    "sellingAndMarketingExpenses": 0,
    "sellingGeneralAndAdministrativeExpenses": 666100000,
    "otherExpenses": 63500000,
    "operatingExpenses": 729600000,
    "costAndExpenses": 1973700000,
    "interestIncome": 0,
    "interestExpense": 0,
    "depreciationAndAmortization": 63500000,
    "ebitda": 332400000,
    "ebitdaratio": 0.1482208151,
    "operatingIncome": 268900000,
    "operatingIncomeRatio": 0.1199054669,
    "totalOtherIncomeExpensesNet": -1900000,
    "incomeBeforeTax": 267000000,
    "incomeBeforeTaxRatio": 0.119058236,
    "incomeTaxExpense": 99800000,
    "netIncome": 167200000,
    "netIncomeRatio": 0.0745563186,
    "eps": 1.13,
    "epsdiluted": 1.11,
    "weightedAverageShsOut": 147965000,
    "weightedAverageShsOutDil": 150631000,
    "link": "https://www.sec.gov/Archives/edgar/data/866787/000095014496008757/0000950144-96-008757-index.html",
    "finalLink": "https://www.sec.gov/Archives/edgar/data/866787/"
  },
  {
    "date": "1995-08-31",
    "symbol": "AZO",
    "reportedCurrency": "USD",
    "cik": "0000866787",
    "fillingDate": "1995-08-31",
    "acceptedDate": "1995-08-31 00:00:00",
    "calendarYear": "1995",
    "period": "FY",
    "revenue": 1808100000,
    "costOfRevenue": 1008700000,
    "grossProfit": 799400000,
    "grossProfitRatio": 0.4421215641,
    "researchAndDevelopmentExpenses": 0,
    "generalAndAdministrativeExpenses": 0,
    "sellingAndMarketingExpenses": 0,
    "sellingGeneralAndAdministrativeExpenses": 523400000,
    "otherExpenses": 48300000,
    "operatingExpenses": 571700000,
    "costAndExpenses": 1580400000,
    "interestIncome": 0,
    "interestExpense": 0,
    "depreciationAndAmortization": 48300000,
    "ebitda": 276000000,
    "ebitdaratio": 0.1526464244,
    "operatingIncome": 227700000,
    "operatingIncomeRatio": 0.1259333001,
    "totalOtherIncomeExpensesNet": 600000,
    "incomeBeforeTax": 228300000,
    "incomeBeforeTaxRatio": 0.1262651402,
    "incomeTaxExpense": 89500000,
    "netIncome": 138800000,
    "netIncomeRatio": 0.0767656656,
    "eps": 0.93,
    "epsdiluted": 0.93,
    "weightedAverageShsOut": 149247000,
    "weightedAverageShsOutDil": 149247000,
    "link": null,
    "finalLink": null
  },
  {
    "date": "1994-08-31",
    "symbol": "AZO",
    "reportedCurrency": "USD",
    "cik": "0000866787",
    "fillingDate": "1994-08-31",
    "acceptedDate": "1994-08-31 00:00:00",
    "calendarYear": "1994",
    "period": "FY",
    "revenue": 1508000000,
    "costOfRevenue": 853000000,
    "grossProfit": 655000000,
    "grossProfitRatio": 0.4343501326,
    "researchAndDevelopmentExpenses": 0,
    "generalAndAdministrativeExpenses": 0,
    "sellingAndMarketingExpenses": 0,
    "sellingGeneralAndAdministrativeExpenses": 431200000,
    "otherExpenses": 33100000,
    "operatingExpenses": 464300000,
    "costAndExpenses": 1317300000,
    "interestIncome": 0,
    "interestExpense": 0,
    "depreciationAndAmortization": 33100000,
    "ebitda": 223800000,
    "ebitdaratio": 0.1484084881,
    "operatingIncome": 190700000,
    "operatingIncomeRatio": 0.1264588859,
    "totalOtherIncomeExpensesNet": 2300000,
    "incomeBeforeTax": 193000000,
    "incomeBeforeTaxRatio": 0.1279840849,
    "incomeTaxExpense": 76600000,
    "netIncome": 116400000,
    "netIncomeRatio": 0.0771883289,
    "eps": 0.78,
    "epsdiluted": 0.78,
    "weightedAverageShsOut": 149231000,
    "weightedAverageShsOutDil": 149231000,
    "link": null,
    "finalLink": null
  },
  {
    "date": "1993-08-31",
    "symbol": "AZO",
    "reportedCurrency": "USD",
    "cik": "0000866787",
    "fillingDate": "1993-08-31",
    "acceptedDate": "1993-08-31 00:00:00",
    "calendarYear": "1993",
    "period": "FY",
    "revenue": 1216800000,
    "costOfRevenue": 710600000,
    "grossProfit": 506200000,
    "grossProfitRatio": 0.4160092045,
    "researchAndDevelopmentExpenses": 0,
    "generalAndAdministrativeExpenses": 0,
    "sellingAndMarketingExpenses": 0,
    "sellingGeneralAndAdministrativeExpenses": 344100000,
    "otherExpenses": 21300000,
    "operatingExpenses": 365400000,
    "costAndExpenses": 1076000000,
    "interestIncome": 0,
    "interestExpense": 0,
    "depreciationAndAmortization": 21300000,
    "ebitda": 162100000,
    "ebitdaratio": 0.1332182774,
    "operatingIncome": 140800000,
    "operatingIncomeRatio": 0.1157133465,
    "totalOtherIncomeExpensesNet": 2400000,
    "incomeBeforeTax": 143200000,
    "incomeBeforeTaxRatio": 0.1176857331,
    "incomeTaxExpense": 56300000,
    "netIncome": 86900000,
    "netIncomeRatio": 0.071416831,
    "eps": 0.59,
    "epsdiluted": 0.59,
    "weightedAverageShsOut": 147288000,
    "weightedAverageShsOutDil": 147288000,
    "link": null,
    "finalLink": null
  },
  {
    "date": "1992-08-31",
    "symbol": "AZO",
    "reportedCurrency": "USD",
    "cik": "0000866787",
    "fillingDate": "1992-08-31",
    "acceptedDate": "1992-08-31 00:00:00",
    "calendarYear": "1992",
    "period": "FY",
    "revenue": 1002300000,
    "costOfRevenue": 589300000,
    "grossProfit": 413000000,
    "grossProfitRatio": 0.4120522798,
    "researchAndDevelopmentExpenses": 0,
    "generalAndAdministrativeExpenses": 0,
    "sellingAndMarketingExpenses": 0,
    "sellingGeneralAndAdministrativeExpenses": 295700000,
    "otherExpenses": 13700000,
    "operatingExpenses": 309400000,
    "costAndExpenses": 898700000,
    "interestIncome": 0,
    "interestExpense": 0,
    "depreciationAndAmortization": 13700000,
    "ebitda": 117300000,
    "ebitdaratio": 0.1170308291,
    "operatingIncome": 103600000,
    "operatingIncomeRatio": 0.1033622668,
    "totalOtherIncomeExpensesNet": 900000,
    "incomeBeforeTax": 104500000,
    "incomeBeforeTaxRatio": 0.1042602015,
    "incomeTaxExpense": 41200000,
    "netIncome": 63300000,
    "netIncomeRatio": 0.0631547441,
    "eps": 0.43,
    "epsdiluted": 0.43,
    "weightedAverageShsOut": 147209000,
    "weightedAverageShsOutDil": 147209000,
    "link": null,
    "finalLink": null
  },
  {
    "date": "1991-08-31",
    "symbol": "AZO",
    "reportedCurrency": "USD",
    "cik": "0000866787",
    "fillingDate": "1991-08-31",
    "acceptedDate": "1991-08-31 00:00:00",
    "calendarYear": "1991",
    "period": "FY",
    "revenue": 818000000,
    "costOfRevenue": 481800000,
    "grossProfit": 336200000,
    "grossProfitRatio": 0.411002445,
    "researchAndDevelopmentExpenses": 0,
    "generalAndAdministrativeExpenses": 0,
    "sellingAndMarketingExpenses": 0,
    "sellingGeneralAndAdministrativeExpenses": 247400000,
    "otherExpenses": 9500000,
    "operatingExpenses": 256900000,
    "costAndExpenses": 738700000,
    "interestIncome": 0,
    "interestExpense": 0,
    "depreciationAndAmortization": 9500000,
    "ebitda": 88800000,
    "ebitdaratio": 0.1085574572,
    "operatingIncome": 79300000,
    "operatingIncomeRatio": 0.0969437653,
    "totalOtherIncomeExpensesNet": -7200000,
    "incomeBeforeTax": 72100000,
    "incomeBeforeTaxRatio": 0.0881418093,
    "incomeTaxExpense": 28100000,
    "netIncome": 44000000,
    "netIncomeRatio": 0.0537897311,
    "eps": 0.33,
    "epsdiluted": 0.33,
    "weightedAverageShsOut": 133333000,
    "weightedAverageShsOutDil": 133333000,
    "link": null,
    "finalLink": null
  },
  {
    "date": "1990-08-31",
    "symbol": "AZO",
    "reportedCurrency": "USD",
    "cik": "0000866787",
    "fillingDate": "1990-08-31",
    "acceptedDate": "1990-08-31 00:00:00",
    "calendarYear": "1990",
    "period": "FY",
    "revenue": 671700000,
    "costOfRevenue": 408500000,
    "grossProfit": 263200000,
    "grossProfitRatio": 0.391841596,
    "researchAndDevelopmentExpenses": 0,
    "generalAndAdministrativeExpenses": 0,
    "sellingAndMarketingExpenses": 0,
    "sellingGeneralAndAdministrativeExpenses": 205600000,
    "otherExpenses": 8300000,
    "operatingExpenses": 213900000,
    "costAndExpenses": 622400000,
    "interestIncome": 0,
    "interestExpense": 0,
    "depreciationAndAmortization": 8300000,
    "ebitda": 57600000,
    "ebitdaratio": 0.0857525681,
    "operatingIncome": 49300000,
    "operatingIncomeRatio": 0.0733958612,
    "totalOtherIncomeExpensesNet": -11000000,
    "incomeBeforeTax": 38300000,
    "incomeBeforeTaxRatio": 0.0570195028,
    "incomeTaxExpense": 15000000,
    "netIncome": 23300000,
    "netIncomeRatio": 0.0346881048,
    "eps": 0.19,
    "epsdiluted": 0.19,
    "weightedAverageShsOut": 122632000,
    "weightedAverageShsOutDil": 122632000,
    "link": null,
    "finalLink": null
  }
]