[
  {
    "date": "2025-06-30",
    "symbol": "BA",
    "reportedCurrency": "USD",
    "cik": "0000012927",
    "fillingDate": "2025-07-29",
    "acceptedDate": "2025-07-29 12:20:07",
    "calendarYear": "2025",
    "period": "Q2",
    "revenue": 22749000000,
    "costOfRevenue": 20299000000,
    "grossProfit": 2450000000,
    "grossProfitRatio": 0.1076970416,
    "researchAndDevelopmentExpenses": 910000000,
    "generalAndAdministrativeExpenses": 0,
    "sellingAndMarketingExpenses": 0,
    "sellingGeneralAndAdministrativeExpenses": 1795000000,
    "otherExpenses": 0,
    "operatingExpenses": 2705000000,
    "costAndExpenses": 23004000000,
    "interestIncome": 0,
    "interestExpense": 710000000,
    "depreciationAndAmortization": 460000000,
    "ebitda": 609000000,
    "ebitdaratio": 0.0267704075,
    "operatingIncome": -255000000,
    "operatingIncomeRatio": -0.0112092839,
    "totalOtherIncomeExpensesNet": -306000000,
    "incomeBeforeTax": -561000000,
    "incomeBeforeTaxRatio": -0.0246604246,
    "incomeTaxExpense": 51000000,
    "netIncome": -611000000,
    "netIncomeRatio": -0.0268583234,
    "eps": -0.92,
    "epsdiluted": -0.92,
    "weightedAverageShsOut": 756600000,
    "weightedAverageShsOutDil": 756600000,
    "link": "https://www.sec.gov/Archives/edgar/data/12927/000001292725000062/0000012927-25-000062-index.htm",
    "finalLink": "https://www.sec.gov/Archives/edgar/data/12927/000001292725000062/ba-20250630.htm"
  },
  {
    "date": "2025-03-31",
    "symbol": "BA",
    "reportedCurrency": "USD",
    "cik": "0000012927",
    "fillingDate": "2025-04-23",
    "acceptedDate": "2025-04-23 12:21:50",
    "calendarYear": "2025",
    "period": "Q1",
    "revenue": 19496000000,
    "costOfRevenue": 17064000000,
    "grossProfit": 2432000000,
    "grossProfitRatio": 0.1247435371,
    "researchAndDevelopmentExpenses": 844000000,
    "generalAndAdministrativeExpenses": 0,
    "sellingAndMarketingExpenses": 0,
    "sellingGeneralAndAdministrativeExpenses": 1104000000,
    "otherExpenses": 0,
    "operatingExpenses": 1948000000,
    "costAndExpenses": 19012000000,
    "interestIncome": 0,
    "interestExpense": 708000000,
    "depreciationAndAmortization": 466000000,
    "ebitda": 1250000000,
    "ebitdaratio": 0.064115716,
    "operatingIncome": 484000000,
    "operatingIncomeRatio": 0.0248256053,
    "totalOtherIncomeExpensesNet": -408000000,
    "incomeBeforeTax": 76000000,
    "incomeBeforeTaxRatio": 0.0038982355,
    "incomeTaxExpense": 107000000,
    "netIncome": -37000000,
    "netIncomeRatio": -0.0018978252,
    "eps": -0.16,
    "epsdiluted": -0.16,
    "weightedAverageShsOut": 753400000,
    "weightedAverageShsOutDil": 753400000,
    "link": "https://www.sec.gov/Archives/edgar/data/12927/000001292725000031/0000012927-25-000031-index.htm",
    "finalLink": "https://www.sec.gov/Archives/edgar/data/12927/000001292725000031/ba-20250331.htm"
  },
  {
    "date": "2024-12-31",
    "symbol": "BA",
    "reportedCurrency": "USD",
    "cik": "0000012927",
    "fillingDate": "2025-02-03",
    "acceptedDate": "2025-02-03 14:37:45",
    "calendarYear": "2024",
    "period": "Q4",
    "revenue": 15243000000,
    "costOfRevenue": 16824000000,
    "grossProfit": -1581000000,
    "grossProfitRatio": -0.1037197402,
    "researchAndDevelopmentExpenses": 836000000,
    "generalAndAdministrativeExpenses": 0,
    "sellingAndMarketingExpenses": 0,
    "sellingGeneralAndAdministrativeExpenses": 1404000000,
    "otherExpenses": 0,
    "operatingExpenses": 2240000000,
    "costAndExpenses": 19064000000,
    "interestIncome": 0,
    "interestExpense": 755000000,
    "depreciationAndAmortization": 509000000,
    "ebitda": -2829000000,
    "ebitdaratio": -0.1855933871,
    "operatingIncome": -3821000000,
    "operatingIncomeRatio": -0.2506724398,
    "totalOtherIncomeExpensesNet": -272000000,
    "incomeBeforeTax": -4093000000,
    "incomeBeforeTaxRatio": -0.2685166962,
    "incomeTaxExpense": -232000000,
    "netIncome": -3865000000,
    "netIncomeRatio": -0.2535590107,
    "eps": -5.45,
    "epsdiluted": -5.45,
    "weightedAverageShsOut": 718100000,
    "weightedAverageShsOutDil": 718100000,
    "link": "https://www.sec.gov/Archives/edgar/data/12927/000001292725000015/0000012927-25-000015-index.htm",
    "finalLink": "https://www.sec.gov/Archives/edgar/data/12927/000001292725000015/ba-20241231.htm"
  },
  {
    "date": "2024-09-30",
    "symbol": "BA",
    "reportedCurrency": "USD",
    "cik": "0000012927",
    "fillingDate": "2024-10-23",
    "acceptedDate": "2024-10-23 12:43:27",
    "calendarYear": "2024",
    "period": "Q3",
    "revenue": 17840000000,
    "costOfRevenue": 21346000000,
    "grossProfit": -3506000000,
    "grossProfitRatio": -0.1965246637,
    "researchAndDevelopmentExpenses": 1154000000,
    "generalAndAdministrativeExpenses": 0,
    "sellingAndMarketingExpenses": 0,
    "sellingGeneralAndAdministrativeExpenses": 1087000000,
    "otherExpenses": 0,
    "operatingExpenses": 2241000000,
    "costAndExpenses": 23587000000,
    "interestIncome": 0,
    "interestExpense": 728000000,
    "depreciationAndAmortization": 444000000,
    "ebitda": -5052000000,
    "ebitdaratio": -0.2831838565,
    "operatingIncome": -5747000000,
    "operatingIncomeRatio": -0.3221412556,
    "totalOtherIncomeExpensesNet": -477000000,
    "incomeBeforeTax": -6224000000,
    "incomeBeforeTaxRatio": -0.3488789238,
    "incomeTaxExpense": -50000000,
    "netIncome": -6170000000,
    "netIncomeRatio": -0.3458520179,
    "eps": -9.97,
    "epsdiluted": -9.97,
    "weightedAverageShsOut": 618856570,
    "weightedAverageShsOutDil": 618856570,
    "link": "https://www.sec.gov/Archives/edgar/data/12927/000001292724000082/0000012927-24-000082-index.htm",
    "finalLink": "https://www.sec.gov/Archives/edgar/data/12927/000001292724000082/ba-20240930.htm"
  },
  {
    "date": "2024-06-30",
    "symbol": "BA",
    "reportedCurrency": "USD",
    "cik": "0000012927",
    "fillingDate": "2024-07-31",
    "acceptedDate": "2024-07-31 13:04:24",
    "calendarYear": "2024",
    "period": "Q2",
    "revenue": 16866000000,
    "costOfRevenue": 15620000000,
    "grossProfit": 1246000000,
    "grossProfitRatio": 0.0738764378,
    "researchAndDevelopmentExpenses": 954000000,
    "generalAndAdministrativeExpenses": 0,
    "sellingAndMarketingExpenses": 0,
    "sellingGeneralAndAdministrativeExpenses": 1369000000,
    "otherExpenses": 0,
    "operatingExpenses": 2323000000,
    "costAndExpenses": 17943000000,
    "interestIncome": 0,
    "interestExpense": 673000000,
    "depreciationAndAmortization": 441000000,
    "ebitda": -401000000,
    "ebitdaratio": -0.0237756433,
    "operatingIncome": -1077000000,
    "operatingIncomeRatio": -0.0638562789,
    "totalOtherIncomeExpensesNet": -438000000,
    "incomeBeforeTax": -1515000000,
    "incomeBeforeTaxRatio": -0.0898256848,
    "incomeTaxExpense": -76000000,
    "netIncome": -1439000000,
    "netIncomeRatio": -0.0853195778,
    "eps": -2.33,
    "epsdiluted": -2.33,
    "weightedAverageShsOut": 616300000,
    "weightedAverageShsOutDil": 616300000,
    "link": "https://www.sec.gov/Archives/edgar/data/12927/000001292724000055/0000012927-24-000055-index.htm",
    "finalLink": "https://www.sec.gov/Archives/edgar/data/12927/000001292724000055/ba-20240630.htm"
  },
  {
    "date": "2024-03-31",
    "symbol": "BA",
    "reportedCurrency": "USD",
    "cik": "0000012927",
    "fillingDate": "2024-04-24",
    "acceptedDate": "2024-04-24 13:10:36",
    "calendarYear": "2024",
    "period": "Q1",
    "revenue": 16569000000,
    "costOfRevenue": 14686000000,
    "grossProfit": 1883000000,
    "grossProfitRatio": 0.1136459654,
    "researchAndDevelopmentExpenses": 868000000,
    "generalAndAdministrativeExpenses": 0,
    "sellingAndMarketingExpenses": 0,
    "sellingGeneralAndAdministrativeExpenses": 1159000000,
    "otherExpenses": 0,
    "operatingExpenses": 2027000000,
    "costAndExpenses": 16713000000,
    "interestIncome": 0,
    "interestExpense": 569000000,
    "depreciationAndAmortization": 442000000,
    "ebitda": 633000000,
    "ebitdaratio": 0.0382038747,
    "operatingIncome": -144000000,
    "operatingIncomeRatio": -0.0086909288,
    "totalOtherIncomeExpensesNet": -234000000,
    "incomeBeforeTax": -378000000,
    "incomeBeforeTaxRatio": -0.0228136882,
    "incomeTaxExpense": -23000000,
    "netIncome": -343000000,
    "netIncomeRatio": -0.0207013097,
    "eps": -0.56,
    "epsdiluted": -0.56,
    "weightedAverageShsOut": 612900000,
    "weightedAverageShsOutDil": 612900000,
    "link": "https://www.sec.gov/Archives/edgar/data/12927/000001292724000025/0000012927-24-000025-index.htm",
    "finalLink": "https://www.sec.gov/Archives/edgar/data/12927/000001292724000025/ba-20240331.htm"
  },
  {
    "date": "2023-12-31",
    "symbol": "BA",
    "reportedCurrency": "USD",
    "cik": "0000012927",
    "fillingDate": "2024-01-31",
    "acceptedDate": "2024-01-31 12:45:19",
    "calendarYear": "2023",
    "period": "Q4",
    "revenue": 22018000000,
    "costOfRevenue": 19324000000,
    "grossProfit": 2694000000,
    "grossProfitRatio": 0.1223544373,
    "researchAndDevelopmentExpenses": 881000000,
    "generalAndAdministrativeExpenses": 0,
    "sellingAndMarketingExpenses": 0,
    "sellingGeneralAndAdministrativeExpenses": 1526000000,
    "otherExpenses": 0,
    "operatingExpenses": 2407000000,
    "costAndExpenses": 21731000000,
    "interestIncome": 0,
    "interestExpense": 600000000,
    "depreciationAndAmortization": 481000000,
    "ebitda": 1072000000,
    "ebitdaratio": 0.0486874376,
    "operatingIncome": 287000000,
    "operatingIncomeRatio": 0.0130347897,
    "totalOtherIncomeExpensesNet": -296000000,
    "incomeBeforeTax": -9000000,
    "incomeBeforeTaxRatio": -0.0004087565,
    "incomeTaxExpense": 21000000,
    "netIncome": -23000000,
    "netIncomeRatio": -0.0010445999,
    "eps": -0.04,
    "epsdiluted": -0.0377,
    "weightedAverageShsOut": 575000000,
    "weightedAverageShsOutDil": 609500000,
    "link": "https://www.sec.gov/Archives/edgar/data/12927/000001292724000010/0000012927-24-000010-index.htm",
    "finalLink": "https://www.sec.gov/Archives/edgar/data/12927/000001292724000010/ba-20231231.htm"
  },
  {
    "date": "2023-09-30",
    "symbol": "BA",
    "reportedCurrency": "USD",
    "cik": "0000012927",
    "fillingDate": "2023-10-25",
    "acceptedDate": "2023-10-25 12:55:02",
    "calendarYear": "2023",
    "period": "Q3",
    "revenue": 18104000000,
    "costOfRevenue": 16931000000,
    "grossProfit": 1173000000,
    "grossProfitRatio": 0.0647923111,
    "researchAndDevelopmentExpenses": 958000000,
    "generalAndAdministrativeExpenses": 0,
    "sellingAndMarketingExpenses": 0,
    "sellingGeneralAndAdministrativeExpenses": 1046000000,
    "otherExpenses": 0,
    "operatingExpenses": 2004000000,
    "costAndExpenses": 18935000000,
    "interestIncome": 0,
    "interestExpense": 589000000,
    "depreciationAndAmortization": 467000000,
    "ebitda": -44000000,
    "ebitdaratio": -0.0024304021,
    "operatingIncome": -831000000,
    "operatingIncomeRatio": -0.0459014582,
    "totalOtherIncomeExpensesNet": -269000000,
    "incomeBeforeTax": -1100000000,
    "incomeBeforeTaxRatio": -0.060760053,
    "incomeTaxExpense": 538000000,
    "netIncome": -1636000000,
    "netIncomeRatio": -0.0903667698,
    "eps": -2.7,
    "epsdiluted": -2.69,
    "weightedAverageShsOut": 605925926,
    "weightedAverageShsOutDil": 607200000,
    "link": "https://www.sec.gov/Archives/edgar/data/12927/000001292723000062/0000012927-23-000062-index.htm",
    "finalLink": "https://www.sec.gov/Archives/edgar/data/12927/000001292723000062/ba-20230930.htm"
  },
  {
    "date": "2023-06-30",
    "symbol": "BA",
    "reportedCurrency": "USD",
    "cik": "0000012927",
    "fillingDate": "2023-07-26",
    "acceptedDate": "2023-07-26 13:23:50",
    "calendarYear": "2023",
    "period": "Q2",
    "revenue": 19751000000,
    "costOfRevenue": 17818000000,
    "grossProfit": 1933000000,
    "grossProfitRatio": 0.0978684624,
    "researchAndDevelopmentExpenses": 797000000,
    "generalAndAdministrativeExpenses": 0,
    "sellingAndMarketingExpenses": 0,
    "sellingGeneralAndAdministrativeExpenses": 1277000000,
    "otherExpenses": 0,
    "operatingExpenses": 2074000000,
    "costAndExpenses": 19892000000,
    "interestIncome": 0,
    "interestExpense": 621000000,
    "depreciationAndAmortization": 456000000,
    "ebitda": 677000000,
    "ebitdaratio": 0.0342767455,
    "operatingIncome": -141000000,
    "operatingIncomeRatio": -0.007138879,
    "totalOtherIncomeExpensesNet": -259000000,
    "incomeBeforeTax": -400000000,
    "incomeBeforeTaxRatio": -0.0202521391,
    "incomeTaxExpense": -251000000,
    "netIncome": -149000000,
    "netIncomeRatio": -0.0075439218,
    "eps": -0.25,
    "epsdiluted": -0.25,
    "weightedAverageShsOut": 605500000,
    "weightedAverageShsOutDil": 605500000,
    "link": "https://www.sec.gov/Archives/edgar/data/12927/000001292723000048/0000012927-23-000048-index.htm",
    "finalLink": "https://www.sec.gov/Archives/edgar/data/12927/000001292723000048/ba-20230630.htm"
  },
  {
    "date": "2023-03-31",
    "symbol": "BA",
    "reportedCurrency": "USD",
    "cik": "0000012927",
    "fillingDate": "2023-04-26",
    "acceptedDate": "2023-04-26 13:03:42",
    "calendarYear": "2023",
    "period": "Q1",
    "revenue": 17921000000,
    "costOfRevenue": 16013000000,
    "grossProfit": 1908000000,
    "grossProfitRatio": 0.106467273,
    "researchAndDevelopmentExpenses": 741000000,
    "generalAndAdministrativeExpenses": 0,
    "sellingAndMarketingExpenses": 0,
    "sellingGeneralAndAdministrativeExpenses": 1295000000,
    "otherExpenses": 0,
    "operatingExpenses": 2036000000,
    "costAndExpenses": 18049000000,
    "interestIncome": 0,
    "interestExpense": 649000000,
    "depreciationAndAmortization": 457000000,
    "ebitda": 610000000,
    "ebitdaratio": 0.0340382791,
    "operatingIncome": -128000000,
    "operatingIncomeRatio": -0.0071424586,
    "totalOtherIncomeExpensesNet": -368000000,
    "incomeBeforeTax": -496000000,
    "incomeBeforeTaxRatio": -0.027677027,
    "incomeTaxExpense": -71000000,
    "netIncome": -414000000,
    "netIncomeRatio": -0.0231013894,
    "eps": -0.69,
    "epsdiluted": -0.69,
    "weightedAverageShsOut": 600000000,
    "weightedAverageShsOutDil": 602500000,
    "link": "https://www.sec.gov/Archives/edgar/data/12927/000001292723000029/0000012927-23-000029-index.htm",
    "finalLink": "https://www.sec.gov/Archives/edgar/data/12927/000001292723000029/ba-20230331.htm"
  },
  {
    "date": "2022-12-31",
    "symbol": "BA",
    "reportedCurrency": "USD",
    "cik": "0000012927",
    "fillingDate": "2023-01-27",
    "acceptedDate": "2023-01-27 14:26:33",
    "calendarYear": "2022",
    "period": "Q4",
    "revenue": 19980000000,
    "costOfRevenue": 18135000000,
    "grossProfit": 1845000000,
    "grossProfitRatio": 0.0923423423,
    "researchAndDevelopmentExpenses": 794000000,
    "generalAndAdministrativeExpenses": 0,
    "sellingAndMarketingExpenses": 0,
    "sellingGeneralAndAdministrativeExpenses": 1416000000,
    "otherExpenses": 0,
    "operatingExpenses": 2210000000,
    "costAndExpenses": 20345000000,
    "interestIncome": 0,
    "interestExpense": 632000000,
    "depreciationAndAmortization": 502000000,
    "ebitda": 485000000,
    "ebitdaratio": 0.0242742743,
    "operatingIncome": -365000000,
    "operatingIncomeRatio": -0.0182682683,
    "totalOtherIncomeExpensesNet": -284000000,
    "incomeBeforeTax": -649000000,
    "incomeBeforeTaxRatio": -0.0324824825,
    "incomeTaxExpense": 14000000,
    "netIncome": -634000000,
    "netIncomeRatio": -0.0317317317,
    "eps": -0.91,
    "epsdiluted": -0.91,
    "weightedAverageShsOut": 598113208,
    "weightedAverageShsOutDil": 598900000,
    "link": "https://www.sec.gov/Archives/edgar/data/12927/000001292723000007/0000012927-23-000007-index.htm",
    "finalLink": "https://www.sec.gov/Archives/edgar/data/12927/000001292723000007/ba-20221231.htm"
  },
  {
    "date": "2022-09-30",
    "symbol": "BA",
    "reportedCurrency": "USD",
    "cik": "0000012927",
    "fillingDate": "2022-10-26",
    "acceptedDate": "2022-10-26 12:59:26",
    "calendarYear": "2022",
    "period": "Q3",
    "revenue": 15955000000,
    "costOfRevenue": 16788000000,
    "grossProfit": -833000000,
    "grossProfitRatio": -0.0522093388,
    "researchAndDevelopmentExpenses": 727000000,
    "generalAndAdministrativeExpenses": 0,
    "sellingAndMarketingExpenses": 0,
    "sellingGeneralAndAdministrativeExpenses": 1223000000,
    "otherExpenses": 0,
    "operatingExpenses": 1950000000,
    "costAndExpenses": 18738000000,
    "interestIncome": 0,
    "interestExpense": 621000000,
    "depreciationAndAmortization": 493000000,
    "ebitda": -2018000000,
    "ebitdaratio": -0.126480727,
    "operatingIncome": -2783000000,
    "operatingIncomeRatio": -0.174428079,
    "totalOtherIncomeExpensesNet": -349000000,
    "incomeBeforeTax": -3132000000,
    "incomeBeforeTaxRatio": -0.1963020997,
    "incomeTaxExpense": 176000000,
    "netIncome": -3275000000,
    "netIncomeRatio": -0.2052648073,
    "eps": -5.55,
    "epsdiluted": -5.55,
    "weightedAverageShsOut": 596300000,
    "weightedAverageShsOutDil": 596300000,
    "link": "https://www.sec.gov/Archives/edgar/data/12927/000001292722000073/0000012927-22-000073-index.htm",
    "finalLink": "https://www.sec.gov/Archives/edgar/data/12927/000001292722000073/ba-20220930.htm"
  },
  {
    "date": "2022-06-30",
    "symbol": "BA",
    "reportedCurrency": "USD",
    "cik": "0000012927",
    "fillingDate": "2022-07-27",
    "acceptedDate": "2022-07-27 12:10:45",
    "calendarYear": "2022",
    "period": "Q2",
    "revenue": 16681000000,
    "costOfRevenue": 14570000000,
    "grossProfit": 2111000000,
    "grossProfitRatio": 0.126551166,
    "researchAndDevelopmentExpenses": 698000000,
    "generalAndAdministrativeExpenses": 0,
    "sellingAndMarketingExpenses": 0,
    "sellingGeneralAndAdministrativeExpenses": 663000000,
    "otherExpenses": 0,
    "operatingExpenses": 1361000000,
    "costAndExpenses": 15931000000,
    "interestIncome": 0,
    "interestExpense": 650000000,
    "depreciationAndAmortization": 498000000,
    "ebitda": 1525000000,
    "ebitdaratio": 0.0914213776,
    "operatingIncome": 750000000,
    "operatingIncomeRatio": 0.0449613333,
    "totalOtherIncomeExpensesNet": -373000000,
    "incomeBeforeTax": 377000000,
    "incomeBeforeTaxRatio": 0.0226005635,
    "incomeTaxExpense": 217000000,
    "netIncome": 193000000,
    "netIncomeRatio": 0.0115700498,
    "eps": 0.32,
    "epsdiluted": 0.32,
    "weightedAverageShsOut": 596100000,
    "weightedAverageShsOutDil": 596100000,
    "link": "https://www.sec.gov/Archives/edgar/data/12927/000001292722000058/0000012927-22-000058-index.htm",
    "finalLink": "https://www.sec.gov/Archives/edgar/data/12927/000001292722000058/ba-20220630.htm"
  },
  {
    "date": "2022-03-31",
    "symbol": "BA",
    "reportedCurrency": "USD",
    "cik": "0000012927",
    "fillingDate": "2022-04-27",
    "acceptedDate": "2022-04-27 12:35:48",
    "calendarYear": "2022",
    "period": "Q1",
    "revenue": 13991000000,
    "costOfRevenue": 13651000000,
    "grossProfit": 340000000,
    "grossProfitRatio": 0.0243013366,
    "researchAndDevelopmentExpenses": 633000000,
    "generalAndAdministrativeExpenses": 0,
    "sellingAndMarketingExpenses": 0,
    "sellingGeneralAndAdministrativeExpenses": 864000000,
    "otherExpenses": 0,
    "operatingExpenses": 1497000000,
    "costAndExpenses": 15148000000,
    "interestIncome": 0,
    "interestExpense": 630000000,
    "depreciationAndAmortization": 486000000,
    "ebitda": -502000000,
    "ebitdaratio": -0.0358802087,
    "operatingIncome": -1157000000,
    "operatingIncomeRatio": -0.0826960189,
    "totalOtherIncomeExpensesNet": -461000000,
    "incomeBeforeTax": -1618000000,
    "incomeBeforeTaxRatio": -0.1156457723,
    "incomeTaxExpense": -376000000,
    "netIncome": -1219000000,
    "netIncomeRatio": -0.0871274391,
    "eps": -2.06,
    "epsdiluted": -2.06,
    "weightedAverageShsOut": 591400000,
    "weightedAverageShsOutDil": 591400000,
    "link": "https://www.sec.gov/Archives/edgar/data/12927/000001292722000022/0000012927-22-000022-index.htm",
    "finalLink": "https://www.sec.gov/Archives/edgar/data/12927/000001292722000022/ba-20220331.htm"
  },
  {
    "date": "2021-12-31",
    "symbol": "BA",
    "reportedCurrency": "USD",
    "cik": "0000012927",
    "fillingDate": "2022-01-31",
    "acceptedDate": "2022-01-31 10:33:32",
    "calendarYear": "2021",
    "period": "Q4",
    "revenue": 14793000000,
    "costOfRevenue": 13847000000,
    "grossProfit": 946000000,
    "grossProfitRatio": 0.0639491651,
    "researchAndDevelopmentExpenses": 678000000,
    "generalAndAdministrativeExpenses": 0,
    "sellingAndMarketingExpenses": 0,
    "sellingGeneralAndAdministrativeExpenses": 988000000,
    "otherExpenses": 0,
    "operatingExpenses": 1666000000,
    "costAndExpenses": 15513000000,
    "interestIncome": 0,
    "interestExpense": 661000000,
    "depreciationAndAmortization": 534000000,
    "ebitda": -3505000000,
    "ebitdaratio": -0.2369363888,
    "operatingIncome": -720000000,
    "operatingIncomeRatio": -0.048671669,
    "totalOtherIncomeExpensesNet": -3980000000,
    "incomeBeforeTax": -4700000000,
    "incomeBeforeTaxRatio": -0.3177178395,
    "incomeTaxExpense": -536000000,
    "netIncome": -4143000000,
    "netIncomeRatio": -0.2800648956,
    "eps": -7.02,
    "epsdiluted": -7.02,
    "weightedAverageShsOut": 590170940,
    "weightedAverageShsOutDil": 590300000,
    "link": "https://www.sec.gov/Archives/edgar/data/12927/000001292722000010/0000012927-22-000010-index.htm",
    "finalLink": "https://www.sec.gov/Archives/edgar/data/12927/000001292722000010/ba-20211231.htm"
  },
  {
    "date": "2021-09-30",
    "symbol": "BA",
    "reportedCurrency": "USD",
    "cik": "0000012927",
    "fillingDate": "2021-10-27",
    "acceptedDate": "2021-10-27 13:33:36",
    "calendarYear": "2021",
    "period": "Q3",
    "revenue": 15278000000,
    "costOfRevenue": 13571000000,
    "grossProfit": 1707000000,
    "grossProfitRatio": 0.1117292839,
    "researchAndDevelopmentExpenses": 575000000,
    "generalAndAdministrativeExpenses": 0,
    "sellingAndMarketingExpenses": 0,
    "sellingGeneralAndAdministrativeExpenses": 1098000000,
    "otherExpenses": 0,
    "operatingExpenses": 1673000000,
    "costAndExpenses": 15244000000,
    "interestIncome": 0,
    "interestExpense": 669000000,
    "depreciationAndAmortization": 523000000,
    "ebitda": 882000000,
    "ebitdaratio": 0.0577300694,
    "operatingIncome": 34000000,
    "operatingIncomeRatio": 0.0022254222,
    "totalOtherIncomeExpensesNet": -344000000,
    "incomeBeforeTax": -310000000,
    "incomeBeforeTaxRatio": -0.020290614,
    "incomeTaxExpense": -178000000,
    "netIncome": -109000000,
    "netIncomeRatio": -0.0071344417,
    "eps": -0.19,
    "epsdiluted": -0.19,
    "weightedAverageShsOut": 588600000,
    "weightedAverageShsOutDil": 588600000,
    "link": "https://www.sec.gov/Archives/edgar/data/12927/000001292721000094/0000012927-21-000094-index.htm",
    "finalLink": "https://www.sec.gov/Archives/edgar/data/12927/000001292721000094/ba-20210930.htm"
  },
  {
    "date": "2021-06-30",
    "symbol": "BA",
    "reportedCurrency": "USD",
    "cik": "0000012927",
    "fillingDate": "2021-07-28",
    "acceptedDate": "2021-07-28 13:03:50",
    "calendarYear": "2021",
    "period": "Q2",
    "revenue": 16998000000,
    "costOfRevenue": 14581000000,
    "grossProfit": 2417000000,
    "grossProfitRatio": 0.1421931992,
    "researchAndDevelopmentExpenses": 497000000,
    "generalAndAdministrativeExpenses": 0,
    "sellingAndMarketingExpenses": 0,
    "sellingGeneralAndAdministrativeExpenses": 1047000000,
    "otherExpenses": 0,
    "operatingExpenses": 1544000000,
    "costAndExpenses": 16125000000,
    "interestIncome": 0,
    "interestExpense": 673000000,
    "depreciationAndAmortization": 551000000,
    "ebitda": 1773000000,
    "ebitdaratio": 0.104306389,
    "operatingIncome": 873000000,
    "operatingIncomeRatio": 0.0513589834,
    "totalOtherIncomeExpensesNet": -324000000,
    "incomeBeforeTax": 549000000,
    "incomeBeforeTaxRatio": 0.0322979174,
    "incomeTaxExpense": -18000000,
    "netIncome": 587000000,
    "netIncomeRatio": 0.0345334745,
    "eps": 1,
    "epsdiluted": 1,
    "weightedAverageShsOut": 590200000,
    "weightedAverageShsOutDil": 590200000,
    "link": "https://www.sec.gov/Archives/edgar/data/12927/000001292721000073/0000012927-21-000073-index.htm",
    "finalLink": "https://www.sec.gov/Archives/edgar/data/12927/000001292721000073/ba-20210630.htm"
  },
  {
    "date": "2021-03-31",
    "symbol": "BA",
    "reportedCurrency": "USD",
    "cik": "0000012927",
    "fillingDate": "2021-04-28",
    "acceptedDate": "2021-04-28 12:51:04",
    "calendarYear": "2021",
    "period": "Q1",
    "revenue": 15217000000,
    "costOfRevenue": 13805000000,
    "grossProfit": 1412000000,
    "grossProfitRatio": 0.0927909575,
    "researchAndDevelopmentExpenses": 499000000,
    "generalAndAdministrativeExpenses": 0,
    "sellingAndMarketingExpenses": 0,
    "sellingGeneralAndAdministrativeExpenses": 1037000000,
    "otherExpenses": 0,
    "operatingExpenses": 1536000000,
    "costAndExpenses": 15341000000,
    "interestIncome": 0,
    "interestExpense": 679000000,
    "depreciationAndAmortization": 536000000,
    "ebitda": 643000000,
    "ebitdaratio": 0.0422553723,
    "operatingIncome": -124000000,
    "operatingIncomeRatio": -0.008148781,
    "totalOtherIncomeExpensesNet": -448000000,
    "incomeBeforeTax": -572000000,
    "incomeBeforeTaxRatio": -0.037589538,
    "incomeTaxExpense": -11000000,
    "netIncome": -537000000,
    "netIncomeRatio": -0.0352894789,
    "eps": -0.92,
    "epsdiluted": -0.92,
    "weightedAverageShsOut": 585000000,
    "weightedAverageShsOutDil": 585000000,
    "link": "https://www.sec.gov/Archives/edgar/data/12927/000001292721000040/0000012927-21-000040-index.htm",
    "finalLink": "https://www.sec.gov/Archives/edgar/data/12927/000001292721000040/ba-20210331.htm"
  },
  {
    "date": "2020-12-31",
    "symbol": "BA",
    "reportedCurrency": "USD",
    "cik": "0000012927",
    "fillingDate": "2021-02-01",
    "acceptedDate": "2021-02-01 14:20:17",
    "calendarYear": "2020",
    "period": "Q4",
    "revenue": 15305000000,
    "costOfRevenue": 14468000000,
    "grossProfit": 837000000,
    "grossProfitRatio": 0.0546880105,
    "researchAndDevelopmentExpenses": 605000000,
    "generalAndAdministrativeExpenses": 0,
    "sellingAndMarketingExpenses": 0,
    "sellingGeneralAndAdministrativeExpenses": 1815000000,
    "otherExpenses": 0,
    "operatingExpenses": 2420000000,
    "costAndExpenses": 16888000000,
    "interestIncome": 0,
    "interestExpense": 698000000,
    "depreciationAndAmortization": 578000000,
    "ebitda": -7349000000,
    "ebitdaratio": -0.4801698791,
    "operatingIncome": -1583000000,
    "operatingIncomeRatio": -0.1034302516,
    "totalOtherIncomeExpensesNet": -7042000000,
    "incomeBeforeTax": -8625000000,
    "incomeBeforeTaxRatio": -0.5635413264,
    "incomeTaxExpense": -186000000,
    "netIncome": -8420000000,
    "netIncomeRatio": -0.5501470108,
    "eps": -14.65,
    "epsdiluted": -14.65,
    "weightedAverageShsOut": 574744027,
    "weightedAverageShsOutDil": 575400000,
    "link": "https://www.sec.gov/Archives/edgar/data/12927/000001292721000011/0000012927-21-000011-index.htm",
    "finalLink": "https://www.sec.gov/Archives/edgar/data/12927/000001292721000011/ba-20201231.htm"
  },
  {
    "date": "2020-09-30",
    "symbol": "BA",
    "reportedCurrency": "USD",
    "cik": "0000012927",
    "fillingDate": "2020-10-28",
    "acceptedDate": "2020-10-28 12:41:12",
    "calendarYear": "2020",
    "period": "Q3",
    "revenue": 14140000000,
    "costOfRevenue": 13096000000,
    "grossProfit": 1044000000,
    "grossProfitRatio": 0.0738330976,
    "researchAndDevelopmentExpenses": 574000000,
    "generalAndAdministrativeExpenses": 0,
    "sellingAndMarketingExpenses": 0,
    "sellingGeneralAndAdministrativeExpenses": 955000000,
    "otherExpenses": 0,
    "operatingExpenses": 1529000000,
    "costAndExpenses": 14625000000,
    "interestIncome": 0,
    "interestExpense": 643000000,
    "depreciationAndAmortization": 565000000,
    "ebitda": 283000000,
    "ebitdaratio": 0.0200141443,
    "operatingIncome": -485000000,
    "operatingIncomeRatio": -0.0342998586,
    "totalOtherIncomeExpensesNet": -440000000,
    "incomeBeforeTax": -925000000,
    "incomeBeforeTaxRatio": -0.065417256,
    "incomeTaxExpense": -459000000,
    "netIncome": -449000000,
    "netIncomeRatio": -0.0317538897,
    "eps": -0.79,
    "epsdiluted": -0.79,
    "weightedAverageShsOut": 568354430,
    "weightedAverageShsOutDil": 568354430,
    "link": "https://www.sec.gov/Archives/edgar/data/12927/000001292720000076/0000012927-20-000076-index.htm",
    "finalLink": "https://www.sec.gov/Archives/edgar/data/12927/000001292720000076/ba-20200930.htm"
  },
  {
    "date": "2020-06-30",
    "symbol": "BA",
    "reportedCurrency": "USD",
    "cik": "0000012927",
    "fillingDate": "2020-07-29",
    "acceptedDate": "2020-07-29 13:56:40",
    "calendarYear": "2020",
    "period": "Q2",
    "revenue": 11807000000,
    "costOfRevenue": 12971000000,
    "grossProfit": -1164000000,
    "grossProfitRatio": -0.0985855848,
    "researchAndDevelopmentExpenses": 625000000,
    "generalAndAdministrativeExpenses": 0,
    "sellingAndMarketingExpenses": 0,
    "sellingGeneralAndAdministrativeExpenses": 1167000000,
    "otherExpenses": 0,
    "operatingExpenses": 1792000000,
    "costAndExpenses": 14763000000,
    "interestIncome": 0,
    "interestExpense": 553000000,
    "depreciationAndAmortization": 547000000,
    "ebitda": -2323000000,
    "ebitdaratio": -0.196747692,
    "operatingIncome": -2956000000,
    "operatingIncomeRatio": -0.250359956,
    "totalOtherIncomeExpensesNet": -467000000,
    "incomeBeforeTax": -3423000000,
    "incomeBeforeTaxRatio": -0.2899127636,
    "incomeTaxExpense": -1028000000,
    "netIncome": -2376000000,
    "netIncomeRatio": -0.2012365546,
    "eps": -4.2,
    "epsdiluted": -4.2,
    "weightedAverageShsOut": 565900000,
    "weightedAverageShsOutDil": 566400000,
    "link": "https://www.sec.gov/Archives/edgar/data/12927/000001292720000065/0000012927-20-000065-index.htm",
    "finalLink": "https://www.sec.gov/Archives/edgar/data/12927/000001292720000065/a202006jun3010-q.htm"
  },
  {
    "date": "2020-03-31",
    "symbol": "BA",
    "reportedCurrency": "USD",
    "cik": "0000012927",
    "fillingDate": "2020-04-29",
    "acceptedDate": "2020-04-29 12:54:55",
    "calendarYear": "2020",
    "period": "Q1",
    "revenue": 16909000000,
    "costOfRevenue": 16766000000,
    "grossProfit": 143000000,
    "grossProfitRatio": 0.0084570347,
    "researchAndDevelopmentExpenses": 672000000,
    "generalAndAdministrativeExpenses": 0,
    "sellingAndMarketingExpenses": 0,
    "sellingGeneralAndAdministrativeExpenses": 873000000,
    "otherExpenses": 0,
    "operatingExpenses": 1545000000,
    "costAndExpenses": 18311000000,
    "interestIncome": 0,
    "interestExpense": 262000000,
    "depreciationAndAmortization": 556000000,
    "ebitda": -685000000,
    "ebitdaratio": -0.0405109705,
    "operatingIncome": -1402000000,
    "operatingIncomeRatio": -0.0829144243,
    "totalOtherIncomeExpensesNet": -101000000,
    "incomeBeforeTax": -1503000000,
    "incomeBeforeTaxRatio": -0.0888875747,
    "incomeTaxExpense": -862000000,
    "netIncome": -628000000,
    "netIncomeRatio": -0.0371399846,
    "eps": -1.11,
    "epsdiluted": -1.11,
    "weightedAverageShsOut": 565400000,
    "weightedAverageShsOutDil": 565400000,
    "link": "https://www.sec.gov/Archives/edgar/data/12927/000001292720000045/0000012927-20-000045-index.htm",
    "finalLink": "https://www.sec.gov/Archives/edgar/data/12927/000001292720000045/a202003mar3110-q.htm"
  },
  {
    "date": "2019-12-31",
    "symbol": "BA",
    "reportedCurrency": "USD",
    "cik": "0000012927",
    "fillingDate": "2020-01-31",
    "acceptedDate": "2020-01-31 13:23:40",
    "calendarYear": "2019",
    "period": "Q4",
    "revenue": 17911000000,
    "costOfRevenue": 18703000000,
    "grossProfit": -792000000,
    "grossProfitRatio": -0.0442186366,
    "researchAndDevelopmentExpenses": 749000000,
    "generalAndAdministrativeExpenses": 0,
    "sellingAndMarketingExpenses": 0,
    "sellingGeneralAndAdministrativeExpenses": 707000000,
    "otherExpenses": 0,
    "operatingExpenses": 1456000000,
    "costAndExpenses": 20159000000,
    "interestIncome": 0,
    "interestExpense": 242000000,
    "depreciationAndAmortization": 628000000,
    "ebitda": -1472000000,
    "ebitdaratio": -0.0821841327,
    "operatingIncome": -2248000000,
    "operatingIncomeRatio": -0.1255094635,
    "totalOtherIncomeExpensesNet": -94000000,
    "incomeBeforeTax": -2342000000,
    "incomeBeforeTaxRatio": -0.130757635,
    "incomeTaxExpense": -1332000000,
    "netIncome": -1010000000,
    "netIncomeRatio": -0.056389928,
    "eps": -1.79,
    "epsdiluted": -1.79,
    "weightedAverageShsOut": 564245810,
    "weightedAverageShsOutDil": 565400000,
    "link": "https://www.sec.gov/Archives/edgar/data/12927/000001292720000014/0000012927-20-000014-index.htm",
    "finalLink": "https://www.sec.gov/Archives/edgar/data/12927/000001292720000014/a201912dec3110k.htm"
  },
  {
    "date": "2019-09-30",
    "symbol": "BA",
    "reportedCurrency": "USD",
    "cik": "0000012927",
    "fillingDate": "2019-10-23",
    "acceptedDate": "2019-10-23 12:44:54",
    "calendarYear": "2019",
    "period": "Q3",
    "revenue": 19986000000,
    "costOfRevenue": 16921000000,
    "grossProfit": 3065000000,
    "grossProfitRatio": 0.1533573501,
    "researchAndDevelopmentExpenses": 778000000,
    "generalAndAdministrativeExpenses": 0,
    "sellingAndMarketingExpenses": 0,
    "sellingGeneralAndAdministrativeExpenses": 948000000,
    "otherExpenses": 0,
    "operatingExpenses": 1726000000,
    "costAndExpenses": 18647000000,
    "interestIncome": 0,
    "interestExpense": 203000000,
    "depreciationAndAmortization": 576000000,
    "ebitda": 1956000000,
    "ebitdaratio": 0.097868508,
    "operatingIncome": 1339000000,
    "operatingIncomeRatio": 0.0669968978,
    "totalOtherIncomeExpensesNet": -162000000,
    "incomeBeforeTax": 1177000000,
    "incomeBeforeTaxRatio": 0.0588912239,
    "incomeTaxExpense": 10000000,
    "netIncome": 1166000000,
    "netIncomeRatio": 0.0583408386,
    "eps": 2.07,
    "epsdiluted": 2.05,
    "weightedAverageShsOut": 564600000,
    "weightedAverageShsOutDil": 568600000,
    "link": "https://www.sec.gov/Archives/edgar/data/12927/000001292719000077/0000012927-19-000077-index.htm",
    "finalLink": "https://www.sec.gov/Archives/edgar/data/12927/000001292719000077/a201909sep3010-q.htm"
  },
  {
    "date": "2019-06-30",
    "symbol": "BA",
    "reportedCurrency": "USD",
    "cik": "0000012927",
    "fillingDate": "2019-07-24",
    "acceptedDate": "2019-07-24 12:42:25",
    "calendarYear": "2019",
    "period": "Q2",
    "revenue": 15750000000,
    "costOfRevenue": 17803000000,
    "grossProfit": -2053000000,
    "grossProfitRatio": -0.1303492063,
    "researchAndDevelopmentExpenses": 826000000,
    "generalAndAdministrativeExpenses": 0,
    "sellingAndMarketingExpenses": 0,
    "sellingGeneralAndAdministrativeExpenses": 643000000,
    "otherExpenses": 0,
    "operatingExpenses": 1469000000,
    "costAndExpenses": 19272000000,
    "interestIncome": 0,
    "interestExpense": 154000000,
    "depreciationAndAmortization": 546000000,
    "ebitda": -2727000000,
    "ebitdaratio": -0.1731428571,
    "operatingIncome": -3522000000,
    "operatingIncomeRatio": -0.2236190476,
    "totalOtherIncomeExpensesNet": 95000000,
    "incomeBeforeTax": -3427000000,
    "incomeBeforeTaxRatio": -0.2175873016,
    "incomeTaxExpense": -485000000,
    "netIncome": -2942000000,
    "netIncomeRatio": -0.1867936508,
    "eps": -5.21,
    "epsdiluted": -5.21,
    "weightedAverageShsOut": 564700000,
    "weightedAverageShsOutDil": 564700000,
    "link": "https://www.sec.gov/Archives/edgar/data/12927/000001292719000063/0000012927-19-000063-index.htm",
    "finalLink": "https://www.sec.gov/Archives/edgar/data/12927/000001292719000063/a201906jun3010-q.htm"
  },
  {
    "date": "2019-03-31",
    "symbol": "BA",
    "reportedCurrency": "USD",
    "cik": "0000012927",
    "fillingDate": "2019-04-24",
    "acceptedDate": "2019-04-24 12:56:09",
    "calendarYear": "2019",
    "period": "Q1",
    "revenue": 22912000000,
    "costOfRevenue": 18641000000,
    "grossProfit": 4271000000,
    "grossProfitRatio": 0.1864088687,
    "researchAndDevelopmentExpenses": 866000000,
    "generalAndAdministrativeExpenses": 0,
    "sellingAndMarketingExpenses": 0,
    "sellingGeneralAndAdministrativeExpenses": 902000000,
    "otherExpenses": 0,
    "operatingExpenses": 1768000000,
    "costAndExpenses": 20409000000,
    "interestIncome": 0,
    "interestExpense": 123000000,
    "depreciationAndAmortization": 521000000,
    "ebitda": 2977000000,
    "ebitdaratio": 0.1299319134,
    "operatingIncome": 2503000000,
    "operatingIncomeRatio": 0.1092440642,
    "totalOtherIncomeExpensesNet": -170000000,
    "incomeBeforeTax": 2333000000,
    "incomeBeforeTaxRatio": 0.1018243715,
    "incomeTaxExpense": 184000000,
    "netIncome": 2147000000,
    "netIncomeRatio": 0.0937063547,
    "eps": 3.79,
    "epsdiluted": 3.75,
    "weightedAverageShsOut": 567018470,
    "weightedAverageShsOutDil": 572400000,
    "link": "https://www.sec.gov/Archives/edgar/data/12927/000001292719000030/0000012927-19-000030-index.htm",
    "finalLink": "https://www.sec.gov/Archives/edgar/data/12927/000001292719000030/a201903mar3110-q.htm"
  },
  {
    "date": "2018-12-31",
    "symbol": "BA",
    "reportedCurrency": "USD",
    "cik": "0000012927",
    "fillingDate": "2019-02-08",
    "acceptedDate": "2019-02-08 13:10:39",
    "calendarYear": "2018",
    "period": "Q4",
    "revenue": 28341000000,
    "costOfRevenue": 22090000000,
    "grossProfit": 6251000000,
    "grossProfitRatio": 0.2205638474,
    "researchAndDevelopmentExpenses": 852000000,
    "generalAndAdministrativeExpenses": 0,
    "sellingAndMarketingExpenses": 0,
    "sellingGeneralAndAdministrativeExpenses": 1222000000,
    "otherExpenses": 0,
    "operatingExpenses": 2074000000,
    "costAndExpenses": 24164000000,
    "interestIncome": 0,
    "interestExpense": 158000000,
    "depreciationAndAmortization": 583000000,
    "ebitda": 4787000000,
    "ebitdaratio": 0.1689072369,
    "operatingIncome": 4177000000,
    "operatingIncomeRatio": 0.1473836491,
    "totalOtherIncomeExpensesNet": -131000000,
    "incomeBeforeTax": 4046000000,
    "incomeBeforeTaxRatio": 0.1427613705,
    "incomeTaxExpense": 622000000,
    "netIncome": 3422000000,
    "netIncomeRatio": 0.1207437987,
    "eps": 6,
    "epsdiluted": 5.93,
    "weightedAverageShsOut": 570666667,
    "weightedAverageShsOutDil": 577500000,
    "link": "https://www.sec.gov/Archives/edgar/data/12927/000001292719000010/0000012927-19-000010-index.htm",
    "finalLink": "https://www.sec.gov/Archives/edgar/data/12927/000001292719000010/a201812dec3110k.htm"
  },
  {
    "date": "2018-09-30",
    "symbol": "BA",
    "reportedCurrency": "USD",
    "cik": "0000012927",
    "fillingDate": "2018-10-24",
    "acceptedDate": "2018-10-24 13:38:46",
    "calendarYear": "2018",
    "period": "Q3",
    "revenue": 25146000000,
    "costOfRevenue": 21040000000,
    "grossProfit": 4106000000,
    "grossProfitRatio": 0.1632864074,
    "researchAndDevelopmentExpenses": 826000000,
    "generalAndAdministrativeExpenses": 0,
    "sellingAndMarketingExpenses": 0,
    "sellingGeneralAndAdministrativeExpenses": 1154000000,
    "otherExpenses": 0,
    "operatingExpenses": 1980000000,
    "costAndExpenses": 23020000000,
    "interestIncome": 0,
    "interestExpense": 106000000,
    "depreciationAndAmortization": 523000000,
    "ebitda": 2762000000,
    "ebitdaratio": 0.1098385429,
    "operatingIncome": 2126000000,
    "operatingIncomeRatio": 0.0845462499,
    "totalOtherIncomeExpensesNet": 7000000,
    "incomeBeforeTax": 2133000000,
    "incomeBeforeTaxRatio": 0.0848246242,
    "incomeTaxExpense": -230000000,
    "netIncome": 2361000000,
    "netIncomeRatio": 0.0938916726,
    "eps": 4.11,
    "epsdiluted": 4.07,
    "weightedAverageShsOut": 574200000,
    "weightedAverageShsOutDil": 580200000,
    "link": "https://www.sec.gov/Archives/edgar/data/12927/000001292718000065/0000012927-18-000065-index.htm",
    "finalLink": "https://www.sec.gov/Archives/edgar/data/12927/000001292718000065/a201809sep3010-q.htm"
  },
  {
    "date": "2018-06-30",
    "symbol": "BA",
    "reportedCurrency": "USD",
    "cik": "0000012927",
    "fillingDate": "2018-07-25",
    "acceptedDate": "2018-07-25 12:55:19",
    "calendarYear": "2018",
    "period": "Q2",
    "revenue": 24258000000,
    "costOfRevenue": 19536000000,
    "grossProfit": 4722000000,
    "grossProfitRatio": 0.1946574326,
    "researchAndDevelopmentExpenses": 827000000,
    "generalAndAdministrativeExpenses": 0,
    "sellingAndMarketingExpenses": 0,
    "sellingGeneralAndAdministrativeExpenses": 1194000000,
    "otherExpenses": 0,
    "operatingExpenses": 2021000000,
    "costAndExpenses": 21557000000,
    "interestIncome": 0,
    "interestExpense": 109000000,
    "depreciationAndAmortization": 507000000,
    "ebitda": 3202000000,
    "ebitdaratio": 0.1319976915,
    "operatingIncome": 2701000000,
    "operatingIncomeRatio": 0.111344711,
    "totalOtherIncomeExpensesNet": -115000000,
    "incomeBeforeTax": 2586000000,
    "incomeBeforeTaxRatio": 0.1066040069,
    "incomeTaxExpense": 390000000,
    "netIncome": 2196000000,
    "netIncomeRatio": 0.0905268365,
    "eps": 3.77,
    "epsdiluted": 3.73,
    "weightedAverageShsOut": 581900000,
    "weightedAverageShsOutDil": 588000000,
    "link": "https://www.sec.gov/Archives/edgar/data/12927/000001292718000048/0000012927-18-000048-index.htm",
    "finalLink": "https://www.sec.gov/Archives/edgar/data/12927/000001292718000048/a201806jun3010-q.htm"
  },
  {
    "date": "2018-03-31",
    "symbol": "BA",
    "reportedCurrency": "USD",
    "cik": "0000012927",
    "fillingDate": "2018-04-25",
    "acceptedDate": "2018-04-25 12:42:54",
    "calendarYear": "2018",
    "period": "Q1",
    "revenue": 23382000000,
    "costOfRevenue": 18824000000,
    "grossProfit": 4558000000,
    "grossProfitRatio": 0.1949362758,
    "researchAndDevelopmentExpenses": 764000000,
    "generalAndAdministrativeExpenses": 0,
    "sellingAndMarketingExpenses": 0,
    "sellingGeneralAndAdministrativeExpenses": 997000000,
    "otherExpenses": 0,
    "operatingExpenses": 1761000000,
    "costAndExpenses": 20585000000,
    "interestIncome": 0,
    "interestExpense": 102000000,
    "depreciationAndAmortization": 501000000,
    "ebitda": 3442000000,
    "ebitdaratio": 0.1472072534,
    "operatingIncome": 2797000000,
    "operatingIncomeRatio": 0.1196219314,
    "totalOtherIncomeExpensesNet": 42000000,
    "incomeBeforeTax": 2839000000,
    "incomeBeforeTaxRatio": 0.1214181849,
    "incomeTaxExpense": 362000000,
    "netIncome": 2474000000,
    "netIncomeRatio": 0.1058078864,
    "eps": 4.19,
    "epsdiluted": 4.15,
    "weightedAverageShsOut": 591169451,
    "weightedAverageShsOutDil": 597200000,
    "link": "https://www.sec.gov/Archives/edgar/data/12927/000001292718000018/0000012927-18-000018-index.htm",
    "finalLink": "https://www.sec.gov/Archives/edgar/data/12927/000001292718000018/a201803mar3110-q.htm"
  },
  {
    "date": "2017-12-31",
    "symbol": "BA",
    "reportedCurrency": "USD",
    "cik": "0000012927",
    "fillingDate": "2018-02-12",
    "acceptedDate": "2018-02-12 14:31:00",
    "calendarYear": "2017",
    "period": "Q4",
    "revenue": 25368000000,
    "costOfRevenue": 20427000000,
    "grossProfit": 4941000000,
    "grossProfitRatio": 0.1947729423,
    "researchAndDevelopmentExpenses": 761000000,
    "generalAndAdministrativeExpenses": 0,
    "sellingAndMarketingExpenses": 0,
    "sellingGeneralAndAdministrativeExpenses": 1206000000,
    "otherExpenses": 0,
    "operatingExpenses": 1967000000,
    "costAndExpenses": 22394000000,
    "interestIncome": 0,
    "interestExpense": 93000000,
    "depreciationAndAmortization": 582000000,
    "ebitda": 3647000000,
    "ebitdaratio": 0.1437637969,
    "operatingIncome": 2974000000,
    "operatingIncomeRatio": 0.1172343109,
    "totalOtherIncomeExpensesNet": -2000000,
    "incomeBeforeTax": 2972000000,
    "incomeBeforeTaxRatio": 0.1171554715,
    "incomeTaxExpense": -160000000,
    "netIncome": 3130000000,
    "netIncomeRatio": 0.1233837906,
    "eps": 5.25,
    "epsdiluted": 5.18,
    "weightedAverageShsOut": 596571429,
    "weightedAverageShsOutDil": 605100000,
    "link": "https://www.sec.gov/Archives/edgar/data/12927/000001292718000007/0000012927-18-000007-index.htm",
    "finalLink": "https://www.sec.gov/Archives/edgar/data/12927/000001292718000007/a201712dec3110k.htm"
  },
  {
    "date": "2017-09-30",
    "symbol": "BA",
    "reportedCurrency": "USD",
    "cik": "0000012927",
    "fillingDate": "2017-10-25",
    "acceptedDate": "2017-10-25 12:34:25",
    "calendarYear": "2017",
    "period": "Q3",
    "revenue": 24223000000,
    "costOfRevenue": 19956000000,
    "grossProfit": 4267000000,
    "grossProfitRatio": 0.1761548941,
    "researchAndDevelopmentExpenses": 767000000,
    "generalAndAdministrativeExpenses": 0,
    "sellingAndMarketingExpenses": 0,
    "sellingGeneralAndAdministrativeExpenses": 918000000,
    "otherExpenses": 0,
    "operatingExpenses": 1686000000,
    "costAndExpenses": 21642000000,
    "interestIncome": 0,
    "interestExpense": 87000000,
    "depreciationAndAmortization": 522000000,
    "ebitda": 3175000000,
    "ebitdaratio": 0.1310737729,
    "operatingIncome": 2581000000,
    "operatingIncomeRatio": 0.1065516245,
    "totalOtherIncomeExpensesNet": 2000000,
    "incomeBeforeTax": 2647000000,
    "incomeBeforeTaxRatio": 0.1092763076,
    "incomeTaxExpense": 794000000,
    "netIncome": 1808000000,
    "netIncomeRatio": 0.0746398051,
    "eps": 3.03,
    "epsdiluted": 2.99,
    "weightedAverageShsOut": 597600000,
    "weightedAverageShsOutDil": 605600000,
    "link": "https://www.sec.gov/Archives/edgar/data/12927/000001292717000073/0000012927-17-000073-index.htm",
    "finalLink": "https://www.sec.gov/Archives/edgar/data/12927/000001292717000073/a201709sep3010-q.htm"
  },
  {
    "date": "2017-06-30",
    "symbol": "BA",
    "reportedCurrency": "USD",
    "cik": "0000012927",
    "fillingDate": "2017-07-26",
    "acceptedDate": "2017-07-26 12:36:18",
    "calendarYear": "2017",
    "period": "Q2",
    "revenue": 23051000000,
    "costOfRevenue": 18702000000,
    "grossProfit": 4349000000,
    "grossProfitRatio": 0.1886686044,
    "researchAndDevelopmentExpenses": 813000000,
    "generalAndAdministrativeExpenses": 0,
    "sellingAndMarketingExpenses": 0,
    "sellingGeneralAndAdministrativeExpenses": 1043000000,
    "otherExpenses": 0,
    "operatingExpenses": 1856000000,
    "costAndExpenses": 20558000000,
    "interestIncome": 0,
    "interestExpense": 93000000,
    "depreciationAndAmortization": 494000000,
    "ebitda": 3043000000,
    "ebitdaratio": 0.1320116264,
    "operatingIncome": 2493000000,
    "operatingIncomeRatio": 0.1081514902,
    "totalOtherIncomeExpensesNet": -31000000,
    "incomeBeforeTax": 2469000000,
    "incomeBeforeTaxRatio": 0.1071103206,
    "incomeTaxExpense": 708000000,
    "netIncome": 1749000000,
    "netIncomeRatio": 0.0758752332,
    "eps": 2.93,
    "epsdiluted": 2.89,
    "weightedAverageShsOut": 601023891,
    "weightedAverageShsOutDil": 609600000,
    "link": "https://www.sec.gov/Archives/edgar/data/12927/000001292717000044/0000012927-17-000044-index.htm",
    "finalLink": "https://www.sec.gov/Archives/edgar/data/12927/000001292717000044/a201706jun3010-q.htm"
  },
  {
    "date": "2017-03-31",
    "symbol": "BA",
    "reportedCurrency": "USD",
    "cik": "0000012927",
    "fillingDate": "2017-04-26",
    "acceptedDate": "2017-04-26 12:30:07",
    "calendarYear": "2017",
    "period": "Q1",
    "revenue": 20976000000,
    "costOfRevenue": 17264000000,
    "grossProfit": 3712000000,
    "grossProfitRatio": 0.1769641495,
    "researchAndDevelopmentExpenses": 838000000,
    "generalAndAdministrativeExpenses": 0,
    "sellingAndMarketingExpenses": 0,
    "sellingGeneralAndAdministrativeExpenses": 933000000,
    "otherExpenses": 0,
    "operatingExpenses": 1771000000,
    "costAndExpenses": 19035000000,
    "interestIncome": 0,
    "interestExpense": 87000000,
    "depreciationAndAmortization": 471000000,
    "ebitda": 2517000000,
    "ebitdaratio": 0.1199942792,
    "operatingIncome": 1941000000,
    "operatingIncomeRatio": 0.0925343249,
    "totalOtherIncomeExpensesNet": 18000000,
    "incomeBeforeTax": 1959000000,
    "incomeBeforeTaxRatio": 0.0933924485,
    "incomeTaxExpense": 508000000,
    "netIncome": 1449000000,
    "netIncomeRatio": 0.0690789474,
    "eps": 2.57,
    "epsdiluted": 2.54,
    "weightedAverageShsOut": 613600000,
    "weightedAverageShsOutDil": 620400000,
    "link": "https://www.sec.gov/Archives/edgar/data/12927/000001292717000024/0000012927-17-000024-index.htm",
    "finalLink": "https://www.sec.gov/Archives/edgar/data/12927/000001292717000024/a201703mar3110-q.htm"
  },
  {
    "date": "2016-12-31",
    "symbol": "BA",
    "reportedCurrency": "USD",
    "cik": "0000012927",
    "fillingDate": "2017-02-10",
    "acceptedDate": "2017-02-09 18:39:57",
    "calendarYear": "2016",
    "period": "Q4",
    "revenue": 23286000000,
    "costOfRevenue": 19464000000,
    "grossProfit": 3822000000,
    "grossProfitRatio": 0.1641329554,
    "researchAndDevelopmentExpenses": 726000000,
    "generalAndAdministrativeExpenses": 0,
    "sellingAndMarketingExpenses": 0,
    "sellingGeneralAndAdministrativeExpenses": 999000000,
    "otherExpenses": 0,
    "operatingExpenses": 1725000000,
    "costAndExpenses": 21189000000,
    "interestIncome": 0,
    "interestExpense": 79000000,
    "depreciationAndAmortization": 546000000,
    "ebitda": 2728000000,
    "ebitdaratio": 0.1171519368,
    "operatingIncome": 2097000000,
    "operatingIncomeRatio": 0.0900541098,
    "totalOtherIncomeExpensesNet": 6000000,
    "incomeBeforeTax": 2103000000,
    "incomeBeforeTaxRatio": 0.0903117753,
    "incomeTaxExpense": 472000000,
    "netIncome": 1631000000,
    "netIncomeRatio": 0.0700420854,
    "eps": 2.63,
    "epsdiluted": 2.59,
    "weightedAverageShsOut": 620152091,
    "weightedAverageShsOutDil": 630300000,
    "link": "https://www.sec.gov/Archives/edgar/data/12927/000001292717000012/0000012927-17-000012-index.htm",
    "finalLink": "https://www.sec.gov/Archives/edgar/data/12927/000001292717000012/a201612dec3110-ka.htm"
  },
  {
    "date": "2016-09-30",
    "symbol": "BA",
    "reportedCurrency": "USD",
    "cik": "0000012927",
    "fillingDate": "2016-10-26",
    "acceptedDate": "2016-10-26 13:22:49",
    "calendarYear": "2016",
    "period": "Q3",
    "revenue": 23898000000,
    "costOfRevenue": 19904000000,
    "grossProfit": 3994000000,
    "grossProfitRatio": 0.1671269562,
    "researchAndDevelopmentExpenses": 857000000,
    "generalAndAdministrativeExpenses": 0,
    "sellingAndMarketingExpenses": 0,
    "sellingGeneralAndAdministrativeExpenses": 923000000,
    "otherExpenses": 0,
    "operatingExpenses": 1780000000,
    "costAndExpenses": 21684000000,
    "interestIncome": 0,
    "interestExpense": 81000000,
    "depreciationAndAmortization": 474000000,
    "ebitda": 2758000000,
    "ebitdaratio": 0.115407147,
    "operatingIncome": 2214000000,
    "operatingIncomeRatio": 0.0926437359,
    "totalOtherIncomeExpensesNet": -11000000,
    "incomeBeforeTax": 2203000000,
    "incomeBeforeTaxRatio": 0.0921834463,
    "incomeTaxExpense": -76000000,
    "netIncome": 2276000000,
    "netIncomeRatio": 0.0952380952,
    "eps": 3.64,
    "epsdiluted": 3.6,
    "weightedAverageShsOut": 624600000,
    "weightedAverageShsOutDil": 632700000,
    "link": "https://www.sec.gov/Archives/edgar/data/12927/000001292716000153/0000012927-16-000153-index.htm",
    "finalLink": "https://www.sec.gov/Archives/edgar/data/12927/000001292716000153/a201609sep3010-q.htm"
  },
  {
    "date": "2016-06-30",
    "symbol": "BA",
    "reportedCurrency": "USD",
    "cik": "0000012927",
    "fillingDate": "2016-07-27",
    "acceptedDate": "2016-07-27 12:11:18",
    "calendarYear": "2016",
    "period": "Q2",
    "revenue": 24755000000,
    "costOfRevenue": 22325000000,
    "grossProfit": 2430000000,
    "grossProfitRatio": 0.0981619875,
    "researchAndDevelopmentExpenses": 2127000000,
    "generalAndAdministrativeExpenses": 806000000,
    "sellingAndMarketingExpenses": 0,
    "sellingGeneralAndAdministrativeExpenses": 806000000,
    "otherExpenses": 13000000,
    "operatingExpenses": 2933000000,
    "costAndExpenses": 25258000000,
    "interestIncome": 0,
    "interestExpense": 73000000,
    "depreciationAndAmortization": 447000000,
    "ebitda": 41000000,
    "ebitdaratio": 0.0016562311,
    "operatingIncome": -419000000,
    "operatingIncomeRatio": -0.0169258736,
    "totalOtherIncomeExpensesNet": -60000000,
    "incomeBeforeTax": -479000000,
    "incomeBeforeTaxRatio": -0.0193496263,
    "incomeTaxExpense": -245000000,
    "netIncome": -234000000,
    "netIncomeRatio": -0.0094526358,
    "eps": -0.37,
    "epsdiluted": -0.37,
    "weightedAverageShsOut": 635300000,
    "weightedAverageShsOutDil": 635300000,
    "link": "https://www.sec.gov/Archives/edgar/data/12927/000001292716000143/0000012927-16-000143-index.htm",
    "finalLink": "https://www.sec.gov/Archives/edgar/data/12927/000001292716000143/a201606jun3010-q.htm"
  },
  {
    "date": "2016-03-31",
    "symbol": "BA",
    "reportedCurrency": "USD",
    "cik": "0000012927",
    "fillingDate": "2016-04-27",
    "acceptedDate": "2016-04-27 12:13:08",
    "calendarYear": "2016",
    "period": "Q1",
    "revenue": 22632000000,
    "costOfRevenue": 19097000000,
    "grossProfit": 3535000000,
    "grossProfitRatio": 0.1561947685,
    "researchAndDevelopmentExpenses": 917000000,
    "generalAndAdministrativeExpenses": 888000000,
    "sellingAndMarketingExpenses": 0,
    "sellingGeneralAndAdministrativeExpenses": 888000000,
    "otherExpenses": 0,
    "operatingExpenses": 1805000000,
    "costAndExpenses": 20902000000,
    "interestIncome": 0,
    "interestExpense": 73000000,
    "depreciationAndAmortization": 443000000,
    "ebitda": 2173000000,
    "ebitdaratio": 0.0960144928,
    "operatingIncome": 1788000000,
    "operatingIncomeRatio": 0.0790031813,
    "totalOtherIncomeExpensesNet": -47000000,
    "incomeBeforeTax": 1741000000,
    "incomeBeforeTaxRatio": 0.0769264758,
    "incomeTaxExpense": 522000000,
    "netIncome": 1219000000,
    "netIncomeRatio": 0.0538617886,
    "eps": 1.85,
    "epsdiluted": 1.83,
    "weightedAverageShsOut": 658600000,
    "weightedAverageShsOutDil": 664800000,
    "link": "https://www.sec.gov/Archives/edgar/data/12927/000001292716000113/0000012927-16-000113-index.htm",
    "finalLink": "https://www.sec.gov/Archives/edgar/data/12927/000001292716000113/a201603mar3110-q.htm"
  },
  {
    "date": "2015-12-31",
    "symbol": "BA",
    "reportedCurrency": "USD",
    "cik": "0000012927",
    "fillingDate": "2016-02-10",
    "acceptedDate": "2016-02-10 10:57:34",
    "calendarYear": "2015",
    "period": "Q4",
    "revenue": 23573000000,
    "costOfRevenue": 20642000000,
    "grossProfit": 2931000000,
    "grossProfitRatio": 0.1243371654,
    "researchAndDevelopmentExpenses": 905000000,
    "generalAndAdministrativeExpenses": 931000000,
    "sellingAndMarketingExpenses": 0,
    "sellingGeneralAndAdministrativeExpenses": 931000000,
    "otherExpenses": 10000000,
    "operatingExpenses": 1836000000,
    "costAndExpenses": 22478000000,
    "interestIncome": 0,
    "interestExpense": 72000000,
    "depreciationAndAmortization": 484000000,
    "ebitda": 1579000000,
    "ebitdaratio": 0.0669834132,
    "operatingIncome": 1161000000,
    "operatingIncomeRatio": 0.049251262,
    "totalOtherIncomeExpensesNet": -62000000,
    "incomeBeforeTax": 1099000000,
    "incomeBeforeTaxRatio": 0.0466211343,
    "incomeTaxExpense": 73000000,
    "netIncome": 1026000000,
    "netIncomeRatio": 0.0435243711,
    "eps": 1.52,
    "epsdiluted": 1.51,
    "weightedAverageShsOut": 675000000,
    "weightedAverageShsOutDil": 681200000,
    "link": "https://www.sec.gov/Archives/edgar/data/12927/000001292716000099/0000012927-16-000099-index.htm",
    "finalLink": "https://www.sec.gov/Archives/edgar/data/12927/000001292716000099/a201512dec3110k.htm"
  },
  {
    "date": "2015-09-30",
    "symbol": "BA",
    "reportedCurrency": "USD",
    "cik": "0000012927",
    "fillingDate": "2015-10-21",
    "acceptedDate": "2015-10-21 12:26:40",
    "calendarYear": "2015",
    "period": "Q3",
    "revenue": 25849000000,
    "costOfRevenue": 21600000000,
    "grossProfit": 4249000000,
    "grossProfitRatio": 0.1643777322,
    "researchAndDevelopmentExpenses": 857000000,
    "generalAndAdministrativeExpenses": 889000000,
    "sellingAndMarketingExpenses": 0,
    "sellingGeneralAndAdministrativeExpenses": 889000000,
    "otherExpenses": 0,
    "operatingExpenses": 1746000000,
    "costAndExpenses": 23346000000,
    "interestIncome": 0,
    "interestExpense": 67000000,
    "depreciationAndAmortization": 437000000,
    "ebitda": 2940000000,
    "ebitdaratio": 0.1137374753,
    "operatingIncome": 2580000000,
    "operatingIncomeRatio": 0.0998104375,
    "totalOtherIncomeExpensesNet": -93000000,
    "incomeBeforeTax": 2487000000,
    "incomeBeforeTaxRatio": 0.0962126194,
    "incomeTaxExpense": 783000000,
    "netIncome": 1704000000,
    "netIncomeRatio": 0.0659213122,
    "eps": 2.5,
    "epsdiluted": 2.47,
    "weightedAverageShsOut": 680100000,
    "weightedAverageShsOutDil": 687800000,
    "link": "https://www.sec.gov/Archives/edgar/data/12927/000001292715000068/0000012927-15-000068-index.htm",
    "finalLink": "https://www.sec.gov/Archives/edgar/data/12927/000001292715000068/a201509sep3010-q.htm"
  },
  {
    "date": "2015-06-30",
    "symbol": "BA",
    "reportedCurrency": "USD",
    "cik": "0000012927",
    "fillingDate": "2015-07-22",
    "acceptedDate": "2015-07-22 12:34:11",
    "calendarYear": "2015",
    "period": "Q2",
    "revenue": 24543000000,
    "costOfRevenue": 21350000000,
    "grossProfit": 3193000000,
    "grossProfitRatio": 0.130098195,
    "researchAndDevelopmentExpenses": 800000000,
    "generalAndAdministrativeExpenses": 760000000,
    "sellingAndMarketingExpenses": 0,
    "sellingGeneralAndAdministrativeExpenses": 760000000,
    "otherExpenses": 15000000,
    "operatingExpenses": 1560000000,
    "costAndExpenses": 22910000000,
    "interestIncome": 0,
    "interestExpense": 75000000,
    "depreciationAndAmortization": 453000000,
    "ebitda": 2086000000,
    "ebitdaratio": 0.0849936846,
    "operatingIncome": 1683000000,
    "operatingIncomeRatio": 0.068573524,
    "totalOtherIncomeExpensesNet": -60000000,
    "incomeBeforeTax": 1623000000,
    "incomeBeforeTaxRatio": 0.0661288351,
    "incomeTaxExpense": 513000000,
    "netIncome": 1110000000,
    "netIncomeRatio": 0.0452267449,
    "eps": 1.61,
    "epsdiluted": 1.59,
    "weightedAverageShsOut": 690100000,
    "weightedAverageShsOutDil": 697800000,
    "link": "https://www.sec.gov/Archives/edgar/data/12927/000001292715000055/0000012927-15-000055-index.htm",
    "finalLink": "https://www.sec.gov/Archives/edgar/data/12927/000001292715000055/a201506jun3010-q.htm"
  },
  {
    "date": "2015-03-31",
    "symbol": "BA",
    "reportedCurrency": "USD",
    "cik": "0000012927",
    "fillingDate": "2015-04-22",
    "acceptedDate": "2015-04-22 12:56:27",
    "calendarYear": "2015",
    "period": "Q1",
    "revenue": 22149000000,
    "costOfRevenue": 18496000000,
    "grossProfit": 3653000000,
    "grossProfitRatio": 0.1649284392,
    "researchAndDevelopmentExpenses": 769000000,
    "generalAndAdministrativeExpenses": 945000000,
    "sellingAndMarketingExpenses": 0,
    "sellingGeneralAndAdministrativeExpenses": 945000000,
    "otherExpenses": -12000000,
    "operatingExpenses": 1714000000,
    "costAndExpenses": 20210000000,
    "interestIncome": 0,
    "interestExpense": 61000000,
    "depreciationAndAmortization": 459000000,
    "ebitda": 2398000000,
    "ebitdaratio": 0.1082667389,
    "operatingIncome": 2019000000,
    "operatingIncomeRatio": 0.0911553569,
    "totalOtherIncomeExpensesNet": -73000000,
    "incomeBeforeTax": 1946000000,
    "incomeBeforeTaxRatio": 0.087859497,
    "incomeTaxExpense": 610000000,
    "netIncome": 1336000000,
    "netIncomeRatio": 0.0603187503,
    "eps": 1.89,
    "epsdiluted": 1.87,
    "weightedAverageShsOut": 704600000,
    "weightedAverageShsOutDil": 713100000,
    "link": "https://www.sec.gov/Archives/edgar/data/12927/000001292715000019/0000012927-15-000019-index.htm",
    "finalLink": "https://www.sec.gov/Archives/edgar/data/12927/000001292715000019/a201503mar3110q.htm"
  },
  {
    "date": "2014-12-31",
    "symbol": "BA",
    "reportedCurrency": "USD",
    "cik": "0000012927",
    "fillingDate": "2015-02-12",
    "acceptedDate": "2015-02-12 15:32:40",
    "calendarYear": "2014",
    "period": "Q4",
    "revenue": 24468000000,
    "costOfRevenue": 20711000000,
    "grossProfit": 3757000000,
    "grossProfitRatio": 0.1535474906,
    "researchAndDevelopmentExpenses": 755000000,
    "generalAndAdministrativeExpenses": 1040000000,
    "sellingAndMarketingExpenses": 0,
    "sellingGeneralAndAdministrativeExpenses": 1040000000,
    "otherExpenses": -14000000,
    "operatingExpenses": 1795000000,
    "costAndExpenses": 22506000000,
    "interestIncome": 0,
    "interestExpense": 81000000,
    "depreciationAndAmortization": 528000000,
    "ebitda": 2490000000,
    "ebitdaratio": 0.1017655714,
    "operatingIncome": 2025000000,
    "operatingIncomeRatio": 0.0827611574,
    "totalOtherIncomeExpensesNet": -95000000,
    "incomeBeforeTax": 1930000000,
    "incomeBeforeTaxRatio": 0.0788785352,
    "incomeTaxExpense": 464000000,
    "netIncome": 1466000000,
    "netIncomeRatio": 0.059914991,
    "eps": 2.05,
    "epsdiluted": 2.02,
    "weightedAverageShsOut": 715121951,
    "weightedAverageShsOutDil": 724800000,
    "link": "https://www.sec.gov/Archives/edgar/data/12927/000001292715000011/0000012927-15-000011-index.htm",
    "finalLink": "https://www.sec.gov/Archives/edgar/data/12927/000001292715000011/a201412dec3110k.htm"
  },
  {
    "date": "2014-09-30",
    "symbol": "BA",
    "reportedCurrency": "USD",
    "cik": "0000012927",
    "fillingDate": "2014-10-22",
    "acceptedDate": "2014-10-22 12:26:34",
    "calendarYear": "2014",
    "period": "Q3",
    "revenue": 23784000000,
    "costOfRevenue": 20075000000,
    "grossProfit": 3709000000,
    "grossProfitRatio": 0.1559451732,
    "researchAndDevelopmentExpenses": 750000000,
    "generalAndAdministrativeExpenses": 932000000,
    "sellingAndMarketingExpenses": 0,
    "sellingGeneralAndAdministrativeExpenses": 932000000,
    "otherExpenses": -9000000,
    "operatingExpenses": 1682000000,
    "costAndExpenses": 21757000000,
    "interestIncome": 0,
    "interestExpense": 79000000,
    "depreciationAndAmortization": 478000000,
    "ebitda": 2505000000,
    "ebitdaratio": 0.1053229062,
    "operatingIncome": 2119000000,
    "operatingIncomeRatio": 0.0890935082,
    "totalOtherIncomeExpensesNet": -88000000,
    "incomeBeforeTax": 2031000000,
    "incomeBeforeTaxRatio": 0.0853935419,
    "incomeTaxExpense": 669000000,
    "netIncome": 1362000000,
    "netIncomeRatio": 0.0572653885,
    "eps": 1.88,
    "epsdiluted": 1.86,
    "weightedAverageShsOut": 721500000,
    "weightedAverageShsOutDil": 730600000,
    "link": "https://www.sec.gov/Archives/edgar/data/12927/000001292714000057/0000012927-14-000057-index.htm",
    "finalLink": "https://www.sec.gov/Archives/edgar/data/12927/000001292714000057/a201409sep3010q.htm"
  },
  {
    "date": "2014-06-30",
    "symbol": "BA",
    "reportedCurrency": "USD",
    "cik": "0000012927",
    "fillingDate": "2014-07-23",
    "acceptedDate": "2014-07-23 12:34:48",
    "calendarYear": "2014",
    "period": "Q2",
    "revenue": 22045000000,
    "costOfRevenue": 18670000000,
    "grossProfit": 3375000000,
    "grossProfitRatio": 0.1530959401,
    "researchAndDevelopmentExpenses": 733000000,
    "generalAndAdministrativeExpenses": 918000000,
    "sellingAndMarketingExpenses": 0,
    "sellingGeneralAndAdministrativeExpenses": 918000000,
    "otherExpenses": 11000000,
    "operatingExpenses": 1651000000,
    "costAndExpenses": 20321000000,
    "interestIncome": 0,
    "interestExpense": 81000000,
    "depreciationAndAmortization": 452000000,
    "ebitda": 2176000000,
    "ebitdaratio": 0.0987071898,
    "operatingIncome": 1787000000,
    "operatingIncomeRatio": 0.0810614652,
    "totalOtherIncomeExpensesNet": -70000000,
    "incomeBeforeTax": 1717000000,
    "incomeBeforeTaxRatio": 0.077886142,
    "incomeTaxExpense": 64000000,
    "netIncome": 1653000000,
    "netIncomeRatio": 0.0749829893,
    "eps": 2.26,
    "epsdiluted": 2.24,
    "weightedAverageShsOut": 729800000,
    "weightedAverageShsOutDil": 738800000,
    "link": "https://www.sec.gov/Archives/edgar/data/12927/000001292714000042/0000012927-14-000042-index.htm",
    "finalLink": "https://www.sec.gov/Archives/edgar/data/12927/000001292714000042/a201406jun3010q.htm"
  },
  {
    "date": "2014-03-31",
    "symbol": "BA",
    "reportedCurrency": "USD",
    "cik": "0000012927",
    "fillingDate": "2014-04-23",
    "acceptedDate": "2014-04-23 14:23:14",
    "calendarYear": "2014",
    "period": "Q1",
    "revenue": 20465000000,
    "costOfRevenue": 17296000000,
    "grossProfit": 3169000000,
    "grossProfitRatio": 0.1548497435,
    "researchAndDevelopmentExpenses": 809000000,
    "generalAndAdministrativeExpenses": 877000000,
    "sellingAndMarketingExpenses": 0,
    "sellingGeneralAndAdministrativeExpenses": 877000000,
    "otherExpenses": 9000000,
    "operatingExpenses": 1686000000,
    "costAndExpenses": 18982000000,
    "interestIncome": 0,
    "interestExpense": 92000000,
    "depreciationAndAmortization": 448000000,
    "ebitda": 1931000000,
    "ebitdaratio": 0.0943562179,
    "operatingIncome": 1542000000,
    "operatingIncomeRatio": 0.0753481554,
    "totalOtherIncomeExpensesNet": -83000000,
    "incomeBeforeTax": 1459000000,
    "incomeBeforeTaxRatio": 0.0712924505,
    "incomeTaxExpense": 494000000,
    "netIncome": 965000000,
    "netIncomeRatio": 0.047153677,
    "eps": 1.3,
    "epsdiluted": 1.28,
    "weightedAverageShsOut": 743400000,
    "weightedAverageShsOutDil": 752500000,
    "link": "https://www.sec.gov/Archives/edgar/data/12927/000001292714000022/0000012927-14-000022-index.htm",
    "finalLink": "https://www.sec.gov/Archives/edgar/data/12927/000001292714000022/a201403mar3110q.htm"
  },
  {
    "date": "2013-12-31",
    "symbol": "BA",
    "reportedCurrency": "USD",
    "cik": "0000012927",
    "fillingDate": "2014-02-14",
    "acceptedDate": "2014-02-14 12:00:10",
    "calendarYear": "2013",
    "period": "Q4",
    "revenue": 23785000000,
    "costOfRevenue": 20388000000,
    "grossProfit": 3397000000,
    "grossProfitRatio": 0.1428211057,
    "researchAndDevelopmentExpenses": 848000000,
    "generalAndAdministrativeExpenses": 1100000000,
    "sellingAndMarketingExpenses": 0,
    "sellingGeneralAndAdministrativeExpenses": 1100000000,
    "otherExpenses": 15000000,
    "operatingExpenses": 1948000000,
    "costAndExpenses": 22336000000,
    "interestIncome": 0,
    "interestExpense": 96000000,
    "depreciationAndAmortization": 521000000,
    "ebitda": 1970000000,
    "ebitdaratio": 0.0828253101,
    "operatingIncome": 1515000000,
    "operatingIncomeRatio": 0.0636956065,
    "totalOtherIncomeExpensesNet": -81000000,
    "incomeBeforeTax": 1434000000,
    "incomeBeforeTaxRatio": 0.0602900988,
    "incomeTaxExpense": 201000000,
    "netIncome": 1233000000,
    "netIncomeRatio": 0.0518393946,
    "eps": 1.63,
    "epsdiluted": 1.61,
    "weightedAverageShsOut": 756441718,
    "weightedAverageShsOutDil": 768400000,
    "link": "https://www.sec.gov/Archives/edgar/data/12927/000001292714000004/0000012927-14-000004-index.htm",
    "finalLink": "https://www.sec.gov/Archives/edgar/data/12927/000001292714000004/a201312dec3110k.htm"
  },
  {
    "date": "2013-09-30",
    "symbol": "BA",
    "reportedCurrency": "USD",
    "cik": "0000012927",
    "fillingDate": "2013-10-23",
    "acceptedDate": "2013-10-23 14:07:39",
    "calendarYear": "2013",
    "period": "Q3",
    "revenue": 22130000000,
    "costOfRevenue": 18674000000,
    "grossProfit": 3456000000,
    "grossProfitRatio": 0.1561680976,
    "researchAndDevelopmentExpenses": 755000000,
    "generalAndAdministrativeExpenses": 956000000,
    "sellingAndMarketingExpenses": 0,
    "sellingGeneralAndAdministrativeExpenses": 956000000,
    "otherExpenses": 0,
    "operatingExpenses": 1711000000,
    "costAndExpenses": 20385000000,
    "interestIncome": 0,
    "interestExpense": 95000000,
    "depreciationAndAmortization": 458000000,
    "ebitda": 2203000000,
    "ebitdaratio": 0.0995481247,
    "operatingIncome": 1803000000,
    "operatingIncomeRatio": 0.0814731134,
    "totalOtherIncomeExpensesNet": -76000000,
    "incomeBeforeTax": 1727000000,
    "incomeBeforeTaxRatio": 0.0780388613,
    "incomeTaxExpense": 567000000,
    "netIncome": 1158000000,
    "netIncomeRatio": 0.0523271577,
    "eps": 1.53,
    "epsdiluted": 1.51,
    "weightedAverageShsOut": 757600000,
    "weightedAverageShsOutDil": 767300000,
    "link": "https://www.sec.gov/Archives/edgar/data/12927/000001292713000041/0000012927-13-000041-index.htm",
    "finalLink": "https://www.sec.gov/Archives/edgar/data/12927/000001292713000041/a201309sep3010q.htm"
  },
  {
    "date": "2013-06-30",
    "symbol": "BA",
    "reportedCurrency": "USD",
    "cik": "0000012927",
    "fillingDate": "2013-07-24",
    "acceptedDate": "2013-07-24 13:01:21",
    "calendarYear": "2013",
    "period": "Q2",
    "revenue": 21815000000,
    "costOfRevenue": 18450000000,
    "grossProfit": 3365000000,
    "grossProfitRatio": 0.1542516617,
    "researchAndDevelopmentExpenses": 763000000,
    "generalAndAdministrativeExpenses": 929000000,
    "sellingAndMarketingExpenses": 0,
    "sellingGeneralAndAdministrativeExpenses": 929000000,
    "otherExpenses": 13000000,
    "operatingExpenses": 1692000000,
    "costAndExpenses": 20142000000,
    "interestIncome": 0,
    "interestExpense": 96000000,
    "depreciationAndAmortization": 436000000,
    "ebitda": 2165000000,
    "ebitdaratio": 0.0992436397,
    "operatingIncome": 1716000000,
    "operatingIncomeRatio": 0.0786614715,
    "totalOtherIncomeExpensesNet": -83000000,
    "incomeBeforeTax": 1633000000,
    "incomeBeforeTaxRatio": 0.0748567499,
    "incomeTaxExpense": 546000000,
    "netIncome": 1088000000,
    "netIncomeRatio": 0.0498739399,
    "eps": 1.43,
    "epsdiluted": 1.41,
    "weightedAverageShsOut": 761400000,
    "weightedAverageShsOutDil": 769900000,
    "link": "https://www.sec.gov/Archives/edgar/data/12927/000001292713000035/0000012927-13-000035-index.htm",
    "finalLink": "https://www.sec.gov/Archives/edgar/data/12927/000001292713000035/a201306jun3010q.htm"
  },
  {
    "date": "2013-03-31",
    "symbol": "BA",
    "reportedCurrency": "USD",
    "cik": "0000012927",
    "fillingDate": "2013-04-24",
    "acceptedDate": "2013-04-24 15:24:57",
    "calendarYear": "2013",
    "period": "Q1",
    "revenue": 18893000000,
    "costOfRevenue": 15756000000,
    "grossProfit": 3137000000,
    "grossProfitRatio": 0.1660403324,
    "researchAndDevelopmentExpenses": 705000000,
    "generalAndAdministrativeExpenses": 971000000,
    "sellingAndMarketingExpenses": 0,
    "sellingGeneralAndAdministrativeExpenses": 971000000,
    "otherExpenses": 9000000,
    "operatingExpenses": 1676000000,
    "costAndExpenses": 17432000000,
    "interestIncome": 0,
    "interestExpense": 99000000,
    "depreciationAndAmortization": 429000000,
    "ebitda": 1966000000,
    "ebitdaratio": 0.1040597047,
    "operatingIncome": 1528000000,
    "operatingIncomeRatio": 0.0808765151,
    "totalOtherIncomeExpensesNet": -90000000,
    "incomeBeforeTax": 1438000000,
    "incomeBeforeTaxRatio": 0.076112846,
    "incomeTaxExpense": 332000000,
    "netIncome": 1106000000,
    "netIncomeRatio": 0.0585402001,
    "eps": 1.45,
    "epsdiluted": 1.44,
    "weightedAverageShsOut": 761200000,
    "weightedAverageShsOutDil": 766600000,
    "link": "https://www.sec.gov/Archives/edgar/data/12927/000001292713000023/0000012927-13-000023-index.htm",
    "finalLink": "https://www.sec.gov/Archives/edgar/data/12927/000001292713000023/a201303mar3110q.htm"
  },
  {
    "date": "2012-12-31",
    "symbol": "BA",
    "reportedCurrency": "USD",
    "cik": "0000012927",
    "fillingDate": "2013-02-11",
    "acceptedDate": "2013-02-11 12:50:46",
    "calendarYear": "2012",
    "period": "Q4",
    "revenue": 22302000000,
    "costOfRevenue": 19041000000,
    "grossProfit": 3261000000,
    "grossProfitRatio": 0.1462200699,
    "researchAndDevelopmentExpenses": 753000000,
    "generalAndAdministrativeExpenses": 943000000,
    "sellingAndMarketingExpenses": 0,
    "sellingGeneralAndAdministrativeExpenses": 943000000,
    "otherExpenses": 0,
    "operatingExpenses": 1696000000,
    "costAndExpenses": 20737000000,
    "interestIncome": 0,
    "interestExpense": 117000000,
    "depreciationAndAmortization": 498000000,
    "ebitda": 2150000000,
    "ebitdaratio": 0.09640391,
    "operatingIncome": 1629000000,
    "operatingIncomeRatio": 0.0730427764,
    "totalOtherIncomeExpensesNet": -25000000,
    "incomeBeforeTax": 1535000000,
    "incomeBeforeTaxRatio": 0.0688279078,
    "incomeTaxExpense": 557000000,
    "netIncome": 978000000,
    "netIncomeRatio": 0.0438525693,
    "eps": 1.29,
    "epsdiluted": 1.28,
    "weightedAverageShsOut": 758139535,
    "weightedAverageShsOutDil": 768300000,
    "link": "https://www.sec.gov/Archives/edgar/data/12927/000001292713000014/0000012927-13-000014-index.htm",
    "finalLink": "https://www.sec.gov/Archives/edgar/data/12927/000001292713000014/a201212dec3110k.htm"
  },
  {
    "date": "2012-09-30",
    "symbol": "BA",
    "reportedCurrency": "USD",
    "cik": "0000012927",
    "fillingDate": "2012-10-24",
    "acceptedDate": "2012-10-24 14:18:20",
    "calendarYear": "2012",
    "period": "Q3",
    "revenue": 20008000000,
    "costOfRevenue": 16794000000,
    "grossProfit": 3214000000,
    "grossProfitRatio": 0.1606357457,
    "researchAndDevelopmentExpenses": 853000000,
    "generalAndAdministrativeExpenses": 0,
    "sellingAndMarketingExpenses": 0,
    "sellingGeneralAndAdministrativeExpenses": 916000000,
    "otherExpenses": 0,
    "operatingExpenses": 1649000000,
    "costAndExpenses": 18443000000,
    "interestIncome": 0,
    "interestExpense": 115000000,
    "depreciationAndAmortization": 465000000,
    "ebitda": 2041000000,
    "ebitdaratio": 0.1020091963,
    "operatingIncome": 1564000000,
    "operatingIncomeRatio": 0.0781687325,
    "totalOtherIncomeExpensesNet": -98000000,
    "incomeBeforeTax": 1466000000,
    "incomeBeforeTaxRatio": 0.0732706917,
    "incomeTaxExpense": 432000000,
    "netIncome": 1032000000,
    "netIncomeRatio": 0.0515793683,
    "eps": 1.36,
    "epsdiluted": 1.35,
    "weightedAverageShsOut": 757100000,
    "weightedAverageShsOutDil": 762800000,
    "link": "https://www.sec.gov/Archives/edgar/data/12927/000001292712000024/0000012927-12-000024-index.htm",
    "finalLink": "https://www.sec.gov/Archives/edgar/data/12927/000001292712000024/a0930201210-q.htm"
  },
  {
    "date": "2012-06-30",
    "symbol": "BA",
    "reportedCurrency": "USD",
    "cik": "0000012927",
    "fillingDate": "2012-07-25",
    "acceptedDate": "2012-07-25 13:22:22",
    "calendarYear": "2012",
    "period": "Q2",
    "revenue": 20005000000,
    "costOfRevenue": 16740000000,
    "grossProfit": 3265000000,
    "grossProfitRatio": 0.1632091977,
    "researchAndDevelopmentExpenses": 857000000,
    "generalAndAdministrativeExpenses": 0,
    "sellingAndMarketingExpenses": 0,
    "sellingGeneralAndAdministrativeExpenses": 903000000,
    "otherExpenses": 0,
    "operatingExpenses": 1715000000,
    "costAndExpenses": 18455000000,
    "interestIncome": 0,
    "interestExpense": 112000000,
    "depreciationAndAmortization": 422000000,
    "ebitda": 1974000000,
    "ebitdaratio": 0.0986753312,
    "operatingIncome": 1548000000,
    "operatingIncomeRatio": 0.0773806548,
    "totalOtherIncomeExpensesNet": -102000000,
    "incomeBeforeTax": 1446000000,
    "incomeBeforeTaxRatio": 0.0722819295,
    "incomeTaxExpense": 479000000,
    "netIncome": 967000000,
    "netIncomeRatio": 0.0483379155,
    "eps": 1.28,
    "epsdiluted": 1.27,
    "weightedAverageShsOut": 753500000,
    "weightedAverageShsOutDil": 759600000,
    "link": "https://www.sec.gov/Archives/edgar/data/12927/000001292712000012/0000012927-12-000012-index.htm",
    "finalLink": "https://www.sec.gov/Archives/edgar/data/12927/000001292712000012/a0630201210-q.htm"
  },
  {
    "date": "2012-03-31",
    "symbol": "BA",
    "reportedCurrency": "USD",
    "cik": "0000012927",
    "fillingDate": "2012-04-25",
    "acceptedDate": "2012-04-25 13:46:19",
    "calendarYear": "2012",
    "period": "Q1",
    "revenue": 19383000000,
    "costOfRevenue": 16069000000,
    "grossProfit": 3314000000,
    "grossProfitRatio": 0.1709745653,
    "researchAndDevelopmentExpenses": 835000000,
    "generalAndAdministrativeExpenses": 0,
    "sellingAndMarketingExpenses": 0,
    "sellingGeneralAndAdministrativeExpenses": 955000000,
    "otherExpenses": 0,
    "operatingExpenses": 1744000000,
    "costAndExpenses": 17813000000,
    "interestIncome": 0,
    "interestExpense": 119000000,
    "depreciationAndAmortization": 426000000,
    "ebitda": 2003000000,
    "ebitdaratio": 0.1033379766,
    "operatingIncome": 1570000000,
    "operatingIncomeRatio": 0.0809988134,
    "totalOtherIncomeExpensesNet": -107000000,
    "incomeBeforeTax": 1463000000,
    "incomeBeforeTaxRatio": 0.0754785121,
    "incomeTaxExpense": 539000000,
    "netIncome": 923000000,
    "netIncomeRatio": 0.0476190476,
    "eps": 1.23,
    "epsdiluted": 1.22,
    "weightedAverageShsOut": 750200000,
    "weightedAverageShsOutDil": 757300000,
    "link": "https://www.sec.gov/Archives/edgar/data/12927/000119312512181463/0001193125-12-181463-index.htm",
    "finalLink": "https://www.sec.gov/Archives/edgar/data/12927/000119312512181463/d304990d10q.htm"
  },
  {
    "date": "2011-12-31",
    "symbol": "BA",
    "reportedCurrency": "USD",
    "cik": "0000012927",
    "fillingDate": "2012-02-09",
    "acceptedDate": "2012-02-09 12:37:00",
    "calendarYear": "2011",
    "period": "Q4",
    "revenue": 19555000000,
    "costOfRevenue": 16261000000,
    "grossProfit": 3294000000,
    "grossProfitRatio": 0.1684479673,
    "researchAndDevelopmentExpenses": 913000000,
    "generalAndAdministrativeExpenses": 0,
    "sellingAndMarketingExpenses": 0,
    "sellingGeneralAndAdministrativeExpenses": 864000000,
    "otherExpenses": 0,
    "operatingExpenses": 1701000000,
    "costAndExpenses": 17962000000,
    "interestIncome": 0,
    "interestExpense": 124000000,
    "depreciationAndAmortization": 434000000,
    "ebitda": 2002000000,
    "ebitdaratio": 0.1023779085,
    "operatingIncome": 1597000000,
    "operatingIncomeRatio": 0.0816670928,
    "totalOtherIncomeExpensesNet": -153000000,
    "incomeBeforeTax": 1444000000,
    "incomeBeforeTaxRatio": 0.0738430069,
    "incomeTaxExpense": 57000000,
    "netIncome": 1393000000,
    "netIncomeRatio": 0.0712349783,
    "eps": 1.87,
    "epsdiluted": 1.85,
    "weightedAverageShsOut": 739900000,
    "weightedAverageShsOutDil": 747000000,
    "link": "https://www.sec.gov/Archives/edgar/data/12927/000119312512048565/0001193125-12-048565-index.htm",
    "finalLink": "https://www.sec.gov/Archives/edgar/data/12927/000119312512048565/d255574d10k.htm"
  },
  {
    "date": "2011-09-30",
    "symbol": "BA",
    "reportedCurrency": "USD",
    "cik": "0000012927",
    "fillingDate": "2011-10-26",
    "acceptedDate": "2011-10-26 12:31:11",
    "calendarYear": "2011",
    "period": "Q3",
    "revenue": 17727000000,
    "costOfRevenue": 14357000000,
    "grossProfit": 3370000000,
    "grossProfitRatio": 0.1901054888,
    "researchAndDevelopmentExpenses": 901000000,
    "generalAndAdministrativeExpenses": 0,
    "sellingAndMarketingExpenses": 0,
    "sellingGeneralAndAdministrativeExpenses": 807000000,
    "otherExpenses": 0,
    "operatingExpenses": 1656000000,
    "costAndExpenses": 16013000000,
    "interestIncome": 0,
    "interestExpense": 121000000,
    "depreciationAndAmortization": 417000000,
    "ebitda": 2184000000,
    "ebitdaratio": 0.1232018954,
    "operatingIncome": 1714000000,
    "operatingIncomeRatio": 0.096688667,
    "totalOtherIncomeExpensesNet": -72000000,
    "incomeBeforeTax": 1642000000,
    "incomeBeforeTaxRatio": 0.0926270661,
    "incomeTaxExpense": 548000000,
    "netIncome": 1098000000,
    "netIncomeRatio": 0.0619394145,
    "eps": 1.47,
    "epsdiluted": 1.46,
    "weightedAverageShsOut": 748000000,
    "weightedAverageShsOutDil": 753900000,
    "link": "https://www.sec.gov/Archives/edgar/data/12927/000119312511281613/0001193125-11-281613-index.htm",
    "finalLink": "https://www.sec.gov/Archives/edgar/data/12927/000119312511281613/d228887d10q.htm"
  },
  {
    "date": "2011-06-30",
    "symbol": "BA",
    "reportedCurrency": "USD",
    "cik": "0000012927",
    "fillingDate": "2011-07-27",
    "acceptedDate": "2011-07-27 12:37:42",
    "calendarYear": "2011",
    "period": "Q2",
    "revenue": 16543000000,
    "costOfRevenue": 13200000000,
    "grossProfit": 3343000000,
    "grossProfitRatio": 0.2020794294,
    "researchAndDevelopmentExpenses": 1047000000,
    "generalAndAdministrativeExpenses": 0,
    "sellingAndMarketingExpenses": 0,
    "sellingGeneralAndAdministrativeExpenses": 870000000,
    "otherExpenses": 0,
    "operatingExpenses": 1829000000,
    "costAndExpenses": 15029000000,
    "interestIncome": 0,
    "interestExpense": 123000000,
    "depreciationAndAmortization": 429000000,
    "ebitda": 1980000000,
    "ebitdaratio": 0.1196880856,
    "operatingIncome": 1534000000,
    "operatingIncomeRatio": 0.0927280421,
    "totalOtherIncomeExpensesNet": -109000000,
    "incomeBeforeTax": 1425000000,
    "incomeBeforeTaxRatio": 0.0861391525,
    "incomeTaxExpense": 483000000,
    "netIncome": 941000000,
    "netIncomeRatio": 0.0568820649,
    "eps": 1.27,
    "epsdiluted": 1.25,
    "weightedAverageShsOut": 745500000,
    "weightedAverageShsOutDil": 752600000,
    "link": "https://www.sec.gov/Archives/edgar/data/12927/000119312511198584/0001193125-11-198584-index.htm",
    "finalLink": "https://www.sec.gov/Archives/edgar/data/12927/000119312511198584/d10q.htm"
  },
  {
    "date": "2011-03-31",
    "symbol": "BA",
    "reportedCurrency": "USD",
    "cik": "0000012927",
    "fillingDate": "2011-04-27",
    "acceptedDate": "2011-04-27 12:19:19",
    "calendarYear": "2011",
    "period": "Q1",
    "revenue": 14910000000,
    "costOfRevenue": 12049000000,
    "grossProfit": 2861000000,
    "grossProfitRatio": 0.1918846412,
    "researchAndDevelopmentExpenses": 1057000000,
    "generalAndAdministrativeExpenses": 0,
    "sellingAndMarketingExpenses": 0,
    "sellingGeneralAndAdministrativeExpenses": 866000000,
    "otherExpenses": 0,
    "operatingExpenses": 1861000000,
    "costAndExpenses": 13910000000,
    "interestIncome": 0,
    "interestExpense": 130000000,
    "depreciationAndAmortization": 380000000,
    "ebitda": 1397000000,
    "ebitdaratio": 0.0936955064,
    "operatingIncome": 1000000000,
    "operatingIncomeRatio": 0.0670690812,
    "totalOtherIncomeExpensesNet": -117000000,
    "incomeBeforeTax": 883000000,
    "incomeBeforeTaxRatio": 0.0592219987,
    "incomeTaxExpense": 295000000,
    "netIncome": 586000000,
    "netIncomeRatio": 0.0393024816,
    "eps": 0.79,
    "epsdiluted": 0.78,
    "weightedAverageShsOut": 742900000,
    "weightedAverageShsOutDil": 749000000,
    "link": "https://www.sec.gov/Archives/edgar/data/12927/000119312511111215/0001193125-11-111215-index.htm",
    "finalLink": "https://www.sec.gov/Archives/edgar/data/12927/000119312511111215/d10q.htm"
  },
  {
    "date": "2010-12-31",
    "symbol": "BA",
    "reportedCurrency": "USD",
    "cik": "0000012927",
    "fillingDate": "2011-02-09",
    "acceptedDate": "2011-02-09 11:31:43",
    "calendarYear": "2010",
    "period": "Q4",
    "revenue": 16550000000,
    "costOfRevenue": 13413000000,
    "grossProfit": 3137000000,
    "grossProfitRatio": 0.1895468278,
    "researchAndDevelopmentExpenses": 1134000000,
    "generalAndAdministrativeExpenses": 0,
    "sellingAndMarketingExpenses": 0,
    "sellingGeneralAndAdministrativeExpenses": 977000000,
    "otherExpenses": 0,
    "operatingExpenses": 2040000000,
    "costAndExpenses": 15453000000,
    "interestIncome": 0,
    "interestExpense": 132000000,
    "depreciationAndAmortization": 457000000,
    "ebitda": 1554000000,
    "ebitdaratio": 0.093897281,
    "operatingIncome": 1103000000,
    "operatingIncomeRatio": 0.0666465257,
    "totalOtherIncomeExpensesNet": -100000000,
    "incomeBeforeTax": 1003000000,
    "incomeBeforeTaxRatio": 0.0606042296,
    "incomeTaxExpense": -163000000,
    "netIncome": 1164000000,
    "netIncomeRatio": 0.0703323263,
    "eps": 1.58,
    "epsdiluted": 1.56,
    "weightedAverageShsOut": 729000000,
    "weightedAverageShsOutDil": 735800000,
    "link": "https://www.sec.gov/Archives/edgar/data/12927/000119312511028490/0001193125-11-028490-index.htm",
    "finalLink": "https://www.sec.gov/Archives/edgar/data/12927/000119312511028490/d10k.htm"
  },
  {
    "date": "2010-09-30",
    "symbol": "BA",
    "reportedCurrency": "USD",
    "cik": "0000012927",
    "fillingDate": "2010-10-20",
    "acceptedDate": "2010-10-20 12:46:10",
    "calendarYear": "2010",
    "period": "Q3",
    "revenue": 16967000000,
    "costOfRevenue": 13746000000,
    "grossProfit": 3221000000,
    "grossProfitRatio": 0.1898390994,
    "researchAndDevelopmentExpenses": 986000000,
    "generalAndAdministrativeExpenses": 0,
    "sellingAndMarketingExpenses": 0,
    "sellingGeneralAndAdministrativeExpenses": 936000000,
    "otherExpenses": 0,
    "operatingExpenses": 1834000000,
    "costAndExpenses": 15580000000,
    "interestIncome": 0,
    "interestExpense": 130000000,
    "depreciationAndAmortization": 416000000,
    "ebitda": 1790000000,
    "ebitdaratio": 0.1054989096,
    "operatingIncome": 1387000000,
    "operatingIncomeRatio": 0.0817469205,
    "totalOtherIncomeExpensesNet": -143000000,
    "incomeBeforeTax": 1244000000,
    "incomeBeforeTaxRatio": 0.0733187953,
    "incomeTaxExpense": 407000000,
    "netIncome": 837000000,
    "netIncomeRatio": 0.0493310544,
    "eps": 1.13,
    "epsdiluted": 1.12,
    "weightedAverageShsOut": 740707965,
    "weightedAverageShsOutDil": 744600000,
    "link": "https://www.sec.gov/Archives/edgar/data/12927/000119312510232425/0001193125-10-232425-index.htm",
    "finalLink": "https://www.sec.gov/Archives/edgar/data/12927/000119312510232425/d10q.htm"
  },
  {
    "date": "2010-06-30",
    "symbol": "BA",
    "reportedCurrency": "USD",
    "cik": "0000012927",
    "fillingDate": "2010-07-28",
    "acceptedDate": "2010-07-28 13:12:54",
    "calendarYear": "2010",
    "period": "Q2",
    "revenue": 15573000000,
    "costOfRevenue": 12540000000,
    "grossProfit": 3033000000,
    "grossProfitRatio": 0.1947601618,
    "researchAndDevelopmentExpenses": 1001000000,
    "generalAndAdministrativeExpenses": 0,
    "sellingAndMarketingExpenses": 0,
    "sellingGeneralAndAdministrativeExpenses": 778000000,
    "otherExpenses": 0,
    "operatingExpenses": 1726000000,
    "costAndExpenses": 14266000000,
    "interestIncome": 0,
    "interestExpense": 132000000,
    "depreciationAndAmortization": 449000000,
    "ebitda": 1791000000,
    "ebitdaratio": 0.1150067424,
    "operatingIncome": 1307000000,
    "operatingIncomeRatio": 0.0839273101,
    "totalOtherIncomeExpensesNet": -97000000,
    "incomeBeforeTax": 1210000000,
    "incomeBeforeTaxRatio": 0.0776985809,
    "incomeTaxExpense": 421000000,
    "netIncome": 787000000,
    "netIncomeRatio": 0.0505361844,
    "eps": 1.07,
    "epsdiluted": 1.06,
    "weightedAverageShsOut": 735514019,
    "weightedAverageShsOutDil": 742900000,
    "link": "https://www.sec.gov/Archives/edgar/data/12927/000119312510168724/0001193125-10-168724-index.htm",
    "finalLink": "https://www.sec.gov/Archives/edgar/data/12927/000119312510168724/d10q.htm"
  },
  {
    "date": "2010-03-31",
    "symbol": "BA",
    "reportedCurrency": "USD",
    "cik": "0000012927",
    "fillingDate": "2010-04-21",
    "acceptedDate": "2010-04-21 12:36:16",
    "calendarYear": "2010",
    "period": "Q1",
    "revenue": 15216000000,
    "costOfRevenue": 12144000000,
    "grossProfit": 3072000000,
    "grossProfitRatio": 0.2018927445,
    "researchAndDevelopmentExpenses": 1000000000,
    "generalAndAdministrativeExpenses": 0,
    "sellingAndMarketingExpenses": 0,
    "sellingGeneralAndAdministrativeExpenses": 953000000,
    "otherExpenses": 0,
    "operatingExpenses": 1898000000,
    "costAndExpenses": 14042000000,
    "interestIncome": 0,
    "interestExpense": 122000000,
    "depreciationAndAmortization": 405000000,
    "ebitda": 1577000000,
    "ebitdaratio": 0.1036409043,
    "operatingIncome": 1174000000,
    "operatingIncomeRatio": 0.0771556257,
    "totalOtherIncomeExpensesNet": -124000000,
    "incomeBeforeTax": 1050000000,
    "incomeBeforeTaxRatio": 0.0690063091,
    "incomeTaxExpense": 531000000,
    "netIncome": 519000000,
    "netIncomeRatio": 0.0341088328,
    "eps": 0.71,
    "epsdiluted": 0.7,
    "weightedAverageShsOut": 734800000,
    "weightedAverageShsOutDil": 740100000,
    "link": "https://www.sec.gov/Archives/edgar/data/12927/000119312510088623/0001193125-10-088623-index.htm",
    "finalLink": "https://www.sec.gov/Archives/edgar/data/12927/000119312510088623/d10q.htm"
  },
  {
    "date": "2009-12-31",
    "symbol": "BA",
    "reportedCurrency": "USD",
    "cik": "0000012927",
    "fillingDate": "2010-02-08",
    "acceptedDate": "2010-02-08 16:28:55",
    "calendarYear": "2009",
    "period": "Q4",
    "revenue": 17937000000,
    "costOfRevenue": 14508000000,
    "grossProfit": 3429000000,
    "grossProfitRatio": 0.1911690918,
    "researchAndDevelopmentExpenses": 1002000000,
    "generalAndAdministrativeExpenses": 0,
    "sellingAndMarketingExpenses": 0,
    "sellingGeneralAndAdministrativeExpenses": 780000000,
    "otherExpenses": 0,
    "operatingExpenses": 1526000000,
    "costAndExpenses": 16034000000,
    "interestIncome": 0,
    "interestExpense": 110000000,
    "depreciationAndAmortization": 467000000,
    "ebitda": 2184000000,
    "ebitdaratio": 0.1217594916,
    "operatingIncome": 1693000000,
    "operatingIncomeRatio": 0.0943859062,
    "totalOtherIncomeExpensesNet": -143000000,
    "incomeBeforeTax": 1550000000,
    "incomeBeforeTaxRatio": 0.0864135586,
    "incomeTaxExpense": 267000000,
    "netIncome": 1268000000,
    "netIncomeRatio": 0.070691866,
    "eps": 1.79,
    "epsdiluted": 1.78,
    "weightedAverageShsOut": 722800000,
    "weightedAverageShsOutDil": 729300000,
    "link": "https://www.sec.gov/Archives/edgar/data/12927/000119312510024406/0001193125-10-024406-index.htm",
    "finalLink": "https://www.sec.gov/Archives/edgar/data/12927/000119312510024406/d10k.htm"
  },
  {
    "date": "2009-09-30",
    "symbol": "BA",
    "reportedCurrency": "USD",
    "cik": "0000012927",
    "fillingDate": "2009-10-21",
    "acceptedDate": "2009-10-21 12:41:43",
    "calendarYear": "2009",
    "period": "Q3",
    "revenue": 16688000000,
    "costOfRevenue": 14480000000,
    "grossProfit": 2208000000,
    "grossProfitRatio": 0.1323106424,
    "researchAndDevelopmentExpenses": 3574000000,
    "generalAndAdministrativeExpenses": 0,
    "sellingAndMarketingExpenses": 0,
    "sellingGeneralAndAdministrativeExpenses": 868000000,
    "otherExpenses": 0,
    "operatingExpenses": 0,
    "costAndExpenses": 14480000000,
    "interestIncome": 0,
    "interestExpense": 92000000,
    "depreciationAndAmortization": 434000000,
    "ebitda": -1721000000,
    "ebitdaratio": -0.1031279962,
    "operatingIncome": -2151000000,
    "operatingIncomeRatio": -0.1288950144,
    "totalOtherIncomeExpensesNet": -96000000,
    "incomeBeforeTax": -2247000000,
    "incomeBeforeTaxRatio": -0.134647651,
    "incomeTaxExpense": -687000000,
    "netIncome": -1564000000,
    "netIncomeRatio": -0.0937200384,
    "eps": -2.23,
    "epsdiluted": -2.23,
    "weightedAverageShsOut": 701345291,
    "weightedAverageShsOutDil": 701345291,
    "link": "https://www.sec.gov/Archives/edgar/data/12927/000119312509210918/0001193125-09-210918-index.htm",
    "finalLink": "https://www.sec.gov/Archives/edgar/data/12927/000119312509210918/d10q.htm"
  },
  {
    "date": "2009-06-30",
    "symbol": "BA",
    "reportedCurrency": "USD",
    "cik": "0000012927",
    "fillingDate": "2009-07-22",
    "acceptedDate": "2009-07-22 12:32:52",
    "calendarYear": "2009",
    "period": "Q2",
    "revenue": 17154000000,
    "costOfRevenue": 13807000000,
    "grossProfit": 3347000000,
    "grossProfitRatio": 0.195114842,
    "researchAndDevelopmentExpenses": 960000000,
    "generalAndAdministrativeExpenses": 0,
    "sellingAndMarketingExpenses": 0,
    "sellingGeneralAndAdministrativeExpenses": 925000000,
    "otherExpenses": 0,
    "operatingExpenses": 1888000000,
    "costAndExpenses": 15695000000,
    "interestIncome": 0,
    "interestExpense": 80000000,
    "depreciationAndAmortization": 381000000,
    "ebitda": 1957000000,
    "ebitdaratio": 0.1140841786,
    "operatingIncome": 1529000000,
    "operatingIncomeRatio": 0.0891337297,
    "totalOtherIncomeExpensesNet": -33000000,
    "incomeBeforeTax": 1496000000,
    "incomeBeforeTaxRatio": 0.0872099802,
    "incomeTaxExpense": 499000000,
    "netIncome": 998000000,
    "netIncomeRatio": 0.0581788504,
    "eps": 1.42,
    "epsdiluted": 1.41,
    "weightedAverageShsOut": 707400000,
    "weightedAverageShsOutDil": 707400000,
    "link": "https://www.sec.gov/Archives/edgar/data/12927/000119312509152905/0001193125-09-152905-index.htm",
    "finalLink": "https://www.sec.gov/Archives/edgar/data/12927/000119312509152905/d10q.htm"
  },
  {
    "date": "2009-03-31",
    "symbol": "BA",
    "reportedCurrency": "USD",
    "cik": "0000012927",
    "fillingDate": "2009-04-22",
    "acceptedDate": "2009-04-22 12:28:41",
    "calendarYear": "2009",
    "period": "Q1",
    "revenue": 16502000000,
    "costOfRevenue": 13745000000,
    "grossProfit": 2757000000,
    "grossProfitRatio": 0.1670706581,
    "researchAndDevelopmentExpenses": 970000000,
    "generalAndAdministrativeExpenses": 0,
    "sellingAndMarketingExpenses": 0,
    "sellingGeneralAndAdministrativeExpenses": 791000000,
    "otherExpenses": 0,
    "operatingExpenses": 1732000000,
    "costAndExpenses": 15477000000,
    "interestIncome": 0,
    "interestExpense": 57000000,
    "depreciationAndAmortization": 384000000,
    "ebitda": 1373000000,
    "ebitdaratio": 0.0832020361,
    "operatingIncome": 1025000000,
    "operatingIncomeRatio": 0.0621136832,
    "totalOtherIncomeExpensesNet": -93000000,
    "incomeBeforeTax": 932000000,
    "incomeBeforeTaxRatio": 0.0564780027,
    "incomeTaxExpense": 317000000,
    "netIncome": 610000000,
    "netIncomeRatio": 0.0369652163,
    "eps": 0.87,
    "epsdiluted": 0.86,
    "weightedAverageShsOut": 705300000,
    "weightedAverageShsOutDil": 707400000,
    "link": "https://www.sec.gov/Archives/edgar/data/12927/000119312509084313/0001193125-09-084313-index.htm",
    "finalLink": "https://www.sec.gov/Archives/edgar/data/12927/000119312509084313/d10q.htm"
  },
  {
    "date": "2008-12-31",
    "symbol": "BA",
    "reportedCurrency": "USD",
    "cik": "0000012927",
    "fillingDate": "2009-02-09",
    "acceptedDate": "2009-02-09 17:10:11",
    "calendarYear": "2008",
    "period": "Q4",
    "revenue": 12664000000,
    "costOfRevenue": 11437000000,
    "grossProfit": 1227000000,
    "grossProfitRatio": 0.0968888187,
    "researchAndDevelopmentExpenses": 957000000,
    "generalAndAdministrativeExpenses": 0,
    "sellingAndMarketingExpenses": 0,
    "sellingGeneralAndAdministrativeExpenses": 734000000,
    "otherExpenses": 0,
    "operatingExpenses": 1645000000,
    "costAndExpenses": 13082000000,
    "interestIncome": 0,
    "interestExpense": 0,
    "depreciationAndAmortization": 417000000,
    "ebitda": -9000000,
    "ebitdaratio": -0.0007106759,
    "operatingIncome": -243000000,
    "operatingIncomeRatio": -0.0191882502,
    "totalOtherIncomeExpensesNet": -67000000,
    "incomeBeforeTax": -310000000,
    "incomeBeforeTaxRatio": -0.0244788377,
    "incomeTaxExpense": -224000000,
    "netIncome": -86000000,
    "netIncomeRatio": -0.0067909033,
    "eps": -0.1,
    "epsdiluted": -0.1,
    "weightedAverageShsOut": 709000000,
    "weightedAverageShsOutDil": 713400000,
    "link": "https://www.sec.gov/Archives/edgar/data/12927/000119312509022654/0001193125-09-022654-index.htm",
    "finalLink": "https://www.sec.gov/Archives/edgar/data/12927/000119312509022654/d10k.htm"
  },
  {
    "date": "2008-09-30",
    "symbol": "BA",
    "reportedCurrency": "USD",
    "cik": "0000012927",
    "fillingDate": "2008-10-22",
    "acceptedDate": "2008-10-22 12:23:57",
    "calendarYear": "2008",
    "period": "Q3",
    "revenue": 15293000000,
    "costOfRevenue": 12487000000,
    "grossProfit": 2806000000,
    "grossProfitRatio": 0.1834826391,
    "researchAndDevelopmentExpenses": 937000000,
    "generalAndAdministrativeExpenses": 0,
    "sellingAndMarketingExpenses": 0,
    "sellingGeneralAndAdministrativeExpenses": 740000000,
    "otherExpenses": 0,
    "operatingExpenses": 1605000000,
    "costAndExpenses": 14092000000,
    "interestIncome": 0,
    "interestExpense": 103000000,
    "depreciationAndAmortization": 346000000,
    "ebitda": 1552000000,
    "ebitdaratio": 0.1014843392,
    "operatingIncome": 1147000000,
    "operatingIncomeRatio": 0.0750016347,
    "totalOtherIncomeExpensesNet": 6000000,
    "incomeBeforeTax": 1153000000,
    "incomeBeforeTaxRatio": 0.0753939711,
    "incomeTaxExpense": 470000000,
    "netIncome": 695000000,
    "netIncomeRatio": 0.0454456287,
    "eps": 0.97,
    "epsdiluted": 0.96,
    "weightedAverageShsOut": 717700000,
    "weightedAverageShsOutDil": 721900000,
    "link": "https://www.sec.gov/Archives/edgar/data/12927/000119312508214169/0001193125-08-214169-index.htm",
    "finalLink": "https://www.sec.gov/Archives/edgar/data/12927/000119312508214169/d10q.htm"
  },
  {
    "date": "2008-06-30",
    "symbol": "BA",
    "reportedCurrency": "USD",
    "cik": "0000012927",
    "fillingDate": "2008-07-23",
    "acceptedDate": "2008-07-23 13:34:18",
    "calendarYear": "2008",
    "period": "Q2",
    "revenue": 16962000000,
    "costOfRevenue": 13885000000,
    "grossProfit": 3077000000,
    "grossProfitRatio": 0.1814054946,
    "researchAndDevelopmentExpenses": 1005000000,
    "generalAndAdministrativeExpenses": 0,
    "sellingAndMarketingExpenses": 0,
    "sellingGeneralAndAdministrativeExpenses": 835000000,
    "otherExpenses": 0,
    "operatingExpenses": 1832000000,
    "costAndExpenses": 15717000000,
    "interestIncome": 0,
    "interestExpense": 50000000,
    "depreciationAndAmortization": 364000000,
    "ebitda": 1440000000,
    "ebitdaratio": 0.0848956491,
    "operatingIncome": 1247000000,
    "operatingIncomeRatio": 0.0735172739,
    "totalOtherIncomeExpensesNet": 52000000,
    "incomeBeforeTax": 1299000000,
    "incomeBeforeTaxRatio": 0.0765829501,
    "incomeTaxExpense": 448000000,
    "netIncome": 852000000,
    "netIncomeRatio": 0.0502299257,
    "eps": 1.18,
    "epsdiluted": 1.16,
    "weightedAverageShsOut": 725700000,
    "weightedAverageShsOutDil": 732800000,
    "link": "https://www.sec.gov/Archives/edgar/data/12927/000119312508156077/0001193125-08-156077-index.htm",
    "finalLink": "https://www.sec.gov/Archives/edgar/data/12927/000119312508156077/d10q.htm"
  },
  {
    "date": "2008-03-31",
    "symbol": "BA",
    "reportedCurrency": "USD",
    "cik": "0000012927",
    "fillingDate": "2008-04-23",
    "acceptedDate": "2008-04-23 13:26:28",
    "calendarYear": "2008",
    "period": "Q1",
    "revenue": 15990000000,
    "costOfRevenue": 12543000000,
    "grossProfit": 3447000000,
    "grossProfitRatio": 0.2155722326,
    "researchAndDevelopmentExpenses": 869000000,
    "generalAndAdministrativeExpenses": 0,
    "sellingAndMarketingExpenses": 0,
    "sellingGeneralAndAdministrativeExpenses": 775000000,
    "otherExpenses": 0,
    "operatingExpenses": 1648000000,
    "costAndExpenses": 14191000000,
    "interestIncome": 0,
    "interestExpense": 46000000,
    "depreciationAndAmortization": 364000000,
    "ebitda": 2005000000,
    "ebitdaratio": 0.1253908693,
    "operatingIncome": 1799000000,
    "operatingIncomeRatio": 0.1125078174,
    "totalOtherIncomeExpensesNet": 54000000,
    "incomeBeforeTax": 1853000000,
    "incomeBeforeTaxRatio": 0.1158849281,
    "incomeTaxExpense": 647000000,
    "netIncome": 1211000000,
    "netIncomeRatio": 0.0757348343,
    "eps": 1.64,
    "epsdiluted": 1.62,
    "weightedAverageShsOut": 738200000,
    "weightedAverageShsOutDil": 747400000,
    "link": "https://www.sec.gov/Archives/edgar/data/12927/000119312508087722/0001193125-08-087722-index.htm",
    "finalLink": "https://www.sec.gov/Archives/edgar/data/12927/000119312508087722/d10q.htm"
  },
  {
    "date": "2007-12-31",
    "symbol": "BA",
    "reportedCurrency": "USD",
    "cik": "0000012927",
    "fillingDate": "2008-02-15",
    "acceptedDate": "2008-02-15 13:37:09",
    "calendarYear": "2007",
    "period": "Q4",
    "revenue": 17477000000,
    "costOfRevenue": 14545000000,
    "grossProfit": 2932000000,
    "grossProfitRatio": 0.1677633461,
    "researchAndDevelopmentExpenses": 993000000,
    "generalAndAdministrativeExpenses": 0,
    "sellingAndMarketingExpenses": 0,
    "sellingGeneralAndAdministrativeExpenses": 796000000,
    "otherExpenses": 0,
    "operatingExpenses": 1476000000,
    "costAndExpenses": 16021000000,
    "interestIncome": 0,
    "interestExpense": 0,
    "depreciationAndAmortization": 388000000,
    "ebitda": 2366000000,
    "ebitdaratio": 0.1353779253,
    "operatingIncome": 1516000000,
    "operatingIncomeRatio": 0.086742576,
    "totalOtherIncomeExpensesNet": 72000000,
    "incomeBeforeTax": 1588000000,
    "incomeBeforeTaxRatio": 0.0908622761,
    "incomeTaxExpense": 561000000,
    "netIncome": 1033000000,
    "netIncomeRatio": 0.0591062539,
    "eps": 1.38,
    "epsdiluted": 1.36,
    "weightedAverageShsOut": 749400000,
    "weightedAverageShsOutDil": 761400000,
    "link": "https://www.sec.gov/Archives/edgar/data/12927/000119312508032328/0001193125-08-032328-index.htm",
    "finalLink": "https://www.sec.gov/Archives/edgar/data/12927/000119312508032328/d10k.htm"
  },
  {
    "date": "2007-09-30",
    "symbol": "BA",
    "reportedCurrency": "USD",
    "cik": "0000012927",
    "fillingDate": "2007-10-24",
    "acceptedDate": "2007-10-24 13:59:23",
    "calendarYear": "2007",
    "period": "Q3",
    "revenue": 16517000000,
    "costOfRevenue": 13134000000,
    "grossProfit": 3383000000,
    "grossProfitRatio": 0.2048192771,
    "researchAndDevelopmentExpenses": 869000000,
    "generalAndAdministrativeExpenses": 0,
    "sellingAndMarketingExpenses": 0,
    "sellingGeneralAndAdministrativeExpenses": 931000000,
    "otherExpenses": 0,
    "operatingExpenses": 1862000000,
    "costAndExpenses": 14996000000,
    "interestIncome": 0,
    "interestExpense": 120000000,
    "depreciationAndAmortization": 339000000,
    "ebitda": 1732000000,
    "ebitdaratio": 0.1048616577,
    "operatingIncome": 1499000000,
    "operatingIncomeRatio": 0.0907549797,
    "totalOtherIncomeExpensesNet": 92000000,
    "incomeBeforeTax": 1591000000,
    "incomeBeforeTaxRatio": 0.0963249985,
    "incomeTaxExpense": 482000000,
    "netIncome": 1114000000,
    "netIncomeRatio": 0.067445662,
    "eps": 1.47,
    "epsdiluted": 1.44,
    "weightedAverageShsOut": 759300000,
    "weightedAverageShsOutDil": 773400000,
    "link": "https://www.sec.gov/Archives/edgar/data/12927/000119312507224585/0001193125-07-224585-index.htm",
    "finalLink": "https://www.sec.gov/Archives/edgar/data/12927/000119312507224585/d10q.htm"
  },
  {
    "date": "2007-06-30",
    "symbol": "BA",
    "reportedCurrency": "USD",
    "cik": "0000012927",
    "fillingDate": "2007-07-25",
    "acceptedDate": "2007-07-25 12:40:24",
    "calendarYear": "2007",
    "period": "Q2",
    "revenue": 17028000000,
    "costOfRevenue": 13536000000,
    "grossProfit": 3492000000,
    "grossProfitRatio": 0.2050739958,
    "researchAndDevelopmentExpenses": 989000000,
    "generalAndAdministrativeExpenses": 0,
    "sellingAndMarketingExpenses": 0,
    "sellingGeneralAndAdministrativeExpenses": 976000000,
    "otherExpenses": 0,
    "operatingExpenses": 1988000000,
    "costAndExpenses": 15524000000,
    "interestIncome": 0,
    "interestExpense": 0,
    "depreciationAndAmortization": 400000000,
    "ebitda": 1904000000,
    "ebitdaratio": 0.1118158327,
    "operatingIncome": 1506000000,
    "operatingIncomeRatio": 0.0884425652,
    "totalOtherIncomeExpensesNet": 79000000,
    "incomeBeforeTax": 1585000000,
    "incomeBeforeTaxRatio": 0.0930819826,
    "incomeTaxExpense": 536000000,
    "netIncome": 1050000000,
    "netIncomeRatio": 0.0616631431,
    "eps": 1.38,
    "epsdiluted": 1.35,
    "weightedAverageShsOut": 763500000,
    "weightedAverageShsOutDil": 777000000,
    "link": "https://www.sec.gov/Archives/edgar/data/12927/000119312507161475/0001193125-07-161475-index.htm",
    "finalLink": "https://www.sec.gov/Archives/edgar/data/12927/000119312507161475/d10q.htm"
  },
  {
    "date": "2007-03-31",
    "symbol": "BA",
    "reportedCurrency": "USD",
    "cik": "0000012927",
    "fillingDate": "2007-04-25",
    "acceptedDate": "2007-04-25 12:09:44",
    "calendarYear": "2007",
    "period": "Q1",
    "revenue": 15365000000,
    "costOfRevenue": 12187000000,
    "grossProfit": 3178000000,
    "grossProfitRatio": 0.206833713,
    "researchAndDevelopmentExpenses": 999000000,
    "generalAndAdministrativeExpenses": 0,
    "sellingAndMarketingExpenses": 0,
    "sellingGeneralAndAdministrativeExpenses": 828000000,
    "otherExpenses": 0,
    "operatingExpenses": 1867000000,
    "costAndExpenses": 14054000000,
    "interestIncome": 0,
    "interestExpense": 0,
    "depreciationAndAmortization": 359000000,
    "ebitda": 1670000000,
    "ebitdaratio": 0.1086885779,
    "operatingIncome": 1309000000,
    "operatingIncomeRatio": 0.0851936219,
    "totalOtherIncomeExpensesNet": 45000000,
    "incomeBeforeTax": 1354000000,
    "incomeBeforeTaxRatio": 0.088122356,
    "incomeTaxExpense": 481000000,
    "netIncome": 877000000,
    "netIncomeRatio": 0.0570777742,
    "eps": 1.15,
    "epsdiluted": 1.13,
    "weightedAverageShsOut": 765400000,
    "weightedAverageShsOutDil": 777400000,
    "link": "https://www.sec.gov/Archives/edgar/data/12927/000119312507089827/0001193125-07-089827-index.htm",
    "finalLink": "https://www.sec.gov/Archives/edgar/data/12927/000119312507089827/d10q.htm"
  },
  {
    "date": "2006-12-31",
    "symbol": "BA",
    "reportedCurrency": "USD",
    "cik": "0000012927",
    "fillingDate": "2007-02-16",
    "acceptedDate": "2007-02-16 14:11:00",
    "calendarYear": "2006",
    "period": "Q4",
    "revenue": 17541000000,
    "costOfRevenue": 14718000000,
    "grossProfit": 2823000000,
    "grossProfitRatio": 0.1609372328,
    "researchAndDevelopmentExpenses": 937000000,
    "generalAndAdministrativeExpenses": 0,
    "sellingAndMarketingExpenses": 0,
    "sellingGeneralAndAdministrativeExpenses": 1094000000,
    "otherExpenses": 0,
    "operatingExpenses": 1859000000,
    "costAndExpenses": 16577000000,
    "interestIncome": 0,
    "interestExpense": 0,
    "depreciationAndAmortization": 410000000,
    "ebitda": 1714000000,
    "ebitdaratio": 0.0977139274,
    "operatingIncome": 1152000000,
    "operatingIncomeRatio": 0.065674705,
    "totalOtherIncomeExpensesNet": 87000000,
    "incomeBeforeTax": 1239000000,
    "incomeBeforeTaxRatio": 0.0706345134,
    "incomeTaxExpense": 259000000,
    "netIncome": 989000000,
    "netIncomeRatio": 0.0563821903,
    "eps": 1.29,
    "epsdiluted": 1.28,
    "weightedAverageShsOut": 768000000,
    "weightedAverageShsOutDil": 782500000,
    "link": "https://www.sec.gov/Archives/edgar/data/12927/000119312507033902/0001193125-07-033902-index.htm",
    "finalLink": "https://www.sec.gov/Archives/edgar/data/12927/000119312507033902/d10k.htm"
  },
  {
    "date": "2006-09-30",
    "symbol": "BA",
    "reportedCurrency": "USD",
    "cik": "0000012927",
    "fillingDate": "2006-10-25",
    "acceptedDate": "2006-10-25 13:30:45",
    "calendarYear": "2006",
    "period": "Q3",
    "revenue": 14739000000,
    "costOfRevenue": 11803000000,
    "grossProfit": 2936000000,
    "grossProfitRatio": 0.1991994029,
    "researchAndDevelopmentExpenses": 833000000,
    "generalAndAdministrativeExpenses": 0,
    "sellingAndMarketingExpenses": 0,
    "sellingGeneralAndAdministrativeExpenses": 834000000,
    "otherExpenses": 0,
    "operatingExpenses": 1713000000,
    "costAndExpenses": 13516000000,
    "interestIncome": 0,
    "interestExpense": 0,
    "depreciationAndAmortization": 371000000,
    "ebitda": 1594000000,
    "ebitdaratio": 0.1081484497,
    "operatingIncome": 951000000,
    "operatingIncomeRatio": 0.0645226949,
    "totalOtherIncomeExpensesNet": 37000000,
    "incomeBeforeTax": 988000000,
    "incomeBeforeTaxRatio": 0.0670330416,
    "incomeTaxExpense": 294000000,
    "netIncome": 694000000,
    "netIncomeRatio": 0.0470859624,
    "eps": 0.9,
    "epsdiluted": 0.89,
    "weightedAverageShsOut": 773000000,
    "weightedAverageShsOutDil": 784000000,
    "link": "https://www.sec.gov/Archives/edgar/data/12927/000119312506214506/0001193125-06-214506-index.htm",
    "finalLink": "https://www.sec.gov/Archives/edgar/data/12927/000119312506214506/d10q.htm"
  },
  {
    "date": "2006-06-30",
    "symbol": "BA",
    "reportedCurrency": "USD",
    "cik": "0000012927",
    "fillingDate": "2006-07-26",
    "acceptedDate": "2006-07-26 14:07:23",
    "calendarYear": "2006",
    "period": "Q2",
    "revenue": 14986000000,
    "costOfRevenue": 12512000000,
    "grossProfit": 2474000000,
    "grossProfitRatio": 0.1650874149,
    "researchAndDevelopmentExpenses": 739000000,
    "generalAndAdministrativeExpenses": 0,
    "sellingAndMarketingExpenses": 0,
    "sellingGeneralAndAdministrativeExpenses": 1162000000,
    "otherExpenses": 0,
    "operatingExpenses": 2528000000,
    "costAndExpenses": 15040000000,
    "interestIncome": 0,
    "interestExpense": 0,
    "depreciationAndAmortization": 392000000,
    "ebitda": 338000000,
    "ebitdaratio": 0.0225543841,
    "operatingIncome": -48000000,
    "operatingIncomeRatio": -0.0032029895,
    "totalOtherIncomeExpensesNet": 39000000,
    "incomeBeforeTax": -9000000,
    "incomeBeforeTaxRatio": -0.0006005605,
    "incomeTaxExpense": 151000000,
    "netIncome": -160000000,
    "netIncomeRatio": -0.0106766315,
    "eps": -0.21,
    "epsdiluted": -0.21,
    "weightedAverageShsOut": 761300000,
    "weightedAverageShsOutDil": 761300000,
    "link": "https://www.sec.gov/Archives/edgar/data/12927/000119312506153564/0001193125-06-153564-index.htm",
    "finalLink": "https://www.sec.gov/Archives/edgar/data/12927/000119312506153564/d10q.htm"
  },
  {
    "date": "2006-03-31",
    "symbol": "BA",
    "reportedCurrency": "USD",
    "cik": "0000012927",
    "fillingDate": "2006-04-26",
    "acceptedDate": "2006-04-26 15:30:34",
    "calendarYear": "2006",
    "period": "Q1",
    "revenue": 14264000000,
    "costOfRevenue": 11404000000,
    "grossProfit": 2860000000,
    "grossProfitRatio": 0.2005047672,
    "researchAndDevelopmentExpenses": 748000000,
    "generalAndAdministrativeExpenses": 0,
    "sellingAndMarketingExpenses": 0,
    "sellingGeneralAndAdministrativeExpenses": 1081000000,
    "otherExpenses": 0,
    "operatingExpenses": 1899000000,
    "costAndExpenses": 13303000000,
    "interestIncome": 0,
    "interestExpense": 0,
    "depreciationAndAmortization": 372000000,
    "ebitda": 1333000000,
    "ebitdaratio": 0.0934520471,
    "operatingIncome": 959000000,
    "operatingIncomeRatio": 0.0672321929,
    "totalOtherIncomeExpensesNet": 17000000,
    "incomeBeforeTax": 976000000,
    "incomeBeforeTaxRatio": 0.0684240045,
    "incomeTaxExpense": 284000000,
    "netIncome": 692000000,
    "netIncomeRatio": 0.0485137409,
    "eps": 0.9,
    "epsdiluted": 0.88,
    "weightedAverageShsOut": 770500000,
    "weightedAverageShsOutDil": 791800000,
    "link": "https://www.sec.gov/Archives/edgar/data/12927/000119312506089258/0001193125-06-089258-index.htm",
    "finalLink": "https://www.sec.gov/Archives/edgar/data/12927/000119312506089258/d10q.htm"
  },
  {
    "date": "2005-12-31",
    "symbol": "BA",
    "reportedCurrency": "USD",
    "cik": "0000012927",
    "fillingDate": "2006-02-28",
    "acceptedDate": "2006-02-28 12:47:43",
    "calendarYear": "2005",
    "period": "Q4",
    "revenue": 14204000000,
    "costOfRevenue": 12435000000,
    "grossProfit": 1769000000,
    "grossProfitRatio": 0.1245423824,
    "researchAndDevelopmentExpenses": 601000000,
    "generalAndAdministrativeExpenses": 0,
    "sellingAndMarketingExpenses": 0,
    "sellingGeneralAndAdministrativeExpenses": 939000000,
    "otherExpenses": 0,
    "operatingExpenses": 1745000000,
    "costAndExpenses": 14180000000,
    "interestIncome": 0,
    "interestExpense": 0,
    "depreciationAndAmortization": 354000000,
    "ebitda": 1199000000,
    "ebitdaratio": 0.0844128415,
    "operatingIncome": 544000000,
    "operatingIncomeRatio": 0.0382990707,
    "totalOtherIncomeExpensesNet": 64000000,
    "incomeBeforeTax": 608000000,
    "incomeBeforeTaxRatio": 0.0428048437,
    "incomeTaxExpense": 144000000,
    "netIncome": 460000000,
    "netIncomeRatio": 0.0323852436,
    "eps": 0.6,
    "epsdiluted": 0.58,
    "weightedAverageShsOut": 774700000,
    "weightedAverageShsOutDil": 792400000,
    "link": "https://www.sec.gov/Archives/edgar/data/12927/000119312506040952/0001193125-06-040952-index.htm",
    "finalLink": "https://www.sec.gov/Archives/edgar/data/12927/000119312506040952/d10k.htm"
  },
  {
    "date": "2005-09-30",
    "symbol": "BA",
    "reportedCurrency": "USD",
    "cik": "0000012927",
    "fillingDate": "2005-10-26",
    "acceptedDate": "2005-10-26 15:41:58",
    "calendarYear": "2005",
    "period": "Q3",
    "revenue": 12629000000,
    "costOfRevenue": 10693000000,
    "grossProfit": 1936000000,
    "grossProfitRatio": 0.153297965,
    "researchAndDevelopmentExpenses": 521000000,
    "generalAndAdministrativeExpenses": 0,
    "sellingAndMarketingExpenses": 0,
    "sellingGeneralAndAdministrativeExpenses": 1172000000,
    "otherExpenses": 0,
    "operatingExpenses": 1173000000,
    "costAndExpenses": 11866000000,
    "interestIncome": 0,
    "interestExpense": 0,
    "depreciationAndAmortization": 378000000,
    "ebitda": 763000000,
    "ebitdaratio": 0.0604165017,
    "operatingIncome": 763000000,
    "operatingIncomeRatio": 0.0604165017,
    "totalOtherIncomeExpensesNet": 49000000,
    "incomeBeforeTax": 812000000,
    "incomeBeforeTaxRatio": 0.0642964605,
    "incomeTaxExpense": -201000000,
    "netIncome": 1011000000,
    "netIncomeRatio": 0.0800538443,
    "eps": 1.28,
    "epsdiluted": 1.26,
    "weightedAverageShsOut": 787300000,
    "weightedAverageShsOutDil": 802800000,
    "link": "https://www.sec.gov/Archives/edgar/data/12927/000119312505208763/0001193125-05-208763-index.htm",
    "finalLink": "https://www.sec.gov/Archives/edgar/data/12927/000119312505208763/d10q.htm"
  },
  {
    "date": "2005-06-30",
    "symbol": "BA",
    "reportedCurrency": "USD",
    "cik": "0000012927",
    "fillingDate": "2005-07-27",
    "acceptedDate": "2005-07-27 15:16:23",
    "calendarYear": "2005",
    "period": "Q2",
    "revenue": 15028000000,
    "costOfRevenue": 12391000000,
    "grossProfit": 2637000000,
    "grossProfitRatio": 0.1754724514,
    "researchAndDevelopmentExpenses": 591000000,
    "generalAndAdministrativeExpenses": 0,
    "sellingAndMarketingExpenses": 0,
    "sellingGeneralAndAdministrativeExpenses": 1057000000,
    "otherExpenses": 0,
    "operatingExpenses": 1827000000,
    "costAndExpenses": 14218000000,
    "interestIncome": 0,
    "interestExpense": 0,
    "depreciationAndAmortization": 409000000,
    "ebitda": 1227000000,
    "ebitdaratio": 0.0816475912,
    "operatingIncome": 810000000,
    "operatingIncomeRatio": 0.0538993878,
    "totalOtherIncomeExpensesNet": -11000000,
    "incomeBeforeTax": 807000000,
    "incomeBeforeTaxRatio": 0.0536997604,
    "incomeTaxExpense": 241000000,
    "netIncome": 566000000,
    "netIncomeRatio": 0.037663029,
    "eps": 0.72,
    "epsdiluted": 0.7,
    "weightedAverageShsOut": 793300000,
    "weightedAverageShsOutDil": 807400000,
    "link": "https://www.sec.gov/Archives/edgar/data/12927/000119312505149899/0001193125-05-149899-index.htm",
    "finalLink": "https://www.sec.gov/Archives/edgar/data/12927/000119312505149899/d10q.htm"
  },
  {
    "date": "2005-03-31",
    "symbol": "BA",
    "reportedCurrency": "USD",
    "cik": "0000012927",
    "fillingDate": "2005-04-27",
    "acceptedDate": "2005-04-27 17:16:26",
    "calendarYear": "2005",
    "period": "Q1",
    "revenue": 12987000000,
    "costOfRevenue": 10689000000,
    "grossProfit": 2298000000,
    "grossProfitRatio": 0.1769461769,
    "researchAndDevelopmentExpenses": 492000000,
    "generalAndAdministrativeExpenses": 0,
    "sellingAndMarketingExpenses": 0,
    "sellingGeneralAndAdministrativeExpenses": 1071000000,
    "otherExpenses": 0,
    "operatingExpenses": 1611000000,
    "costAndExpenses": 12300000000,
    "interestIncome": 0,
    "interestExpense": 0,
    "depreciationAndAmortization": 362000000,
    "ebitda": 687000000,
    "ebitdaratio": 0.0528990529,
    "operatingIncome": 687000000,
    "operatingIncomeRatio": 0.0528990529,
    "totalOtherIncomeExpensesNet": -103000000,
    "incomeBeforeTax": 584000000,
    "incomeBeforeTaxRatio": 0.044968045,
    "incomeTaxExpense": 70000000,
    "netIncome": 535000000,
    "netIncomeRatio": 0.0411950412,
    "eps": 0.67,
    "epsdiluted": 0.66,
    "weightedAverageShsOut": 798400000,
    "weightedAverageShsOutDil": 806800000,
    "link": "https://www.sec.gov/Archives/edgar/data/12927/000119312505086964/0001193125-05-086964-index.htm",
    "finalLink": "https://www.sec.gov/Archives/edgar/data/12927/000119312505086964/d10q.htm"
  },
  {
    "date": "2004-12-31",
    "symbol": "BA",
    "reportedCurrency": "USD",
    "cik": "0000012927",
    "fillingDate": "2005-02-28",
    "acceptedDate": "2005-02-28 16:07:20",
    "calendarYear": "2004",
    "period": "Q4",
    "revenue": 13314000000,
    "costOfRevenue": 12275000000,
    "grossProfit": 1039000000,
    "grossProfitRatio": 0.0780381553,
    "researchAndDevelopmentExpenses": 414000000,
    "generalAndAdministrativeExpenses": 0,
    "sellingAndMarketingExpenses": 0,
    "sellingGeneralAndAdministrativeExpenses": 899000000,
    "otherExpenses": 0,
    "operatingExpenses": 1122000000,
    "costAndExpenses": 13397000000,
    "interestIncome": 0,
    "interestExpense": 0,
    "depreciationAndAmortization": 491000000,
    "ebitda": 807000000,
    "ebitdaratio": 0.0606128887,
    "operatingIncome": 28000000,
    "operatingIncomeRatio": 0.0021030494,
    "totalOtherIncomeExpensesNet": -37000000,
    "incomeBeforeTax": -9000000,
    "incomeBeforeTaxRatio": -0.0006759802,
    "incomeTaxExpense": -191000000,
    "netIncome": 186000000,
    "netIncomeRatio": 0.0139702569,
    "eps": 0.24,
    "epsdiluted": 0.23,
    "weightedAverageShsOut": 788100000,
    "weightedAverageShsOutDil": 812100000,
    "link": "https://www.sec.gov/Archives/edgar/data/12927/000119312505038602/0001193125-05-038602-index.htm",
    "finalLink": "https://www.sec.gov/Archives/edgar/data/12927/000119312505038602/d10k.htm"
  },
  {
    "date": "2004-09-30",
    "symbol": "BA",
    "reportedCurrency": "USD",
    "cik": "0000012927",
    "fillingDate": "2004-10-27",
    "acceptedDate": "2004-10-27 16:24:19",
    "calendarYear": "2004",
    "period": "Q3",
    "revenue": 13152000000,
    "costOfRevenue": 11164000000,
    "grossProfit": 1988000000,
    "grossProfitRatio": 0.1511557178,
    "researchAndDevelopmentExpenses": 469000000,
    "generalAndAdministrativeExpenses": 0,
    "sellingAndMarketingExpenses": 0,
    "sellingGeneralAndAdministrativeExpenses": 947000000,
    "otherExpenses": 0,
    "operatingExpenses": 1477000000,
    "costAndExpenses": 12641000000,
    "interestIncome": 0,
    "interestExpense": 0,
    "depreciationAndAmortization": 330000000,
    "ebitda": 511000000,
    "ebitdaratio": 0.0388534063,
    "operatingIncome": 511000000,
    "operatingIncomeRatio": 0.0388534063,
    "totalOtherIncomeExpensesNet": -66000000,
    "incomeBeforeTax": 445000000,
    "incomeBeforeTaxRatio": 0.0338351582,
    "incomeTaxExpense": 7000000,
    "netIncome": 456000000,
    "netIncomeRatio": 0.0346715328,
    "eps": 0.56,
    "epsdiluted": 0.56,
    "weightedAverageShsOut": 814800000,
    "weightedAverageShsOutDil": 814800000,
    "link": "https://www.sec.gov/Archives/edgar/data/12927/000119312504179383/0001193125-04-179383-index.htm",
    "finalLink": "https://www.sec.gov/Archives/edgar/data/12927/000119312504179383/d10q.htm"
  },
  {
    "date": "2004-06-30",
    "symbol": "BA",
    "reportedCurrency": "USD",
    "cik": "0000012927",
    "fillingDate": "2004-07-28",
    "acceptedDate": "2004-07-28 17:28:05",
    "calendarYear": "2004",
    "period": "Q2",
    "revenue": 13088000000,
    "costOfRevenue": 10875000000,
    "grossProfit": 2213000000,
    "grossProfitRatio": 0.1690861858,
    "researchAndDevelopmentExpenses": 522000000,
    "generalAndAdministrativeExpenses": 0,
    "sellingAndMarketingExpenses": 0,
    "sellingGeneralAndAdministrativeExpenses": 988000000,
    "otherExpenses": 0,
    "operatingExpenses": 1569000000,
    "costAndExpenses": 12444000000,
    "interestIncome": 0,
    "interestExpense": 0,
    "depreciationAndAmortization": 334000000,
    "ebitda": 644000000,
    "ebitdaratio": 0.049205379,
    "operatingIncome": 644000000,
    "operatingIncomeRatio": 0.049205379,
    "totalOtherIncomeExpensesNet": -19000000,
    "incomeBeforeTax": 625000000,
    "incomeBeforeTaxRatio": 0.0477536675,
    "incomeTaxExpense": 39000000,
    "netIncome": 607000000,
    "netIncomeRatio": 0.0463783619,
    "eps": 0.75,
    "epsdiluted": 0.75,
    "weightedAverageShsOut": 807800000,
    "weightedAverageShsOutDil": 812300000,
    "link": "https://www.sec.gov/Archives/edgar/data/12927/000119312504126399/0001193125-04-126399-index.htm",
    "finalLink": "https://www.sec.gov/Archives/edgar/data/12927/000119312504126399/d10q.htm"
  },
  {
    "date": "2004-03-31",
    "symbol": "BA",
    "reportedCurrency": "USD",
    "cik": "0000012927",
    "fillingDate": "2004-04-28",
    "acceptedDate": "2004-04-28 17:24:59",
    "calendarYear": "2004",
    "period": "Q1",
    "revenue": 12959000000,
    "costOfRevenue": 10728000000,
    "grossProfit": 2231000000,
    "grossProfitRatio": 0.1721583456,
    "researchAndDevelopmentExpenses": 474000000,
    "generalAndAdministrativeExpenses": 0,
    "sellingAndMarketingExpenses": 0,
    "sellingGeneralAndAdministrativeExpenses": 829000000,
    "otherExpenses": 0,
    "operatingExpenses": 1393000000,
    "costAndExpenses": 12121000000,
    "interestIncome": 0,
    "interestExpense": 0,
    "depreciationAndAmortization": 354000000,
    "ebitda": 1164000000,
    "ebitdaratio": 0.0898217455,
    "operatingIncome": 838000000,
    "operatingIncomeRatio": 0.0646654834,
    "totalOtherIncomeExpensesNet": 75000000,
    "incomeBeforeTax": 913000000,
    "incomeBeforeTaxRatio": 0.070452967,
    "incomeTaxExpense": 290000000,
    "netIncome": 623000000,
    "netIncomeRatio": 0.0480746971,
    "eps": 0.77,
    "epsdiluted": 0.77,
    "weightedAverageShsOut": 806900000,
    "weightedAverageShsOutDil": 810900000,
    "link": "https://www.sec.gov/Archives/edgar/data/12927/000119312504072412/0001193125-04-072412-index.htm",
    "finalLink": "https://www.sec.gov/Archives/edgar/data/12927/000119312504072412/d10q.htm"
  },
  {
    "date": "2003-12-31",
    "symbol": "BA",
    "reportedCurrency": "USD",
    "cik": "0000012927",
    "fillingDate": "2004-03-12",
    "acceptedDate": "2004-03-11 18:34:06",
    "calendarYear": "2003",
    "period": "Q4",
    "revenue": 13198000000,
    "costOfRevenue": 11669000000,
    "grossProfit": 1529000000,
    "grossProfitRatio": 0.1158508865,
    "researchAndDevelopmentExpenses": 439000000,
    "generalAndAdministrativeExpenses": 0,
    "sellingAndMarketingExpenses": 0,
    "sellingGeneralAndAdministrativeExpenses": 735000000,
    "otherExpenses": 0,
    "operatingExpenses": -59000000,
    "costAndExpenses": 11610000000,
    "interestIncome": 0,
    "interestExpense": 0,
    "depreciationAndAmortization": 359000000,
    "ebitda": 1500000000,
    "ebitdaratio": 0.1136535839,
    "operatingIncome": 682000000,
    "operatingIncomeRatio": 0.0516744961,
    "totalOtherIncomeExpensesNet": 339000000,
    "incomeBeforeTax": 1021000000,
    "incomeBeforeTaxRatio": 0.0773602061,
    "incomeTaxExpense": -111000000,
    "netIncome": 1132000000,
    "netIncomeRatio": 0.0857705713,
    "eps": 1.42,
    "epsdiluted": 1.41,
    "weightedAverageShsOut": 821300000,
    "weightedAverageShsOutDil": 835300000,
    "link": "https://www.sec.gov/Archives/edgar/data/12927/000119312504039346/0001193125-04-039346-index.htm",
    "finalLink": "https://www.sec.gov/Archives/edgar/data/12927/000119312504039346/d10ka.htm"
  },
  {
    "date": "2003-09-30",
    "symbol": "BA",
    "reportedCurrency": "USD",
    "cik": "0000012927",
    "fillingDate": "2003-10-29",
    "acceptedDate": "2003-10-29 17:24:06",
    "calendarYear": "2003",
    "period": "Q3",
    "revenue": 12242000000,
    "costOfRevenue": 10451000000,
    "grossProfit": 1791000000,
    "grossProfitRatio": 0.1462996242,
    "researchAndDevelopmentExpenses": 414000000,
    "generalAndAdministrativeExpenses": 0,
    "sellingAndMarketingExpenses": 0,
    "sellingGeneralAndAdministrativeExpenses": 853000000,
    "otherExpenses": 0,
    "operatingExpenses": 1358000000,
    "costAndExpenses": 11809000000,
    "interestIncome": 0,
    "interestExpense": 0,
    "depreciationAndAmortization": 299000000,
    "ebitda": 725000000,
    "ebitdaratio": 0.0592223493,
    "operatingIncome": 433000000,
    "operatingIncomeRatio": 0.0353700376,
    "totalOtherIncomeExpensesNet": -75000000,
    "incomeBeforeTax": 351000000,
    "incomeBeforeTaxRatio": 0.0286717857,
    "incomeTaxExpense": 95000000,
    "netIncome": 256000000,
    "netIncomeRatio": 0.0209116157,
    "eps": 0.32,
    "epsdiluted": 0.32,
    "weightedAverageShsOut": 805600000,
    "weightedAverageShsOutDil": 808800000,
    "link": "https://www.sec.gov/Archives/edgar/data/12927/000119312503069438/0001193125-03-069438-index.htm",
    "finalLink": "https://www.sec.gov/Archives/edgar/data/12927/000119312503069438/d10q.htm"
  },
  {
    "date": "2003-07-30",
    "symbol": "BA",
    "reportedCurrency": "USD",
    "cik": "0000012927",
    "fillingDate": "2003-08-04",
    "acceptedDate": "2003-08-04 16:07:56",
    "calendarYear": "2003",
    "period": "Q2",
    "revenue": 12785000000,
    "costOfRevenue": 11646000000,
    "grossProfit": 1139000000,
    "grossProfitRatio": 0.0890887759,
    "researchAndDevelopmentExpenses": 437000000,
    "generalAndAdministrativeExpenses": 0,
    "sellingAndMarketingExpenses": 0,
    "sellingGeneralAndAdministrativeExpenses": 910000000,
    "otherExpenses": 0,
    "operatingExpenses": 1432000000,
    "costAndExpenses": 13078000000,
    "interestIncome": 0,
    "interestExpense": 0,
    "depreciationAndAmortization": 422000000,
    "ebitda": 110000000,
    "ebitdaratio": 0.0086038326,
    "operatingIncome": -293000000,
    "operatingIncomeRatio": -0.0229174814,
    "totalOtherIncomeExpensesNet": -75000000,
    "incomeBeforeTax": -375000000,
    "incomeBeforeTaxRatio": -0.0293312476,
    "incomeTaxExpense": -183000000,
    "netIncome": -192000000,
    "netIncomeRatio": -0.0150175987,
    "eps": -0.24,
    "epsdiluted": -0.24,
    "weightedAverageShsOut": 800100000,
    "weightedAverageShsOutDil": 800100000,
    "link": "https://www.sec.gov/Archives/edgar/data/12927/000119312503028503/0001193125-03-028503-index.htm",
    "finalLink": "https://www.sec.gov/Archives/edgar/data/12927/000119312503028503/d10q.htm"
  },
  {
    "date": "2003-03-31",
    "symbol": "BA",
    "reportedCurrency": "USD",
    "cik": "0000012927",
    "fillingDate": "2003-05-05",
    "acceptedDate": "2003-05-05 17:33:17",
    "calendarYear": "2003",
    "period": "Q1",
    "revenue": 12260000000,
    "costOfRevenue": 10538000000,
    "grossProfit": 1722000000,
    "grossProfitRatio": 0.14045677,
    "researchAndDevelopmentExpenses": 361000000,
    "generalAndAdministrativeExpenses": 0,
    "sellingAndMarketingExpenses": 0,
    "sellingGeneralAndAdministrativeExpenses": 726000000,
    "otherExpenses": 0,
    "operatingExpenses": 2095000000,
    "costAndExpenses": 12633000000,
    "interestIncome": 0,
    "interestExpense": 0,
    "depreciationAndAmortization": 370000000,
    "ebitda": 0,
    "ebitdaratio": 0,
    "operatingIncome": -373000000,
    "operatingIncomeRatio": -0.0304241436,
    "totalOtherIncomeExpensesNet": -77000000,
    "incomeBeforeTax": -447000000,
    "incomeBeforeTaxRatio": -0.0364600326,
    "incomeTaxExpense": 31000000,
    "netIncome": -478000000,
    "netIncomeRatio": -0.0389885808,
    "eps": -0.6,
    "epsdiluted": -0.6,
    "weightedAverageShsOut": 796666667,
    "weightedAverageShsOutDil": 800000000,
    "link": "https://www.sec.gov/Archives/edgar/data/12927/000095013103002606/0000950131-03-002606-index.htm",
    "finalLink": "https://www.sec.gov/Archives/edgar/data/12927/000095013103002606/d10q.htm"
  },
  {
    "date": "2002-12-31",
    "symbol": "BA",
    "reportedCurrency": "USD",
    "cik": "0000012927",
    "fillingDate": "2003-02-27",
    "acceptedDate": "2003-02-27 17:09:45",
    "calendarYear": "2002",
    "period": "Q4",
    "revenue": 13701000000,
    "costOfRevenue": 11371000000,
    "grossProfit": 2330000000,
    "grossProfitRatio": 0.1700605795,
    "researchAndDevelopmentExpenses": 424000000,
    "generalAndAdministrativeExpenses": 0,
    "sellingAndMarketingExpenses": 0,
    "sellingGeneralAndAdministrativeExpenses": 740000000,
    "otherExpenses": 0,
    "operatingExpenses": 1247000000,
    "costAndExpenses": 12618000000,
    "interestIncome": 0,
    "interestExpense": 0,
    "depreciationAndAmortization": 493000000,
    "ebitda": 1574000000,
    "ebitdaratio": 0.1148821254,
    "operatingIncome": 1039000000,
    "operatingIncomeRatio": 0.0758338807,
    "totalOtherIncomeExpensesNet": -190000000,
    "incomeBeforeTax": 849000000,
    "incomeBeforeTaxRatio": 0.0619662798,
    "incomeTaxExpense": 259000000,
    "netIncome": 590000000,
    "netIncomeRatio": 0.0430625502,
    "eps": 0.74,
    "epsdiluted": 0.73,
    "weightedAverageShsOut": 746000000,
    "weightedAverageShsOutDil": 783600000,
    "link": "https://www.sec.gov/Archives/edgar/data/12927/000001292703000005/0000012927-03-000005-index.htm",
    "finalLink": "https://www.sec.gov/Archives/edgar/data/12927/000001292703000005/boeing10k_123102.htm"
  },
  {
    "date": "2002-09-30",
    "symbol": "BA",
    "reportedCurrency": "USD",
    "cik": "0000012927",
    "fillingDate": "2002-11-06",
    "acceptedDate": "2002-11-06 17:14:40",
    "calendarYear": "2002",
    "period": "Q3",
    "revenue": 12690000000,
    "costOfRevenue": 11025000000,
    "grossProfit": 1665000000,
    "grossProfitRatio": 0.1312056738,
    "researchAndDevelopmentExpenses": 371000000,
    "generalAndAdministrativeExpenses": 0,
    "sellingAndMarketingExpenses": 0,
    "sellingGeneralAndAdministrativeExpenses": 728000000,
    "otherExpenses": 0,
    "operatingExpenses": 1103000000,
    "costAndExpenses": 12128000000,
    "interestIncome": 0,
    "interestExpense": 0,
    "depreciationAndAmortization": 354000000,
    "ebitda": 916000000,
    "ebitdaratio": 0.0721828211,
    "operatingIncome": 562000000,
    "operatingIncomeRatio": 0.04428684,
    "totalOtherIncomeExpensesNet": -187000000,
    "incomeBeforeTax": 375000000,
    "incomeBeforeTaxRatio": 0.0295508274,
    "incomeTaxExpense": 3000000,
    "netIncome": 372000000,
    "netIncomeRatio": 0.0293144208,
    "eps": 0.47,
    "epsdiluted": 0.46,
    "weightedAverageShsOut": 791489362,
    "weightedAverageShsOutDil": 808695652,
    "link": "https://www.sec.gov/Archives/edgar/data/12927/000001292702000019/0000012927-02-000019-index.htm",
    "finalLink": "https://www.sec.gov/Archives/edgar/data/12927/000001292702000019/boeing10q_3q02.htm"
  },
  {
    "date": "2002-06-30",
    "symbol": "BA",
    "reportedCurrency": "USD",
    "cik": "0000012927",
    "fillingDate": "2002-08-12",
    "acceptedDate": "2002-08-12 16:50:06",
    "calendarYear": "2002",
    "period": "Q2",
    "revenue": 13857000000,
    "costOfRevenue": 11532000000,
    "grossProfit": 2325000000,
    "grossProfitRatio": 0.1677852349,
    "researchAndDevelopmentExpenses": 385000000,
    "generalAndAdministrativeExpenses": 0,
    "sellingAndMarketingExpenses": 0,
    "sellingGeneralAndAdministrativeExpenses": 737000000,
    "otherExpenses": 0,
    "operatingExpenses": 1050000000,
    "costAndExpenses": 12582000000,
    "interestIncome": 0,
    "interestExpense": 0,
    "depreciationAndAmortization": 328000000,
    "ebitda": 1603000000,
    "ebitdaratio": 0.115681605,
    "operatingIncome": 1275000000,
    "operatingIncomeRatio": 0.0920112578,
    "totalOtherIncomeExpensesNet": -151000000,
    "incomeBeforeTax": 1124000000,
    "incomeBeforeTaxRatio": 0.0811142383,
    "incomeTaxExpense": 345000000,
    "netIncome": 779000000,
    "netIncomeRatio": 0.0562170744,
    "eps": 0.97,
    "epsdiluted": 0.96,
    "weightedAverageShsOut": 803092784,
    "weightedAverageShsOutDil": 811458333,
    "link": "https://www.sec.gov/Archives/edgar/data/12927/000001292702000010/0000012927-02-000010-index.htm",
    "finalLink": "https://www.sec.gov/Archives/edgar/data/12927/000001292702000010/boeing10q_2q02.htm"
  },
  {
    "date": "2002-03-31",
    "symbol": "BA",
    "reportedCurrency": "USD",
    "cik": "0000012927",
    "fillingDate": "2002-05-07",
    "acceptedDate": "2002-05-07 16:35:47",
    "calendarYear": "2002",
    "period": "Q1",
    "revenue": 13821000000,
    "costOfRevenue": 11571000000,
    "grossProfit": 2250000000,
    "grossProfitRatio": 0.1627957456,
    "researchAndDevelopmentExpenses": 459000000,
    "generalAndAdministrativeExpenses": 0,
    "sellingAndMarketingExpenses": 0,
    "sellingGeneralAndAdministrativeExpenses": 776000000,
    "otherExpenses": 0,
    "operatingExpenses": 1258000000,
    "costAndExpenses": 12829000000,
    "interestIncome": 0,
    "interestExpense": 0,
    "depreciationAndAmortization": 322000000,
    "ebitda": 1314000000,
    "ebitdaratio": 0.0950727154,
    "operatingIncome": 992000000,
    "operatingIncomeRatio": 0.0717748354,
    "totalOtherIncomeExpensesNet": -160000000,
    "incomeBeforeTax": 832000000,
    "incomeBeforeTaxRatio": 0.060198249,
    "incomeTaxExpense": 254000000,
    "netIncome": -1249000000,
    "netIncomeRatio": -0.0903697272,
    "eps": -1.56,
    "epsdiluted": -1.56,
    "weightedAverageShsOut": 800641026,
    "weightedAverageShsOutDil": 811038961,
    "link": "https://www.sec.gov/Archives/edgar/data/12927/000001292702000007/0000012927-02-000007-index.htm",
    "finalLink": "https://www.sec.gov/Archives/edgar/data/12927/000001292702000007/b-q0302.txt"
  },
  {
    "date": "2001-12-31",
    "symbol": "BA",
    "reportedCurrency": "USD",
    "cik": "0000012927",
    "fillingDate": "2002-03-08",
    "acceptedDate": "2002-03-08 00:00:00",
    "calendarYear": "2001",
    "period": "Q4",
    "revenue": 15702000000,
    "costOfRevenue": 13331000000,
    "grossProfit": 2371000000,
    "grossProfitRatio": 0.1509998726,
    "researchAndDevelopmentExpenses": 538000000,
    "generalAndAdministrativeExpenses": 0,
    "sellingAndMarketingExpenses": 0,
    "sellingGeneralAndAdministrativeExpenses": 775000000,
    "otherExpenses": 0,
    "operatingExpenses": 1170000000,
    "costAndExpenses": 14501000000,
    "interestIncome": 0,
    "interestExpense": 0,
    "depreciationAndAmortization": 658000000,
    "ebitda": 1221000000,
    "ebitdaratio": 0.0777607948,
    "operatingIncome": 245000000,
    "operatingIncomeRatio": 0.0156031079,
    "totalOtherIncomeExpensesNet": -135000000,
    "incomeBeforeTax": 110000000,
    "incomeBeforeTaxRatio": 0.007005477,
    "incomeTaxExpense": 10000000,
    "netIncome": 100000000,
    "netIncomeRatio": 0.0063686155,
    "eps": 0.14,
    "epsdiluted": 0.14,
    "weightedAverageShsOut": 800643373,
    "weightedAverageShsOutDil": 807690798,
    "link": "https://www.sec.gov/Archives/edgar/data/12927/000001292702000005/0000012927-02-000005-index.htm",
    "finalLink": "https://www.sec.gov/Archives/edgar/data/12927/000001292702000005/k2001doc.txt"
  },
  {
    "date": "2001-09-30",
    "symbol": "BA",
    "reportedCurrency": "USD",
    "cik": "0000012927",
    "fillingDate": "2001-10-25",
    "acceptedDate": "2001-10-25 00:00:00",
    "calendarYear": "2001",
    "period": "Q3",
    "revenue": 13687000000,
    "costOfRevenue": 11410000000,
    "grossProfit": 2277000000,
    "grossProfitRatio": 0.1663622415,
    "researchAndDevelopmentExpenses": 515000000,
    "generalAndAdministrativeExpenses": 0,
    "sellingAndMarketingExpenses": 0,
    "sellingGeneralAndAdministrativeExpenses": 644000000,
    "otherExpenses": 0,
    "operatingExpenses": 1211000000,
    "costAndExpenses": 12621000000,
    "interestIncome": 0,
    "interestExpense": 0,
    "depreciationAndAmortization": 351000000,
    "ebitda": 1417000000,
    "ebitdaratio": 0.103528896,
    "operatingIncome": 1066000000,
    "operatingIncomeRatio": 0.0778841236,
    "totalOtherIncomeExpensesNet": -129000000,
    "incomeBeforeTax": 937000000,
    "incomeBeforeTaxRatio": 0.0684591218,
    "incomeTaxExpense": 287000000,
    "netIncome": 650000000,
    "netIncomeRatio": 0.0474903193,
    "eps": 0.81,
    "epsdiluted": 0.8,
    "weightedAverageShsOut": 802469136,
    "weightedAverageShsOutDil": 812500000,
    "link": "https://www.sec.gov/Archives/edgar/data/12927/000001292701500012/0000012927-01-500012-index.htm",
    "finalLink": "https://www.sec.gov/Archives/edgar/data/12927/000001292701500012/b-q0901.txt"
  },
  {
    "date": "2001-06-30",
    "symbol": "BA",
    "reportedCurrency": "USD",
    "cik": "0000012927",
    "fillingDate": "2001-08-09",
    "acceptedDate": "2001-08-09 00:00:00",
    "calendarYear": "2001",
    "period": "Q2",
    "revenue": 15516000000,
    "costOfRevenue": 12967000000,
    "grossProfit": 2549000000,
    "grossProfitRatio": 0.1642820315,
    "researchAndDevelopmentExpenses": 461000000,
    "generalAndAdministrativeExpenses": 0,
    "sellingAndMarketingExpenses": 0,
    "sellingGeneralAndAdministrativeExpenses": 743000000,
    "otherExpenses": 0,
    "operatingExpenses": 1182000000,
    "costAndExpenses": 14149000000,
    "interestIncome": 0,
    "interestExpense": 0,
    "depreciationAndAmortization": 357000000,
    "ebitda": 1724000000,
    "ebitdaratio": 0.1111111111,
    "operatingIncome": 1367000000,
    "operatingIncomeRatio": 0.0881026038,
    "totalOtherIncomeExpensesNet": -155000000,
    "incomeBeforeTax": 1212000000,
    "incomeBeforeTaxRatio": 0.0781129157,
    "incomeTaxExpense": 372000000,
    "netIncome": 840000000,
    "netIncomeRatio": 0.0541376643,
    "eps": 1.02,
    "epsdiluted": 0.99,
    "weightedAverageShsOut": 823529412,
    "weightedAverageShsOutDil": 848484848,
    "link": "https://www.sec.gov/Archives/edgar/data/12927/000001292701500009/0000012927-01-500009-index.htm",
    "finalLink": "https://www.sec.gov/Archives/edgar/data/12927/000001292701500009/b-q0601.txt"
  },
  {
    "date": "2001-03-31",
    "symbol": "BA",
    "reportedCurrency": "USD",
    "cik": "0000012927",
    "fillingDate": "2001-05-08",
    "acceptedDate": "2001-05-08 00:00:00",
    "calendarYear": "2001",
    "period": "Q1",
    "revenue": 13293000000,
    "costOfRevenue": 11070000000,
    "grossProfit": 2223000000,
    "grossProfitRatio": 0.1672308734,
    "researchAndDevelopmentExpenses": 422000000,
    "generalAndAdministrativeExpenses": 0,
    "sellingAndMarketingExpenses": 0,
    "sellingGeneralAndAdministrativeExpenses": 605000000,
    "otherExpenses": 0,
    "operatingExpenses": 1005000000,
    "costAndExpenses": 12075000000,
    "interestIncome": 0,
    "interestExpense": 0,
    "depreciationAndAmortization": 384000000,
    "ebitda": 1602000000,
    "ebitdaratio": 0.1205145565,
    "operatingIncome": 1218000000,
    "operatingIncomeRatio": 0.0916271722,
    "totalOtherIncomeExpensesNet": 87000000,
    "incomeBeforeTax": 1305000000,
    "incomeBeforeTaxRatio": 0.0981719702,
    "incomeTaxExpense": 69000000,
    "netIncome": 1237000000,
    "netIncomeRatio": 0.0930564959,
    "eps": 1.48,
    "epsdiluted": 1.45,
    "weightedAverageShsOut": 835810811,
    "weightedAverageShsOutDil": 853103448,
    "link": "https://www.sec.gov/Archives/edgar/data/12927/000001292701500005/0000012927-01-500005-index.htm",
    "finalLink": "https://www.sec.gov/Archives/edgar/data/12927/000001292701500005/q0301doc.txt"
  },
  {
    "date": "2000-12-31",
    "symbol": "BA",
    "reportedCurrency": "USD",
    "cik": "0000012927",
    "fillingDate": "2001-03-09",
    "acceptedDate": "2001-03-09 00:00:00",
    "calendarYear": "2000",
    "period": "Q4",
    "revenue": 14693000000,
    "costOfRevenue": 12228000000,
    "grossProfit": 2465000000,
    "grossProfitRatio": 0.1677669639,
    "researchAndDevelopmentExpenses": 417000000,
    "generalAndAdministrativeExpenses": 0,
    "sellingAndMarketingExpenses": 0,
    "sellingGeneralAndAdministrativeExpenses": 819000000,
    "otherExpenses": 0,
    "operatingExpenses": 1196000000,
    "costAndExpenses": 13424000000,
    "interestIncome": 0,
    "interestExpense": 0,
    "depreciationAndAmortization": 420000000,
    "ebitda": 1689000000,
    "ebitdaratio": 0.1149526986,
    "operatingIncome": 712000000,
    "operatingIncomeRatio": 0.0484584496,
    "totalOtherIncomeExpensesNet": -82000000,
    "incomeBeforeTax": 630000000,
    "incomeBeforeTaxRatio": 0.0428775607,
    "incomeTaxExpense": 149000000,
    "netIncome": 481000000,
    "netIncomeRatio": 0.0327366773,
    "eps": 0.57,
    "epsdiluted": 0.55,
    "weightedAverageShsOut": 851089005,
    "weightedAverageShsOutDil": 870914286,
    "link": "https://www.sec.gov/Archives/edgar/data/12927/000001292701000004/0000012927-01-000004-index.htm",
    "finalLink": "https://www.sec.gov/Archives/edgar/data/12927/000001292701000004/0000012927-01-000004-0001.txt"
  },
  {
    "date": "2000-09-30",
    "symbol": "BA",
    "reportedCurrency": "USD",
    "cik": "0000012927",
    "fillingDate": "2000-11-06",
    "acceptedDate": "2000-11-06 00:00:00",
    "calendarYear": "2000",
    "period": "Q3",
    "revenue": 11877000000,
    "costOfRevenue": 9993000000,
    "grossProfit": 1884000000,
    "grossProfitRatio": 0.1586259156,
    "researchAndDevelopmentExpenses": 361000000,
    "generalAndAdministrativeExpenses": 0,
    "sellingAndMarketingExpenses": 0,
    "sellingGeneralAndAdministrativeExpenses": 673000000,
    "otherExpenses": 0,
    "operatingExpenses": 1019000000,
    "costAndExpenses": 11012000000,
    "interestIncome": 0,
    "interestExpense": 0,
    "depreciationAndAmortization": 361000000,
    "ebitda": 1226000000,
    "ebitdaratio": 0.10322472,
    "operatingIncome": 865000000,
    "operatingIncomeRatio": 0.0728298392,
    "totalOtherIncomeExpensesNet": 11000000,
    "incomeBeforeTax": 876000000,
    "incomeBeforeTaxRatio": 0.073755999,
    "incomeTaxExpense": 267000000,
    "netIncome": 609000000,
    "netIncomeRatio": 0.0512755746,
    "eps": 0.71,
    "epsdiluted": 0.7,
    "weightedAverageShsOut": 857746479,
    "weightedAverageShsOutDil": 870000000,
    "link": "https://www.sec.gov/Archives/edgar/data/12927/000001292700000009/0000012927-00-000009-index.htm",
    "finalLink": "https://www.sec.gov/Archives/edgar/data/12927/000001292700000009/0000012927-00-000009-0001.txt"
  },
  {
    "date": "2000-06-30",
    "symbol": "BA",
    "reportedCurrency": "USD",
    "cik": "0000012927",
    "fillingDate": "2000-08-02",
    "acceptedDate": "2000-08-02 00:00:00",
    "calendarYear": "2000",
    "period": "Q2",
    "revenue": 14841000000,
    "costOfRevenue": 12944000000,
    "grossProfit": 1897000000,
    "grossProfitRatio": 0.1278215754,
    "researchAndDevelopmentExpenses": 375000000,
    "generalAndAdministrativeExpenses": 0,
    "sellingAndMarketingExpenses": 0,
    "sellingGeneralAndAdministrativeExpenses": 609000000,
    "otherExpenses": 0,
    "operatingExpenses": 972000000,
    "costAndExpenses": 13916000000,
    "interestIncome": 0,
    "interestExpense": 0,
    "depreciationAndAmortization": 346000000,
    "ebitda": 1271000000,
    "ebitdaratio": 0.0856411293,
    "operatingIncome": 925000000,
    "operatingIncomeRatio": 0.0623273364,
    "totalOtherIncomeExpensesNet": -34000000,
    "incomeBeforeTax": 891000000,
    "incomeBeforeTaxRatio": 0.0600363857,
    "incomeTaxExpense": 271000000,
    "netIncome": 620000000,
    "netIncomeRatio": 0.0417761606,
    "eps": 0.71,
    "epsdiluted": 0.71,
    "weightedAverageShsOut": 873239437,
    "weightedAverageShsOutDil": 873239437,
    "link": "https://www.sec.gov/Archives/edgar/data/12927/000001292700000007/0000012927-00-000007-index.htm",
    "finalLink": "https://www.sec.gov/Archives/edgar/data/12927/000001292700000007/0000012927-00-000007-0001.txt"
  },
  {
    "date": "2000-03-31",
    "symbol": "BA",
    "reportedCurrency": "USD",
    "cik": "0000012927",
    "fillingDate": "2000-05-12",
    "acceptedDate": "2000-05-12 00:00:00",
    "calendarYear": "2000",
    "period": "Q1",
    "revenue": 9910000000,
    "costOfRevenue": 8547000000,
    "grossProfit": 1363000000,
    "grossProfitRatio": 0.1375378406,
    "researchAndDevelopmentExpenses": 288000000,
    "generalAndAdministrativeExpenses": 0,
    "sellingAndMarketingExpenses": 0,
    "sellingGeneralAndAdministrativeExpenses": 550000000,
    "otherExpenses": 0,
    "operatingExpenses": 807000000,
    "costAndExpenses": 9354000000,
    "interestIncome": 0,
    "interestExpense": 0,
    "depreciationAndAmortization": 352000000,
    "ebitda": 908000000,
    "ebitdaratio": 0.0916246216,
    "operatingIncome": 556000000,
    "operatingIncomeRatio": 0.0561049445,
    "totalOtherIncomeExpensesNet": 46000000,
    "incomeBeforeTax": 602000000,
    "incomeBeforeTaxRatio": 0.0607467205,
    "incomeTaxExpense": 184000000,
    "netIncome": 418000000,
    "netIncomeRatio": 0.0421796165,
    "eps": 0.48,
    "epsdiluted": 0.48,
    "weightedAverageShsOut": 870833333,
    "weightedAverageShsOutDil": 870833333,
    "link": "https://www.sec.gov/Archives/edgar/data/12927/000001292700000005/0000012927-00-000005-index.html",
    "finalLink": "https://www.sec.gov/Archives/edgar/data/12927/000001292700000005/"
  },
  {
    "date": "1999-12-31",
    "symbol": "BA",
    "reportedCurrency": "USD",
    "cik": "0000012927",
    "fillingDate": "2000-03-08",
    "acceptedDate": "2000-03-08 00:00:00",
    "calendarYear": "1999",
    "period": "Q4",
    "revenue": 15200000000,
    "costOfRevenue": 13340000000,
    "grossProfit": 1860000000,
    "grossProfitRatio": 0.1223684211,
    "researchAndDevelopmentExpenses": 315000000,
    "generalAndAdministrativeExpenses": 0,
    "sellingAndMarketingExpenses": 0,
    "sellingGeneralAndAdministrativeExpenses": 593000000,
    "otherExpenses": 0,
    "operatingExpenses": 890000000,
    "costAndExpenses": 14230000000,
    "interestIncome": 0,
    "interestExpense": 0,
    "depreciationAndAmortization": 442000000,
    "ebitda": 1412000000,
    "ebitdaratio": 0.0928947368,
    "operatingIncome": 970000000,
    "operatingIncomeRatio": 0.0638157895,
    "totalOtherIncomeExpensesNet": -17000000,
    "incomeBeforeTax": 953000000,
    "incomeBeforeTaxRatio": 0.0626973684,
    "incomeTaxExpense": 291000000,
    "netIncome": 662000000,
    "netIncomeRatio": 0.0435526316,
    "eps": 0.74,
    "epsdiluted": 0.73,
    "weightedAverageShsOut": 885900000,
    "weightedAverageShsOutDil": 894700000,
    "link": "https://www.sec.gov/Archives/edgar/data/12927/000001292700000002/0000012927-00-000002-index.html",
    "finalLink": "https://www.sec.gov/Archives/edgar/data/12927/000001292700000002/"
  },
  {
    "date": "1999-09-30",
    "symbol": "BA",
    "reportedCurrency": "USD",
    "cik": "0000012927",
    "fillingDate": "1999-11-12",
    "acceptedDate": "1999-11-12 00:00:00",
    "calendarYear": "1999",
    "period": "Q3",
    "revenue": 13279000000,
    "costOfRevenue": 11802000000,
    "grossProfit": 1477000000,
    "grossProfitRatio": 0.1112282551,
    "researchAndDevelopmentExpenses": 315000000,
    "generalAndAdministrativeExpenses": 0,
    "sellingAndMarketingExpenses": 0,
    "sellingGeneralAndAdministrativeExpenses": 548000000,
    "otherExpenses": 0,
    "operatingExpenses": 809000000,
    "costAndExpenses": 12611000000,
    "interestIncome": 0,
    "interestExpense": 0,
    "depreciationAndAmortization": 401000000,
    "ebitda": 1069000000,
    "ebitdaratio": 0.0805030499,
    "operatingIncome": 668000000,
    "operatingIncomeRatio": 0.0503049928,
    "totalOtherIncomeExpensesNet": 15000000,
    "incomeBeforeTax": 683000000,
    "incomeBeforeTaxRatio": 0.051434596,
    "incomeTaxExpense": 206000000,
    "netIncome": 477000000,
    "netIncomeRatio": 0.0359213796,
    "eps": 0.52,
    "epsdiluted": 0.52,
    "weightedAverageShsOut": 914500000,
    "weightedAverageShsOutDil": 924300000,
    "link": "https://www.sec.gov/Archives/edgar/data/12927/000001292799000030/0000012927-99-000030-index.html",
    "finalLink": "https://www.sec.gov/Archives/edgar/data/12927/000001292799000030/"
  },
  {
    "date": "1999-06-30",
    "symbol": "BA",
    "reportedCurrency": "USD",
    "cik": "0000012927",
    "fillingDate": "1999-08-12",
    "acceptedDate": "1999-08-12 00:00:00",
    "calendarYear": "1999",
    "period": "Q2",
    "revenue": 15132000000,
    "costOfRevenue": 13418000000,
    "grossProfit": 1714000000,
    "grossProfitRatio": 0.1132698916,
    "researchAndDevelopmentExpenses": 350000000,
    "generalAndAdministrativeExpenses": 0,
    "sellingAndMarketingExpenses": 0,
    "sellingGeneralAndAdministrativeExpenses": 575000000,
    "otherExpenses": 0,
    "operatingExpenses": 921000000,
    "costAndExpenses": 14339000000,
    "interestIncome": 0,
    "interestExpense": 0,
    "depreciationAndAmortization": 400000000,
    "ebitda": 1193000000,
    "ebitdaratio": 0.0788395453,
    "operatingIncome": 793000000,
    "operatingIncomeRatio": 0.0524054983,
    "totalOtherIncomeExpensesNet": 225000000,
    "incomeBeforeTax": 1018000000,
    "incomeBeforeTaxRatio": 0.0672746497,
    "incomeTaxExpense": 317000000,
    "netIncome": 701000000,
    "netIncomeRatio": 0.0463256675,
    "eps": 0.75,
    "epsdiluted": 0.75,
    "weightedAverageShsOut": 934666667,
    "weightedAverageShsOutDil": 934666667,
    "link": "https://www.sec.gov/Archives/edgar/data/12927/000001292799000022/0000012927-99-000022-index.html",
    "finalLink": "https://www.sec.gov/Archives/edgar/data/12927/000001292799000022/"
  },
  {
    "date": "1999-03-31",
    "symbol": "BA",
    "reportedCurrency": "USD",
    "cik": "0000012927",
    "fillingDate": "1999-05-14",
    "acceptedDate": "1999-05-14 00:00:00",
    "calendarYear": "1999",
    "period": "Q1",
    "revenue": 14392000000,
    "costOfRevenue": 12763000000,
    "grossProfit": 1629000000,
    "grossProfitRatio": 0.1131878822,
    "researchAndDevelopmentExpenses": 361000000,
    "generalAndAdministrativeExpenses": 0,
    "sellingAndMarketingExpenses": 0,
    "sellingGeneralAndAdministrativeExpenses": 537000000,
    "otherExpenses": 0,
    "operatingExpenses": 890000000,
    "costAndExpenses": 13653000000,
    "interestIncome": 0,
    "interestExpense": 0,
    "depreciationAndAmortization": 402000000,
    "ebitda": 1141000000,
    "ebitdaratio": 0.0792801556,
    "operatingIncome": 739000000,
    "operatingIncomeRatio": 0.0513479711,
    "totalOtherIncomeExpensesNet": -69000000,
    "incomeBeforeTax": 670000000,
    "incomeBeforeTaxRatio": 0.0465536409,
    "incomeTaxExpense": 201000000,
    "netIncome": 469000000,
    "netIncomeRatio": 0.0325875486,
    "eps": 0.5,
    "epsdiluted": 0.5,
    "weightedAverageShsOut": 937400000,
    "weightedAverageShsOutDil": 945200000,
    "link": "https://www.sec.gov/Archives/edgar/data/12927/000001292799000017/0000012927-99-000017-index.html",
    "finalLink": "https://www.sec.gov/Archives/edgar/data/12927/"
  },
  {
    "date": "1998-12-31",
    "symbol": "BA",
    "reportedCurrency": "USD",
    "cik": "0000012927",
    "fillingDate": "1999-03-05",
    "acceptedDate": "1999-03-05 00:00:00",
    "calendarYear": "1998",
    "period": "Q4",
    "revenue": 17107000000,
    "costOfRevenue": 15467000000,
    "grossProfit": 1640000000,
    "grossProfitRatio": 0.0958671889,
    "researchAndDevelopmentExpenses": 464000000,
    "generalAndAdministrativeExpenses": 0,
    "sellingAndMarketingExpenses": 0,
    "sellingGeneralAndAdministrativeExpenses": 552000000,
    "otherExpenses": 0,
    "operatingExpenses": 1016000000,
    "costAndExpenses": 16483000000,
    "interestIncome": 0,
    "interestExpense": 0,
    "depreciationAndAmortization": 397000000,
    "ebitda": 1021000000,
    "ebitdaratio": 0.0596831706,
    "operatingIncome": 624000000,
    "operatingIncomeRatio": 0.0364762963,
    "totalOtherIncomeExpensesNet": -70000000,
    "incomeBeforeTax": 554000000,
    "incomeBeforeTaxRatio": 0.032384404,
    "incomeTaxExpense": 89000000,
    "netIncome": 465000000,
    "netIncomeRatio": 0.0271818554,
    "eps": 0.49,
    "epsdiluted": 0.48,
    "weightedAverageShsOut": 951600000,
    "weightedAverageShsOutDil": 959600000,
    "link": "https://www.sec.gov/Archives/edgar/data/12927/000001292799000010/0000012927-99-000010-index.html",
    "finalLink": "https://www.sec.gov/Archives/edgar/data/12927/"
  },
  {
    "date": "1998-09-30",
    "symbol": "BA",
    "reportedCurrency": "USD",
    "cik": "0000012927",
    "fillingDate": "1998-11-06",
    "acceptedDate": "1998-11-06 00:00:00",
    "calendarYear": "1998",
    "period": "Q3",
    "revenue": 12717000000,
    "costOfRevenue": 11265000000,
    "grossProfit": 1452000000,
    "grossProfitRatio": 0.1141778721,
    "researchAndDevelopmentExpenses": 455000000,
    "generalAndAdministrativeExpenses": 0,
    "sellingAndMarketingExpenses": 0,
    "sellingGeneralAndAdministrativeExpenses": 571000000,
    "otherExpenses": 0,
    "operatingExpenses": 1026000000,
    "costAndExpenses": 12291000000,
    "interestIncome": 0,
    "interestExpense": 0,
    "depreciationAndAmortization": 421000000,
    "ebitda": 847000000,
    "ebitdaratio": 0.0666037587,
    "operatingIncome": 426000000,
    "operatingIncomeRatio": 0.0334984666,
    "totalOtherIncomeExpensesNet": -26000000,
    "incomeBeforeTax": 404000000,
    "incomeBeforeTaxRatio": 0.0317684989,
    "incomeTaxExpense": 57000000,
    "netIncome": 347000000,
    "netIncomeRatio": 0.0272863097,
    "eps": 0.36,
    "epsdiluted": 0.36,
    "weightedAverageShsOut": 969300000,
    "weightedAverageShsOutDil": 977300000,
    "link": "https://www.sec.gov/Archives/edgar/data/12927/000001292798000024/0000012927-98-000024-index.html",
    "finalLink": "https://www.sec.gov/Archives/edgar/data/12927/"
  },
  {
    "date": "1998-06-30",
    "symbol": "BA",
    "reportedCurrency": "USD",
    "cik": "0000012927",
    "fillingDate": "1998-08-12",
    "acceptedDate": "1998-08-12 00:00:00",
    "calendarYear": "1998",
    "period": "Q2",
    "revenue": 13389000000,
    "costOfRevenue": 11976000000,
    "grossProfit": 1413000000,
    "grossProfitRatio": 0.1055343939,
    "researchAndDevelopmentExpenses": 489000000,
    "generalAndAdministrativeExpenses": 0,
    "sellingAndMarketingExpenses": 0,
    "sellingGeneralAndAdministrativeExpenses": 508000000,
    "otherExpenses": 0,
    "operatingExpenses": 997000000,
    "costAndExpenses": 12973000000,
    "interestIncome": 0,
    "interestExpense": 0,
    "depreciationAndAmortization": 396000000,
    "ebitda": 812000000,
    "ebitdaratio": 0.0606467996,
    "operatingIncome": 416000000,
    "operatingIncomeRatio": 0.0310702816,
    "totalOtherIncomeExpensesNet": -50000000,
    "incomeBeforeTax": 366000000,
    "incomeBeforeTaxRatio": 0.0273358727,
    "incomeTaxExpense": 108000000,
    "netIncome": 258000000,
    "netIncomeRatio": 0.0192695496,
    "eps": 0.26,
    "epsdiluted": 0.26,
    "weightedAverageShsOut": 972900000,
    "weightedAverageShsOutDil": 984800000,
    "link": "https://www.sec.gov/Archives/edgar/data/12927/000001292798000017/0000012927-98-000017-index.html",
    "finalLink": "https://www.sec.gov/Archives/edgar/data/12927/"
  },
  {
    "date": "1998-03-31",
    "symbol": "BA",
    "reportedCurrency": "USD",
    "cik": "0000012927",
    "fillingDate": "1998-05-12",
    "acceptedDate": "1998-05-12 00:00:00",
    "calendarYear": "1998",
    "period": "Q1",
    "revenue": 12941000000,
    "costOfRevenue": 11838000000,
    "grossProfit": 1103000000,
    "grossProfitRatio": 0.0852329804,
    "researchAndDevelopmentExpenses": 487000000,
    "generalAndAdministrativeExpenses": 0,
    "sellingAndMarketingExpenses": 0,
    "sellingGeneralAndAdministrativeExpenses": 515000000,
    "otherExpenses": 0,
    "operatingExpenses": 1002000000,
    "costAndExpenses": 12840000000,
    "interestIncome": 0,
    "interestExpense": 0,
    "depreciationAndAmortization": 408000000,
    "ebitda": 509000000,
    "ebitdaratio": 0.0393323545,
    "operatingIncome": 101000000,
    "operatingIncomeRatio": 0.0078046519,
    "totalOtherIncomeExpensesNet": -46000000,
    "incomeBeforeTax": 73000000,
    "incomeBeforeTaxRatio": 0.005640986,
    "incomeTaxExpense": 23000000,
    "netIncome": 50000000,
    "netIncomeRatio": 0.0038636891,
    "eps": 0.05,
    "epsdiluted": 0.05,
    "weightedAverageShsOut": 973600000,
    "weightedAverageShsOutDil": 985100000,
    "link": "https://www.sec.gov/Archives/edgar/data/12927/000001292798000013/0000012927-98-000013-index.html",
    "finalLink": "https://www.sec.gov/Archives/edgar/data/12927/"
  },
  {
    "date": "1997-12-31",
    "symbol": "BA",
    "reportedCurrency": "USD",
    "cik": "0000012927",
    "fillingDate": "1998-03-04",
    "acceptedDate": "1998-03-04 00:00:00",
    "calendarYear": "1997",
    "period": "Q4",
    "revenue": 11727000000,
    "costOfRevenue": 10108000000,
    "grossProfit": 1619000000,
    "grossProfitRatio": 0.1380574742,
    "researchAndDevelopmentExpenses": 460000000,
    "generalAndAdministrativeExpenses": 0,
    "sellingAndMarketingExpenses": 0,
    "sellingGeneralAndAdministrativeExpenses": 682000000,
    "otherExpenses": 0,
    "operatingExpenses": 2542000000,
    "costAndExpenses": 12650000000,
    "interestIncome": 0,
    "interestExpense": 0,
    "depreciationAndAmortization": 352000000,
    "ebitda": -571000000,
    "ebitdaratio": -0.0486910548,
    "operatingIncome": -923000000,
    "operatingIncomeRatio": -0.0787072568,
    "totalOtherIncomeExpensesNet": 118000000,
    "incomeBeforeTax": -805000000,
    "incomeBeforeTaxRatio": -0.0686450072,
    "incomeTaxExpense": -307000000,
    "netIncome": -498000000,
    "netIncomeRatio": -0.0424661039,
    "eps": -0.51,
    "epsdiluted": -0.51,
    "weightedAverageShsOut": 972500000,
    "weightedAverageShsOutDil": 972500000,
    "link": "https://www.sec.gov/Archives/edgar/data/12927/000001292798000007/0000012927-98-000007-index.html",
    "finalLink": "https://www.sec.gov/Archives/edgar/data/12927/"
  },
  {
    "date": "1997-09-30",
    "symbol": "BA",
    "reportedCurrency": "USD",
    "cik": "0000012927",
    "fillingDate": "1997-11-14",
    "acceptedDate": "1997-11-14 00:00:00",
    "calendarYear": "1997",
    "period": "Q3",
    "revenue": 11371000000,
    "costOfRevenue": 11337000000,
    "grossProfit": 34000000,
    "grossProfitRatio": 0.0029900624,
    "researchAndDevelopmentExpenses": 456000000,
    "generalAndAdministrativeExpenses": 0,
    "sellingAndMarketingExpenses": 0,
    "sellingGeneralAndAdministrativeExpenses": 557000000,
    "otherExpenses": 0,
    "operatingExpenses": 1013000000,
    "costAndExpenses": 12350000000,
    "interestIncome": 0,
    "interestExpense": 0,
    "depreciationAndAmortization": 506000000,
    "ebitda": -644000000,
    "ebitdaratio": -0.0566353003,
    "operatingIncome": -979000000,
    "operatingIncomeRatio": -0.0860962097,
    "totalOtherIncomeExpensesNet": -2000000,
    "incomeBeforeTax": -1021000000,
    "incomeBeforeTaxRatio": -0.0897898162,
    "incomeTaxExpense": -325000000,
    "netIncome": -696000000,
    "netIncomeRatio": -0.061208337,
    "eps": -0.72,
    "epsdiluted": -0.72,
    "weightedAverageShsOut": 972300000,
    "weightedAverageShsOutDil": 972300000,
    "link": "https://www.sec.gov/Archives/edgar/data/12927/000001292797000042/0000012927-97-000042-index.html",
    "finalLink": "https://www.sec.gov/Archives/edgar/data/12927/"
  },
  {
    "date": "1997-06-30",
    "symbol": "BA",
    "reportedCurrency": "USD",
    "cik": "0000012927",
    "fillingDate": "1997-08-14",
    "acceptedDate": "1997-08-14 00:00:00",
    "calendarYear": "1997",
    "period": "Q2",
    "revenue": 9289000000,
    "costOfRevenue": 8756000000,
    "grossProfit": 533000000,
    "grossProfitRatio": 0.0573796964,
    "researchAndDevelopmentExpenses": 0,
    "generalAndAdministrativeExpenses": 0,
    "sellingAndMarketingExpenses": 0,
    "sellingGeneralAndAdministrativeExpenses": 0,
    "otherExpenses": 0,
    "operatingExpenses": 0,
    "costAndExpenses": 8756000000,
    "interestIncome": 0,
    "interestExpense": 0,
    "depreciationAndAmortization": 316000000,
    "ebitda": 1090000000,
    "ebitdaratio": 0.117343094,
    "operatingIncome": 533000000,
    "operatingIncomeRatio": 0.0573796964,
    "totalOtherIncomeExpensesNet": -32000000,
    "incomeBeforeTax": 466000000,
    "incomeBeforeTaxRatio": 0.050166864,
    "incomeTaxExpense": 132000000,
    "netIncome": 334000000,
    "netIncomeRatio": 0.0359565077,
    "eps": 0.49,
    "epsdiluted": 0.48,
    "weightedAverageShsOut": 967900000,
    "weightedAverageShsOutDil": 981800000,
    "link": "https://www.sec.gov/Archives/edgar/data/12927/000001292797000032/0000012927-97-000032-index.html",
    "finalLink": "https://www.sec.gov/Archives/edgar/data/12927/"
  },
  {
    "date": "1997-03-31",
    "symbol": "BA",
    "reportedCurrency": "USD",
    "cik": "0000012927",
    "fillingDate": "1997-05-14",
    "acceptedDate": "1997-05-14 00:00:00",
    "calendarYear": "1997",
    "period": "Q1",
    "revenue": 7318000000,
    "costOfRevenue": 6877000000,
    "grossProfit": 441000000,
    "grossProfitRatio": 0.0602623668,
    "researchAndDevelopmentExpenses": 0,
    "generalAndAdministrativeExpenses": 0,
    "sellingAndMarketingExpenses": 0,
    "sellingGeneralAndAdministrativeExpenses": 0,
    "otherExpenses": 0,
    "operatingExpenses": 0,
    "costAndExpenses": 6877000000,
    "interestIncome": 0,
    "interestExpense": 0,
    "depreciationAndAmortization": 284000000,
    "ebitda": 1186000000,
    "ebitdaratio": 0.1620661383,
    "operatingIncome": 441000000,
    "operatingIncomeRatio": 0.0602623668,
    "totalOtherIncomeExpensesNet": -28000000,
    "incomeBeforeTax": 552000000,
    "incomeBeforeTaxRatio": 0.0754304455,
    "incomeTaxExpense": 175000000,
    "netIncome": 377000000,
    "netIncomeRatio": 0.0515168079,
    "eps": 0.56,
    "epsdiluted": 0.55,
    "weightedAverageShsOut": 967600000,
    "weightedAverageShsOutDil": 983300000,
    "link": "https://www.sec.gov/Archives/edgar/data/12927/000001292797000026/0000012927-97-000026-index.html",
    "finalLink": "https://www.sec.gov/Archives/edgar/data/12927/"
  },
  {
    "date": "1996-12-31",
    "symbol": "BA",
    "reportedCurrency": "USD",
    "cik": "0000012927",
    "fillingDate": "1997-03-10",
    "acceptedDate": "1997-03-10 00:00:00",
    "calendarYear": "1996",
    "period": "Q4",
    "revenue": 6512000000,
    "costOfRevenue": 6090000000,
    "grossProfit": 422000000,
    "grossProfitRatio": 0.0648034398,
    "researchAndDevelopmentExpenses": 0,
    "generalAndAdministrativeExpenses": 0,
    "sellingAndMarketingExpenses": 0,
    "sellingGeneralAndAdministrativeExpenses": 0,
    "otherExpenses": 0,
    "operatingExpenses": 0,
    "costAndExpenses": 6090000000,
    "interestIncome": 0,
    "interestExpense": 0,
    "depreciationAndAmortization": 251000000,
    "ebitda": 673000000,
    "ebitdaratio": 0.1033476658,
    "operatingIncome": 422000000,
    "operatingIncomeRatio": 0.0648034398,
    "totalOtherIncomeExpensesNet": -84000000,
    "incomeBeforeTax": 338000000,
    "incomeBeforeTaxRatio": 0.0519041769,
    "incomeTaxExpense": 84000000,
    "netIncome": 254000000,
    "netIncomeRatio": 0.039004914,
    "eps": 0.47,
    "epsdiluted": 0.44,
    "weightedAverageShsOut": 956100000,
    "weightedAverageShsOutDil": 1008900000,
    "link": "https://www.sec.gov/Archives/edgar/data/12927/000001292797000020/0000012927-97-000020-index.html",
    "finalLink": "https://www.sec.gov/Archives/edgar/data/12927/"
  },
  {
    "date": "1996-09-30",
    "symbol": "BA",
    "reportedCurrency": "USD",
    "cik": "0000012927",
    "fillingDate": "1996-11-14",
    "acceptedDate": "1996-11-14 00:00:00",
    "calendarYear": "1996",
    "period": "Q3",
    "revenue": 5601000000,
    "costOfRevenue": 5307000000,
    "grossProfit": 294000000,
    "grossProfitRatio": 0.0524906267,
    "researchAndDevelopmentExpenses": 0,
    "generalAndAdministrativeExpenses": 0,
    "sellingAndMarketingExpenses": 0,
    "sellingGeneralAndAdministrativeExpenses": 0,
    "otherExpenses": 0,
    "operatingExpenses": 0,
    "costAndExpenses": 5307000000,
    "interestIncome": 0,
    "interestExpense": 0,
    "depreciationAndAmortization": 244000000,
    "ebitda": 1100000000,
    "ebitdaratio": 0.1963935012,
    "operatingIncome": 294000000,
    "operatingIncomeRatio": 0.0524906267,
    "totalOtherIncomeExpensesNet": 370000000,
    "incomeBeforeTax": 334000000,
    "incomeBeforeTaxRatio": 0.0596322085,
    "incomeTaxExpense": 80000000,
    "netIncome": 254000000,
    "netIncomeRatio": 0.0453490448,
    "eps": 0.48,
    "epsdiluted": 0.48,
    "weightedAverageShsOut": 972900000,
    "weightedAverageShsOutDil": 972900000,
    "link": "https://www.sec.gov/Archives/edgar/data/12927/000001292796000025/0000012927-96-000025-index.html",
    "finalLink": "https://www.sec.gov/Archives/edgar/data/12927/"
  },
  {
    "date": "1996-06-30",
    "symbol": "BA",
    "reportedCurrency": "USD",
    "cik": "0000012927",
    "fillingDate": "1996-08-09",
    "acceptedDate": "1996-08-09 00:00:00",
    "calendarYear": "1996",
    "period": "Q2",
    "revenue": 6275000000,
    "costOfRevenue": 5791000000,
    "grossProfit": 484000000,
    "grossProfitRatio": 0.0771314741,
    "researchAndDevelopmentExpenses": 0,
    "generalAndAdministrativeExpenses": 0,
    "sellingAndMarketingExpenses": 0,
    "sellingGeneralAndAdministrativeExpenses": 0,
    "otherExpenses": 0,
    "operatingExpenses": 0,
    "costAndExpenses": 5791000000,
    "interestIncome": 0,
    "interestExpense": 0,
    "depreciationAndAmortization": 256000000,
    "ebitda": 740000000,
    "ebitdaratio": 0.1179282869,
    "operatingIncome": 484000000,
    "operatingIncomeRatio": 0.0771314741,
    "totalOtherIncomeExpensesNet": 37000000,
    "incomeBeforeTax": 521000000,
    "incomeBeforeTaxRatio": 0.0830278884,
    "incomeTaxExpense": 53000000,
    "netIncome": 468000000,
    "netIncomeRatio": 0.0745816733,
    "eps": 0.68,
    "epsdiluted": 0.68,
    "weightedAverageShsOut": 690600000,
    "weightedAverageShsOutDil": 690600000,
    "link": "https://www.sec.gov/Archives/edgar/data/12927/000001292796000007/0000012927-96-000007-index.html",
    "finalLink": "https://www.sec.gov/Archives/edgar/data/12927/"
  },
  {
    "date": "1996-03-31",
    "symbol": "BA",
    "reportedCurrency": "USD",
    "cik": "0000012927",
    "fillingDate": "1996-05-13",
    "acceptedDate": "1996-05-13 00:00:00",
    "calendarYear": "1996",
    "period": "Q1",
    "revenue": 4293000000,
    "costOfRevenue": 4139000000,
    "grossProfit": 154000000,
    "grossProfitRatio": 0.0358723503,
    "researchAndDevelopmentExpenses": 0,
    "generalAndAdministrativeExpenses": 0,
    "sellingAndMarketingExpenses": 0,
    "sellingGeneralAndAdministrativeExpenses": 0,
    "otherExpenses": 0,
    "operatingExpenses": 0,
    "costAndExpenses": 4139000000,
    "interestIncome": 0,
    "interestExpense": 0,
    "depreciationAndAmortization": 240000000,
    "ebitda": 394000000,
    "ebitdaratio": 0.0917773119,
    "operatingIncome": 154000000,
    "operatingIncomeRatio": 0.0358723503,
    "totalOtherIncomeExpensesNet": 16000000,
    "incomeBeforeTax": 170000000,
    "incomeBeforeTaxRatio": 0.0395993478,
    "incomeTaxExpense": 51000000,
    "netIncome": 119000000,
    "netIncomeRatio": 0.0277195434,
    "eps": 0.18,
    "epsdiluted": 0.18,
    "weightedAverageShsOut": 689600000,
    "weightedAverageShsOutDil": 689600000,
    "link": "https://www.sec.gov/Archives/edgar/data/12927/000001292796000005/0000012927-96-000005-index.html",
    "finalLink": "https://www.sec.gov/Archives/edgar/data/12927/"
  },
  {
    "date": "1995-12-31",
    "symbol": "BA",
    "reportedCurrency": "USD",
    "cik": "0000012927",
    "fillingDate": "1996-03-13",
    "acceptedDate": "1996-03-13 00:00:00",
    "calendarYear": "1995",
    "period": "Q4",
    "revenue": 4539000000,
    "costOfRevenue": 4399000000,
    "grossProfit": 140000000,
    "grossProfitRatio": 0.0308437982,
    "researchAndDevelopmentExpenses": 0,
    "generalAndAdministrativeExpenses": 0,
    "sellingAndMarketingExpenses": 0,
    "sellingGeneralAndAdministrativeExpenses": 0,
    "otherExpenses": 0,
    "operatingExpenses": 0,
    "costAndExpenses": 4399000000,
    "interestIncome": 0,
    "interestExpense": 0,
    "depreciationAndAmortization": 224000000,
    "ebitda": 364000000,
    "ebitdaratio": 0.0801938753,
    "operatingIncome": 140000000,
    "operatingIncomeRatio": 0.0308437982,
    "totalOtherIncomeExpensesNet": 29000000,
    "incomeBeforeTax": 169000000,
    "incomeBeforeTaxRatio": 0.0372328707,
    "incomeTaxExpense": -49000000,
    "netIncome": 218000000,
    "netIncomeRatio": 0.0480282,
    "eps": 0.32,
    "epsdiluted": 0.32,
    "weightedAverageShsOut": 683600000,
    "weightedAverageShsOutDil": 683600000,
    "link": "https://www.sec.gov/Archives/edgar/data/12927/000001292796000003/0000012927-96-000003-index.html",
    "finalLink": "https://www.sec.gov/Archives/edgar/data/12927/"
  },
  {
    "date": "1995-09-30",
    "symbol": "BA",
    "reportedCurrency": "USD",
    "cik": "0000012927",
    "fillingDate": "1995-11-08",
    "acceptedDate": "1995-11-08 00:00:00",
    "calendarYear": "1995",
    "period": "Q3",
    "revenue": 4381000000,
    "costOfRevenue": 4158000000,
    "grossProfit": 223000000,
    "grossProfitRatio": 0.0509016206,
    "researchAndDevelopmentExpenses": 0,
    "generalAndAdministrativeExpenses": 0,
    "sellingAndMarketingExpenses": 0,
    "sellingGeneralAndAdministrativeExpenses": 0,
    "otherExpenses": 0,
    "operatingExpenses": 0,
    "costAndExpenses": 4158000000,
    "interestIncome": 0,
    "interestExpense": 0,
    "depreciationAndAmortization": 270000000,
    "ebitda": 493000000,
    "ebitdaratio": 0.1125313855,
    "operatingIncome": 223000000,
    "operatingIncomeRatio": 0.0509016206,
    "totalOtherIncomeExpensesNet": 21000000,
    "incomeBeforeTax": 244000000,
    "incomeBeforeTaxRatio": 0.0556950468,
    "incomeTaxExpense": 19000000,
    "netIncome": 225000000,
    "netIncomeRatio": 0.0513581374,
    "eps": 0.33,
    "epsdiluted": 0.33,
    "weightedAverageShsOut": 683600000,
    "weightedAverageShsOutDil": 683600000,
    "link": "https://www.sec.gov/Archives/edgar/data/12927/000001292795000010/0000012927-95-000010-index.html",
    "finalLink": "https://www.sec.gov/Archives/edgar/data/12927/"
  }
]