[
  {
    "date": "2025-06-30",
    "symbol": "BAC",
    "reportedCurrency": "USD",
    "cik": "0000070858",
    "fillingDate": "2025-07-31",
    "acceptedDate": "2025-07-31 16:52:36",
    "calendarYear": "2025",
    "period": "Q2",
    "revenue": 46666000000,
    "costOfRevenue": 21795000000,
    "grossProfit": 24871000000,
    "grossProfitRatio": 0.5329576137,
    "researchAndDevelopmentExpenses": 0,
    "generalAndAdministrativeExpenses": 14627000000,
    "sellingAndMarketingExpenses": 563000000,
    "sellingGeneralAndAdministrativeExpenses": 15190000000,
    "otherExpenses": 1993000000,
    "operatingExpenses": 17183000000,
    "costAndExpenses": 38978000000,
    "interestIncome": 34873000000,
    "interestExpense": 20203000000,
    "depreciationAndAmortization": 581000000,
    "ebitda": 8269000000,
    "ebitdaratio": 0.1771953885,
    "operatingIncome": 7688000000,
    "operatingIncomeRatio": 0.1647452106,
    "totalOtherIncomeExpensesNet": 0,
    "incomeBeforeTax": 7688000000,
    "incomeBeforeTaxRatio": 0.1647452106,
    "incomeTaxExpense": 572000000,
    "netIncome": 7116000000,
    "netIncomeRatio": 0.1524878927,
    "eps": 0.9,
    "epsdiluted": 0.89,
    "weightedAverageShsOut": 7581200000,
    "weightedAverageShsOutDil": 7651600000,
    "link": "https://www.sec.gov/Archives/edgar/data/70858/000007085825000268/0000070858-25-000268-index.htm",
    "finalLink": "https://www.sec.gov/Archives/edgar/data/70858/000007085825000268/bac-20250630.htm"
  },
  {
    "date": "2025-03-31",
    "symbol": "BAC",
    "reportedCurrency": "USD",
    "cik": "0000070858",
    "fillingDate": "2025-04-30",
    "acceptedDate": "2025-04-30 16:47:51",
    "calendarYear": "2025",
    "period": "Q1",
    "revenue": 46989000000,
    "costOfRevenue": 21103000000,
    "grossProfit": 25886000000,
    "grossProfitRatio": 0.5508948903,
    "researchAndDevelopmentExpenses": 0,
    "generalAndAdministrativeExpenses": 11948000000,
    "sellingAndMarketingExpenses": 1420000000,
    "sellingGeneralAndAdministrativeExpenses": 13368000000,
    "otherExpenses": 4402000000,
    "operatingExpenses": 17770000000,
    "costAndExpenses": 38873000000,
    "interestIncome": 34066000000,
    "interestExpense": 19623000000,
    "depreciationAndAmortization": 565000000,
    "ebitda": 8681000000,
    "ebitdaratio": 0.1847453659,
    "operatingIncome": 8116000000,
    "operatingIncomeRatio": 0.1727212752,
    "totalOtherIncomeExpensesNet": 0,
    "incomeBeforeTax": 8116000000,
    "incomeBeforeTaxRatio": 0.1727212752,
    "incomeTaxExpense": 720000000,
    "netIncome": 7396000000,
    "netIncomeRatio": 0.1573985401,
    "eps": 0.91,
    "epsdiluted": 0.9,
    "weightedAverageShsOut": 7677900000,
    "weightedAverageShsOutDil": 7770800000,
    "link": "https://www.sec.gov/Archives/edgar/data/70858/000007085825000200/0000070858-25-000200-index.htm",
    "finalLink": "https://www.sec.gov/Archives/edgar/data/70858/000007085825000200/bac-20250331.htm"
  },
  {
    "date": "2024-12-31",
    "symbol": "BAC",
    "reportedCurrency": "USD",
    "cik": "0000070858",
    "fillingDate": "2025-02-25",
    "acceptedDate": "2025-02-25 17:07:15",
    "calendarYear": "2024",
    "period": "Q4",
    "revenue": 46965000000,
    "costOfRevenue": 23070000000,
    "grossProfit": 23895000000,
    "grossProfitRatio": 0.5087831364,
    "researchAndDevelopmentExpenses": 0,
    "generalAndAdministrativeExpenses": 10922000000,
    "sellingAndMarketingExpenses": 1413000000,
    "sellingGeneralAndAdministrativeExpenses": 12335000000,
    "otherExpenses": 4452000000,
    "operatingExpenses": 16787000000,
    "costAndExpenses": 39857000000,
    "interestIncome": 35977000000,
    "interestExpense": 21618000000,
    "depreciationAndAmortization": 559000000,
    "ebitda": 7667000000,
    "ebitdaratio": 0.1632492281,
    "operatingIncome": 7108000000,
    "operatingIncomeRatio": 0.1513467476,
    "totalOtherIncomeExpensesNet": 0,
    "incomeBeforeTax": 7108000000,
    "incomeBeforeTaxRatio": 0.1513467476,
    "incomeTaxExpense": 443000000,
    "netIncome": 6665000000,
    "netIncomeRatio": 0.1419141914,
    "eps": 0.83,
    "epsdiluted": 0.82,
    "weightedAverageShsOut": 7738400000,
    "weightedAverageShsOutDil": 7843700000,
    "link": "https://www.sec.gov/Archives/edgar/data/70858/000007085825000139/0000070858-25-000139-index.htm",
    "finalLink": "https://www.sec.gov/Archives/edgar/data/70858/000007085825000139/bac-20241231.htm"
  },
  {
    "date": "2024-09-30",
    "symbol": "BAC",
    "reportedCurrency": "USD",
    "cik": "0000070858",
    "fillingDate": "2024-10-29",
    "acceptedDate": "2024-10-29 16:29:36",
    "calendarYear": "2024",
    "period": "Q3",
    "revenue": 48869000000,
    "costOfRevenue": 25066000000,
    "grossProfit": 23803000000,
    "grossProfitRatio": 0.4870776975,
    "researchAndDevelopmentExpenses": 0,
    "generalAndAdministrativeExpenses": 10783000000,
    "sellingAndMarketingExpenses": 1353000000,
    "sellingGeneralAndAdministrativeExpenses": 12136000000,
    "otherExpenses": 4343000000,
    "operatingExpenses": 16479000000,
    "costAndExpenses": 41545000000,
    "interestIncome": 37491000000,
    "interestExpense": 23524000000,
    "depreciationAndAmortization": 549000000,
    "ebitda": 7873000000,
    "ebitdaratio": 0.1611041765,
    "operatingIncome": 7324000000,
    "operatingIncomeRatio": 0.1498700608,
    "totalOtherIncomeExpensesNet": 0,
    "incomeBeforeTax": 7324000000,
    "incomeBeforeTaxRatio": 0.1498700608,
    "incomeTaxExpense": 428000000,
    "netIncome": 6896000000,
    "netIncomeRatio": 0.1411119524,
    "eps": 0.82,
    "epsdiluted": 0.81,
    "weightedAverageShsOut": 7818000000,
    "weightedAverageShsOutDil": 7902100000,
    "link": "https://www.sec.gov/Archives/edgar/data/70858/000007085824000280/0000070858-24-000280-index.htm",
    "finalLink": "https://www.sec.gov/Archives/edgar/data/70858/000007085824000280/bac-20240930.htm"
  },
  {
    "date": "2024-06-30",
    "symbol": "BAC",
    "reportedCurrency": "USD",
    "cik": "0000070858",
    "fillingDate": "2024-07-30",
    "acceptedDate": "2024-07-30 16:31:55",
    "calendarYear": "2024",
    "period": "Q2",
    "revenue": 48529000000,
    "costOfRevenue": 24660000000,
    "grossProfit": 23869000000,
    "grossProfitRatio": 0.4918502339,
    "researchAndDevelopmentExpenses": 0,
    "generalAndAdministrativeExpenses": 10696000000,
    "sellingAndMarketingExpenses": 1378000000,
    "sellingGeneralAndAdministrativeExpenses": 12074000000,
    "otherExpenses": 4235000000,
    "operatingExpenses": 16309000000,
    "costAndExpenses": 40969000000,
    "interestIncome": 36854000000,
    "interestExpense": 23152000000,
    "depreciationAndAmortization": 543000000,
    "ebitda": 8103000000,
    "ebitdaratio": 0.1669723258,
    "operatingIncome": 7560000000,
    "operatingIncomeRatio": 0.15578314,
    "totalOtherIncomeExpensesNet": 0,
    "incomeBeforeTax": 7560000000,
    "incomeBeforeTaxRatio": 0.15578314,
    "incomeTaxExpense": 663000000,
    "netIncome": 6897000000,
    "netIncomeRatio": 0.1421212059,
    "eps": 0.83,
    "epsdiluted": 0.83,
    "weightedAverageShsOut": 7897900000,
    "weightedAverageShsOutDil": 7960900000,
    "link": "https://www.sec.gov/Archives/edgar/data/70858/000007085824000208/0000070858-24-000208-index.htm",
    "finalLink": "https://www.sec.gov/Archives/edgar/data/70858/000007085824000208/bac-20240630.htm"
  },
  {
    "date": "2024-03-31",
    "symbol": "BAC",
    "reportedCurrency": "USD",
    "cik": "0000070858",
    "fillingDate": "2024-04-30",
    "acceptedDate": "2024-04-30 16:34:12",
    "calendarYear": "2024",
    "period": "Q1",
    "revenue": 48071000000,
    "costOfRevenue": 23572000000,
    "grossProfit": 24499000000,
    "grossProfitRatio": 0.5096419879,
    "researchAndDevelopmentExpenses": 0,
    "generalAndAdministrativeExpenses": 12472000000,
    "sellingAndMarketingExpenses": 1306000000,
    "sellingGeneralAndAdministrativeExpenses": 13778000000,
    "otherExpenses": 3459000000,
    "operatingExpenses": 17237000000,
    "costAndExpenses": 40809000000,
    "interestIncome": 36285000000,
    "interestExpense": 22253000000,
    "depreciationAndAmortization": 538000000,
    "ebitda": 7800000000,
    "ebitdaratio": 0.1622599904,
    "operatingIncome": 7262000000,
    "operatingIncomeRatio": 0.1510682116,
    "totalOtherIncomeExpensesNet": 0,
    "incomeBeforeTax": 7262000000,
    "incomeBeforeTaxRatio": 0.1510682116,
    "incomeTaxExpense": 588000000,
    "netIncome": 6674000000,
    "netIncomeRatio": 0.1388363046,
    "eps": 0.77,
    "epsdiluted": 0.76,
    "weightedAverageShsOut": 7968200000,
    "weightedAverageShsOutDil": 8031400000,
    "link": "https://www.sec.gov/Archives/edgar/data/70858/000007085824000156/0000070858-24-000156-index.htm",
    "finalLink": "https://www.sec.gov/Archives/edgar/data/70858/000007085824000156/bac-20240331.htm"
  },
  {
    "date": "2023-12-31",
    "symbol": "BAC",
    "reportedCurrency": "USD",
    "cik": "0000070858",
    "fillingDate": "2024-02-20",
    "acceptedDate": "2024-02-20 17:01:30",
    "calendarYear": "2023",
    "period": "Q4",
    "revenue": 43642000000,
    "costOfRevenue": 22787000000,
    "grossProfit": 20855000000,
    "grossProfitRatio": 0.4778653591,
    "researchAndDevelopmentExpenses": 0,
    "generalAndAdministrativeExpenses": 10260000000,
    "sellingAndMarketingExpenses": 1337000000,
    "sellingGeneralAndAdministrativeExpenses": 11597000000,
    "otherExpenses": 6134000000,
    "operatingExpenses": 17731000000,
    "costAndExpenses": 40518000000,
    "interestIncome": 35629000000,
    "interestExpense": 21683000000,
    "depreciationAndAmortization": 527000000,
    "ebitda": 3651000000,
    "ebitdaratio": 0.0836579442,
    "operatingIncome": 3124000000,
    "operatingIncomeRatio": 0.0715824206,
    "totalOtherIncomeExpensesNet": 0,
    "incomeBeforeTax": 3124000000,
    "incomeBeforeTaxRatio": 0.0715824206,
    "incomeTaxExpense": -20000000,
    "netIncome": 3144000000,
    "netIncomeRatio": 0.0720406947,
    "eps": 0.36,
    "epsdiluted": 0.35,
    "weightedAverageShsOut": 7990900000,
    "weightedAverageShsOutDil": 8062500000,
    "link": "https://www.sec.gov/Archives/edgar/data/70858/000007085824000122/0000070858-24-000122-index.htm",
    "finalLink": "https://www.sec.gov/Archives/edgar/data/70858/000007085824000122/bac-20231231.htm"
  },
  {
    "date": "2023-09-30",
    "symbol": "BAC",
    "reportedCurrency": "USD",
    "cik": "0000070858",
    "fillingDate": "2023-10-31",
    "acceptedDate": "2023-10-31 16:51:21",
    "calendarYear": "2023",
    "period": "Q3",
    "revenue": 44412000000,
    "costOfRevenue": 20479000000,
    "grossProfit": 23933000000,
    "grossProfitRatio": 0.5388858867,
    "researchAndDevelopmentExpenses": 0,
    "generalAndAdministrativeExpenses": 10441000000,
    "sellingAndMarketingExpenses": 1381000000,
    "sellingGeneralAndAdministrativeExpenses": 11822000000,
    "otherExpenses": 4016000000,
    "operatingExpenses": 15838000000,
    "costAndExpenses": 36317000000,
    "interestIncome": 33624000000,
    "interestExpense": 19245000000,
    "depreciationAndAmortization": 517000000,
    "ebitda": 8612000000,
    "ebitdaratio": 0.1939115554,
    "operatingIncome": 8095000000,
    "operatingIncomeRatio": 0.1822705575,
    "totalOtherIncomeExpensesNet": 0,
    "incomeBeforeTax": 8095000000,
    "incomeBeforeTaxRatio": 0.1822705575,
    "incomeTaxExpense": 293000000,
    "netIncome": 7802000000,
    "netIncomeRatio": 0.1756732415,
    "eps": 0.91,
    "epsdiluted": 0.9,
    "weightedAverageShsOut": 8017100000,
    "weightedAverageShsOutDil": 8075900000,
    "link": "https://www.sec.gov/Archives/edgar/data/70858/000007085823000272/0000070858-23-000272-index.htm",
    "finalLink": "https://www.sec.gov/Archives/edgar/data/70858/000007085823000272/bac-20230930.htm"
  },
  {
    "date": "2023-06-30",
    "symbol": "BAC",
    "reportedCurrency": "USD",
    "cik": "0000070858",
    "fillingDate": "2023-07-31",
    "acceptedDate": "2023-07-31 16:49:57",
    "calendarYear": "2023",
    "period": "Q2",
    "revenue": 43393000000,
    "costOfRevenue": 19321000000,
    "grossProfit": 24072000000,
    "grossProfitRatio": 0.5547438527,
    "researchAndDevelopmentExpenses": 0,
    "generalAndAdministrativeExpenses": 10622000000,
    "sellingAndMarketingExpenses": 1469000000,
    "sellingGeneralAndAdministrativeExpenses": 12091000000,
    "otherExpenses": 3947000000,
    "operatingExpenses": 16038000000,
    "costAndExpenses": 35359000000,
    "interestIncome": 32354000000,
    "interestExpense": 18196000000,
    "depreciationAndAmortization": 510000000,
    "ebitda": 8544000000,
    "ebitdaratio": 0.1968981172,
    "operatingIncome": 8034000000,
    "operatingIncomeRatio": 0.1851450695,
    "totalOtherIncomeExpensesNet": 0,
    "incomeBeforeTax": 8034000000,
    "incomeBeforeTaxRatio": 0.1851450695,
    "incomeTaxExpense": 626000000,
    "netIncome": 7408000000,
    "netIncomeRatio": 0.1707187795,
    "eps": 0.88,
    "epsdiluted": 0.88,
    "weightedAverageShsOut": 8040900000,
    "weightedAverageShsOutDil": 8080700000,
    "link": "https://www.sec.gov/Archives/edgar/data/70858/000007085823000176/0000070858-23-000176-index.htm",
    "finalLink": "https://www.sec.gov/Archives/edgar/data/70858/000007085823000176/bac-20230630.htm"
  },
  {
    "date": "2023-03-31",
    "symbol": "BAC",
    "reportedCurrency": "USD",
    "cik": "0000070858",
    "fillingDate": "2023-05-01",
    "acceptedDate": "2023-05-01 17:07:42",
    "calendarYear": "2023",
    "period": "Q1",
    "revenue": 40465000000,
    "costOfRevenue": 15138000000,
    "grossProfit": 25327000000,
    "grossProfitRatio": 0.625898925,
    "researchAndDevelopmentExpenses": 0,
    "generalAndAdministrativeExpenses": 10857000000,
    "sellingAndMarketingExpenses": 1348000000,
    "sellingGeneralAndAdministrativeExpenses": 12205000000,
    "otherExpenses": 4033000000,
    "operatingExpenses": 16238000000,
    "costAndExpenses": 31376000000,
    "interestIncome": 28655000000,
    "interestExpense": 14207000000,
    "depreciationAndAmortization": 503000000,
    "ebitda": 9592000000,
    "ebitdaratio": 0.2370443593,
    "operatingIncome": 9089000000,
    "operatingIncomeRatio": 0.2246138638,
    "totalOtherIncomeExpensesNet": 0,
    "incomeBeforeTax": 9089000000,
    "incomeBeforeTaxRatio": 0.2246138638,
    "incomeTaxExpense": 928000000,
    "netIncome": 8161000000,
    "netIncomeRatio": 0.2016804646,
    "eps": 0.95,
    "epsdiluted": 0.94,
    "weightedAverageShsOut": 8065900000,
    "weightedAverageShsOutDil": 8182300000,
    "link": "https://www.sec.gov/Archives/edgar/data/70858/000007085823000142/0000070858-23-000142-index.htm",
    "finalLink": "https://www.sec.gov/Archives/edgar/data/70858/000007085823000142/bac-20230331.htm"
  },
  {
    "date": "2022-12-31",
    "symbol": "BAC",
    "reportedCurrency": "USD",
    "cik": "0000070858",
    "fillingDate": "2023-02-22",
    "acceptedDate": "2023-02-22 16:33:50",
    "calendarYear": "2022",
    "period": "Q4",
    "revenue": 34926000000,
    "costOfRevenue": 11486000000,
    "grossProfit": 23440000000,
    "grossProfitRatio": 0.6711332532,
    "researchAndDevelopmentExpenses": 0,
    "generalAndAdministrativeExpenses": 10086000000,
    "sellingAndMarketingExpenses": 1364000000,
    "sellingGeneralAndAdministrativeExpenses": 11450000000,
    "otherExpenses": 4093000000,
    "operatingExpenses": 15543000000,
    "costAndExpenses": 27029000000,
    "interestIncome": 25075000000,
    "interestExpense": 10394000000,
    "depreciationAndAmortization": 502000000,
    "ebitda": 8399000000,
    "ebitdaratio": 0.2404798717,
    "operatingIncome": 7897000000,
    "operatingIncomeRatio": 0.2261066254,
    "totalOtherIncomeExpensesNet": 0,
    "incomeBeforeTax": 7897000000,
    "incomeBeforeTaxRatio": 0.2261066254,
    "incomeTaxExpense": 765000000,
    "netIncome": 7132000000,
    "netIncomeRatio": 0.2042031724,
    "eps": 0.85,
    "epsdiluted": 0.85,
    "weightedAverageShsOut": 8088300000,
    "weightedAverageShsOutDil": 8155700000,
    "link": "https://www.sec.gov/Archives/edgar/data/70858/000007085823000092/0000070858-23-000092-index.htm",
    "finalLink": "https://www.sec.gov/Archives/edgar/data/70858/000007085823000092/bac-20221231.htm"
  },
  {
    "date": "2022-09-30",
    "symbol": "BAC",
    "reportedCurrency": "USD",
    "cik": "0000070858",
    "fillingDate": "2022-10-28",
    "acceptedDate": "2022-10-28 16:32:46",
    "calendarYear": "2022",
    "period": "Q3",
    "revenue": 30358000000,
    "costOfRevenue": 6754000000,
    "grossProfit": 23604000000,
    "grossProfitRatio": 0.7775215759,
    "researchAndDevelopmentExpenses": 0,
    "generalAndAdministrativeExpenses": 10058000000,
    "sellingAndMarketingExpenses": 1397000000,
    "sellingGeneralAndAdministrativeExpenses": 11455000000,
    "otherExpenses": 3848000000,
    "operatingExpenses": 15303000000,
    "costAndExpenses": 22057000000,
    "interestIncome": 19621000000,
    "interestExpense": 5856000000,
    "depreciationAndAmortization": 491000000,
    "ebitda": 8792000000,
    "ebitdaratio": 0.2896106463,
    "operatingIncome": 8301000000,
    "operatingIncomeRatio": 0.2734369853,
    "totalOtherIncomeExpensesNet": 0,
    "incomeBeforeTax": 8301000000,
    "incomeBeforeTaxRatio": 0.2734369853,
    "incomeTaxExpense": 1219000000,
    "netIncome": 7082000000,
    "netIncomeRatio": 0.233282825,
    "eps": 0.81,
    "epsdiluted": 0.81,
    "weightedAverageShsOut": 8107700000,
    "weightedAverageShsOutDil": 8160800000,
    "link": "https://www.sec.gov/Archives/edgar/data/70858/000007085822000131/0000070858-22-000131-index.htm",
    "finalLink": "https://www.sec.gov/Archives/edgar/data/70858/000007085822000131/bac-20220930.htm"
  },
  {
    "date": "2022-06-30",
    "symbol": "BAC",
    "reportedCurrency": "USD",
    "cik": "0000070858",
    "fillingDate": "2022-07-29",
    "acceptedDate": "2022-07-29 16:24:50",
    "calendarYear": "2022",
    "period": "Q2",
    "revenue": 25219000000,
    "costOfRevenue": 3054000000,
    "grossProfit": 22165000000,
    "grossProfitRatio": 0.8789008287,
    "researchAndDevelopmentExpenses": 0,
    "generalAndAdministrativeExpenses": 10085000000,
    "sellingAndMarketingExpenses": 1387000000,
    "sellingGeneralAndAdministrativeExpenses": 11472000000,
    "otherExpenses": 3801000000,
    "operatingExpenses": 15273000000,
    "costAndExpenses": 18327000000,
    "interestIncome": 14975000000,
    "interestExpense": 2531000000,
    "depreciationAndAmortization": 491000000,
    "ebitda": 7383000000,
    "ebitdaratio": 0.2927554622,
    "operatingIncome": 6892000000,
    "operatingIncomeRatio": 0.2732860145,
    "totalOtherIncomeExpensesNet": 0,
    "incomeBeforeTax": 6892000000,
    "incomeBeforeTaxRatio": 0.2732860145,
    "incomeTaxExpense": 645000000,
    "netIncome": 6247000000,
    "netIncomeRatio": 0.2477100599,
    "eps": 0.73,
    "epsdiluted": 0.73,
    "weightedAverageShsOut": 8121600000,
    "weightedAverageShsOutDil": 8163100000,
    "link": "https://www.sec.gov/Archives/edgar/data/70858/000007085822000112/0000070858-22-000112-index.htm",
    "finalLink": "https://www.sec.gov/Archives/edgar/data/70858/000007085822000112/bac-20220630.htm"
  },
  {
    "date": "2022-03-31",
    "symbol": "BAC",
    "reportedCurrency": "USD",
    "cik": "0000070858",
    "fillingDate": "2022-04-29",
    "acceptedDate": "2022-04-29 16:49:28",
    "calendarYear": "2022",
    "period": "Q1",
    "revenue": 24550000000,
    "costOfRevenue": 1352000000,
    "grossProfit": 23198000000,
    "grossProfitRatio": 0.9449287169,
    "researchAndDevelopmentExpenses": 0,
    "generalAndAdministrativeExpenses": 10239000000,
    "sellingAndMarketingExpenses": 1330000000,
    "sellingGeneralAndAdministrativeExpenses": 11569000000,
    "otherExpenses": 3750000000,
    "operatingExpenses": 15319000000,
    "costAndExpenses": 16671000000,
    "interestIncome": 12894000000,
    "interestExpense": 1322000000,
    "depreciationAndAmortization": 494000000,
    "ebitda": 8373000000,
    "ebitdaratio": 0.3410590631,
    "operatingIncome": 7879000000,
    "operatingIncomeRatio": 0.3209368635,
    "totalOtherIncomeExpensesNet": 0,
    "incomeBeforeTax": 7879000000,
    "incomeBeforeTaxRatio": 0.3209368635,
    "incomeTaxExpense": 812000000,
    "netIncome": 7067000000,
    "netIncomeRatio": 0.2878615071,
    "eps": 0.81,
    "epsdiluted": 0.8,
    "weightedAverageShsOut": 8136800000,
    "weightedAverageShsOutDil": 8202100000,
    "link": "https://www.sec.gov/Archives/edgar/data/70858/000007085822000088/0000070858-22-000088-index.htm",
    "finalLink": "https://www.sec.gov/Archives/edgar/data/70858/000007085822000088/bac-20220331.htm"
  },
  {
    "date": "2021-12-31",
    "symbol": "BAC",
    "reportedCurrency": "USD",
    "cik": "0000070858",
    "fillingDate": "2022-02-22",
    "acceptedDate": "2022-02-22 17:15:02",
    "calendarYear": "2021",
    "period": "Q4",
    "revenue": 23204000000,
    "costOfRevenue": 655000000,
    "grossProfit": 22549000000,
    "grossProfitRatio": 0.9717721083,
    "researchAndDevelopmentExpenses": 0,
    "generalAndAdministrativeExpenses": 9602000000,
    "sellingAndMarketingExpenses": 1352000000,
    "sellingGeneralAndAdministrativeExpenses": 10954000000,
    "otherExpenses": 3777000000,
    "operatingExpenses": 14731000000,
    "costAndExpenses": 15386000000,
    "interestIncome": 12554000000,
    "interestExpense": 1144000000,
    "depreciationAndAmortization": 495000000,
    "ebitda": 8313000000,
    "ebitdaratio": 0.358257197,
    "operatingIncome": 7818000000,
    "operatingIncomeRatio": 0.3369246682,
    "totalOtherIncomeExpensesNet": 0,
    "incomeBeforeTax": 7818000000,
    "incomeBeforeTaxRatio": 0.3369246682,
    "incomeTaxExpense": 805000000,
    "netIncome": 7013000000,
    "netIncomeRatio": 0.3022323737,
    "eps": 0.82,
    "epsdiluted": 0.82,
    "weightedAverageShsOut": 8226500000,
    "weightedAverageShsOutDil": 8304700000,
    "link": "https://www.sec.gov/Archives/edgar/data/70858/000007085822000062/0000070858-22-000062-index.htm",
    "finalLink": "https://www.sec.gov/Archives/edgar/data/70858/000007085822000062/bac-20211231.htm"
  },
  {
    "date": "2021-09-30",
    "symbol": "BAC",
    "reportedCurrency": "USD",
    "cik": "0000070858",
    "fillingDate": "2021-10-29",
    "acceptedDate": "2021-10-29 16:21:01",
    "calendarYear": "2021",
    "period": "Q3",
    "revenue": 24008000000,
    "costOfRevenue": 618000000,
    "grossProfit": 23390000000,
    "grossProfitRatio": 0.9742585805,
    "researchAndDevelopmentExpenses": 0,
    "generalAndAdministrativeExpenses": 9492000000,
    "sellingAndMarketingExpenses": 1334000000,
    "sellingGeneralAndAdministrativeExpenses": 10826000000,
    "otherExpenses": 3614000000,
    "operatingExpenses": 14440000000,
    "costAndExpenses": 15058000000,
    "interestIncome": 12336000000,
    "interestExpense": 1242000000,
    "depreciationAndAmortization": 473000000,
    "ebitda": 9423000000,
    "ebitdaratio": 0.3924941686,
    "operatingIncome": 8950000000,
    "operatingIncomeRatio": 0.3727924025,
    "totalOtherIncomeExpensesNet": 0,
    "incomeBeforeTax": 8950000000,
    "incomeBeforeTaxRatio": 0.3727924025,
    "incomeTaxExpense": 1259000000,
    "netIncome": 7691000000,
    "netIncomeRatio": 0.3203515495,
    "eps": 0.86,
    "epsdiluted": 0.85,
    "weightedAverageShsOut": 8430700000,
    "weightedAverageShsOutDil": 8492800000,
    "link": "https://www.sec.gov/Archives/edgar/data/70858/000007085821000107/0000070858-21-000107-index.htm",
    "finalLink": "https://www.sec.gov/Archives/edgar/data/70858/000007085821000107/bac-20210930.htm"
  },
  {
    "date": "2021-06-30",
    "symbol": "BAC",
    "reportedCurrency": "USD",
    "cik": "0000070858",
    "fillingDate": "2021-07-30",
    "acceptedDate": "2021-07-30 16:26:34",
    "calendarYear": "2021",
    "period": "Q2",
    "revenue": 22620000000,
    "costOfRevenue": -467000000,
    "grossProfit": 23087000000,
    "grossProfitRatio": 1.0206454465,
    "researchAndDevelopmentExpenses": 0,
    "generalAndAdministrativeExpenses": 9626000000,
    "sellingAndMarketingExpenses": 1786000000,
    "sellingGeneralAndAdministrativeExpenses": 11412000000,
    "otherExpenses": 3633000000,
    "operatingExpenses": 15045000000,
    "costAndExpenses": 14578000000,
    "interestIncome": 11387000000,
    "interestExpense": 1154000000,
    "depreciationAndAmortization": 469000000,
    "ebitda": 8511000000,
    "ebitdaratio": 0.3762599469,
    "operatingIncome": 8042000000,
    "operatingIncomeRatio": 0.3555260831,
    "totalOtherIncomeExpensesNet": 0,
    "incomeBeforeTax": 8042000000,
    "incomeBeforeTaxRatio": 0.3555260831,
    "incomeTaxExpense": -1182000000,
    "netIncome": 9224000000,
    "netIncomeRatio": 0.407780725,
    "eps": 1.04,
    "epsdiluted": 1.03,
    "weightedAverageShsOut": 8620800000,
    "weightedAverageShsOutDil": 8735500000,
    "link": "https://www.sec.gov/Archives/edgar/data/70858/000007085821000084/0000070858-21-000084-index.htm",
    "finalLink": "https://www.sec.gov/Archives/edgar/data/70858/000007085821000084/bac-20210630.htm"
  },
  {
    "date": "2021-03-31",
    "symbol": "BAC",
    "reportedCurrency": "USD",
    "cik": "0000070858",
    "fillingDate": "2021-04-29",
    "acceptedDate": "2021-04-29 16:24:56",
    "calendarYear": "2021",
    "period": "Q1",
    "revenue": 24019000000,
    "costOfRevenue": -662000000,
    "grossProfit": 24681000000,
    "grossProfitRatio": 1.0275615138,
    "researchAndDevelopmentExpenses": 0,
    "generalAndAdministrativeExpenses": 10509000000,
    "sellingAndMarketingExpenses": 1348000000,
    "sellingGeneralAndAdministrativeExpenses": 11857000000,
    "otherExpenses": 3658000000,
    "operatingExpenses": 15515000000,
    "costAndExpenses": 14853000000,
    "interestIncome": 11395000000,
    "interestExpense": 1198000000,
    "depreciationAndAmortization": 461000000,
    "ebitda": 9627000000,
    "ebitdaratio": 0.4008076939,
    "operatingIncome": 9166000000,
    "operatingIncomeRatio": 0.3816145551,
    "totalOtherIncomeExpensesNet": 0,
    "incomeBeforeTax": 9166000000,
    "incomeBeforeTaxRatio": 0.3816145551,
    "incomeTaxExpense": 1116000000,
    "netIncome": 8050000000,
    "netIncomeRatio": 0.3351513385,
    "eps": 0.87,
    "epsdiluted": 0.86,
    "weightedAverageShsOut": 8700100000,
    "weightedAverageShsOutDil": 8755600000,
    "link": "https://www.sec.gov/Archives/edgar/data/70858/000007085821000063/0000070858-21-000063-index.htm",
    "finalLink": "https://www.sec.gov/Archives/edgar/data/70858/000007085821000063/bac-20210331.htm"
  },
  {
    "date": "2020-12-31",
    "symbol": "BAC",
    "reportedCurrency": "USD",
    "cik": "0000070858",
    "fillingDate": "2021-02-24",
    "acceptedDate": "2021-02-24 16:56:31",
    "calendarYear": "2020",
    "period": "Q4",
    "revenue": 21307000000,
    "costOfRevenue": 1261000000,
    "grossProfit": 20046000000,
    "grossProfitRatio": 0.9408175717,
    "researchAndDevelopmentExpenses": 0,
    "generalAndAdministrativeExpenses": 8807000000,
    "sellingAndMarketingExpenses": 1378000000,
    "sellingGeneralAndAdministrativeExpenses": 10185000000,
    "otherExpenses": 3742000000,
    "operatingExpenses": 13927000000,
    "costAndExpenses": 15188000000,
    "interestIncome": 11461000000,
    "interestExpense": 1208000000,
    "depreciationAndAmortization": 487000000,
    "ebitda": 6606000000,
    "ebitdaratio": 0.3100389543,
    "operatingIncome": 6119000000,
    "operatingIncomeRatio": 0.287182616,
    "totalOtherIncomeExpensesNet": 0,
    "incomeBeforeTax": 6119000000,
    "incomeBeforeTaxRatio": 0.287182616,
    "incomeTaxExpense": 649000000,
    "netIncome": 5470000000,
    "netIncomeRatio": 0.2567231426,
    "eps": 0.6,
    "epsdiluted": 0.59,
    "weightedAverageShsOut": 8724900000,
    "weightedAverageShsOutDil": 8785000000,
    "link": "https://www.sec.gov/Archives/edgar/data/70858/000007085821000023/0000070858-21-000023-index.htm",
    "finalLink": "https://www.sec.gov/Archives/edgar/data/70858/000007085821000023/bac-20201231.htm"
  },
  {
    "date": "2020-09-30",
    "symbol": "BAC",
    "reportedCurrency": "USD",
    "cik": "0000070858",
    "fillingDate": "2020-10-30",
    "acceptedDate": "2020-10-30 16:57:16",
    "calendarYear": "2020",
    "period": "Q3",
    "revenue": 21693000000,
    "costOfRevenue": 2746000000,
    "grossProfit": 18947000000,
    "grossProfitRatio": 0.8734153875,
    "researchAndDevelopmentExpenses": 0,
    "generalAndAdministrativeExpenses": 9582000000,
    "sellingAndMarketingExpenses": 1238000000,
    "sellingGeneralAndAdministrativeExpenses": 10820000000,
    "otherExpenses": 3581000000,
    "operatingExpenses": 14401000000,
    "costAndExpenses": 17147000000,
    "interestIncome": 11486000000,
    "interestExpense": 1357000000,
    "depreciationAndAmortization": 476000000,
    "ebitda": 5022000000,
    "ebitdaratio": 0.2315032499,
    "operatingIncome": 4546000000,
    "operatingIncomeRatio": 0.2095606878,
    "totalOtherIncomeExpensesNet": 0,
    "incomeBeforeTax": 4546000000,
    "incomeBeforeTaxRatio": 0.2095606878,
    "incomeTaxExpense": -335000000,
    "netIncome": 4881000000,
    "netIncomeRatio": 0.2250034573,
    "eps": 0.51,
    "epsdiluted": 0.51,
    "weightedAverageShsOut": 8732900000,
    "weightedAverageShsOutDil": 8777500000,
    "link": "https://www.sec.gov/Archives/edgar/data/70858/000007085820000071/0000070858-20-000071-index.htm",
    "finalLink": "https://www.sec.gov/Archives/edgar/data/70858/000007085820000071/bac-20200930.htm"
  },
  {
    "date": "2020-06-30",
    "symbol": "BAC",
    "reportedCurrency": "USD",
    "cik": "0000070858",
    "fillingDate": "2020-07-31",
    "acceptedDate": "2020-07-30 19:25:26",
    "calendarYear": "2020",
    "period": "Q2",
    "revenue": 24018000000,
    "costOfRevenue": 6809000000,
    "grossProfit": 17209000000,
    "grossProfitRatio": 0.7165042885,
    "researchAndDevelopmentExpenses": 0,
    "generalAndAdministrativeExpenses": 8659000000,
    "sellingAndMarketingExpenses": 1303000000,
    "sellingGeneralAndAdministrativeExpenses": 9962000000,
    "otherExpenses": 3448000000,
    "operatingExpenses": 13410000000,
    "costAndExpenses": 20219000000,
    "interestIncome": 12540000000,
    "interestExpense": 1692000000,
    "depreciationAndAmortization": 448000000,
    "ebitda": 4247000000,
    "ebitdaratio": 0.176825714,
    "operatingIncome": 3799000000,
    "operatingIncomeRatio": 0.1581730369,
    "totalOtherIncomeExpensesNet": 0,
    "incomeBeforeTax": 3799000000,
    "incomeBeforeTaxRatio": 0.1581730369,
    "incomeTaxExpense": 266000000,
    "netIncome": 3533000000,
    "netIncomeRatio": 0.1470980098,
    "eps": 0.38,
    "epsdiluted": 0.37,
    "weightedAverageShsOut": 8739900000,
    "weightedAverageShsOutDil": 8768100000,
    "link": "https://www.sec.gov/Archives/edgar/data/70858/000007085820000040/0000070858-20-000040-index.htm",
    "finalLink": "https://www.sec.gov/Archives/edgar/data/70858/000007085820000040/bac-0630202010xq.htm"
  },
  {
    "date": "2020-03-31",
    "symbol": "BAC",
    "reportedCurrency": "USD",
    "cik": "0000070858",
    "fillingDate": "2020-05-01",
    "acceptedDate": "2020-05-01 16:56:46",
    "calendarYear": "2020",
    "period": "Q1",
    "revenue": 26735000000,
    "costOfRevenue": 8729000000,
    "grossProfit": 18006000000,
    "grossProfitRatio": 0.6734991584,
    "researchAndDevelopmentExpenses": 0,
    "generalAndAdministrativeExpenses": 8974000000,
    "sellingAndMarketingExpenses": 1215000000,
    "sellingGeneralAndAdministrativeExpenses": 10189000000,
    "otherExpenses": 3286000000,
    "operatingExpenses": 13475000000,
    "costAndExpenses": 22204000000,
    "interestIncome": 16098000000,
    "interestExpense": 3968000000,
    "depreciationAndAmortization": 432000000,
    "ebitda": 4963000000,
    "ebitdaratio": 0.1856368057,
    "operatingIncome": 4531000000,
    "operatingIncomeRatio": 0.1694782121,
    "totalOtherIncomeExpensesNet": 0,
    "incomeBeforeTax": 4531000000,
    "incomeBeforeTaxRatio": 0.1694782121,
    "incomeTaxExpense": 521000000,
    "netIncome": 4010000000,
    "netIncomeRatio": 0.149990649,
    "eps": 0.4,
    "epsdiluted": 0.4,
    "weightedAverageShsOut": 8815600000,
    "weightedAverageShsOutDil": 8862700000,
    "link": "https://www.sec.gov/Archives/edgar/data/70858/000007085820000023/0000070858-20-000023-index.htm",
    "finalLink": "https://www.sec.gov/Archives/edgar/data/70858/000007085820000023/bac-0331202010xq.htm"
  },
  {
    "date": "2019-12-31",
    "symbol": "BAC",
    "reportedCurrency": "USD",
    "cik": "0000070858",
    "fillingDate": "2020-02-19",
    "acceptedDate": "2020-02-19 16:18:13",
    "calendarYear": "2019",
    "period": "Q4",
    "revenue": 27135000000,
    "costOfRevenue": 5727000000,
    "grossProfit": 21408000000,
    "grossProfitRatio": 0.788944168,
    "researchAndDevelopmentExpenses": 0,
    "generalAndAdministrativeExpenses": 8736000000,
    "sellingAndMarketingExpenses": 1219000000,
    "sellingGeneralAndAdministrativeExpenses": 9955000000,
    "otherExpenses": 3284000000,
    "operatingExpenses": 13239000000,
    "costAndExpenses": 18966000000,
    "interestIncome": 16926000000,
    "interestExpense": 4786000000,
    "depreciationAndAmortization": 439000000,
    "ebitda": 8608000000,
    "ebitdaratio": 0.3172286715,
    "operatingIncome": 8169000000,
    "operatingIncomeRatio": 0.301050304,
    "totalOtherIncomeExpensesNet": 0,
    "incomeBeforeTax": 8169000000,
    "incomeBeforeTaxRatio": 0.301050304,
    "incomeTaxExpense": 1175000000,
    "netIncome": 6994000000,
    "netIncomeRatio": 0.2577482956,
    "eps": 0.75,
    "epsdiluted": 0.74,
    "weightedAverageShsOut": 9017100000,
    "weightedAverageShsOutDil": 9079500000,
    "link": "https://www.sec.gov/Archives/edgar/data/70858/000007085820000011/0000070858-20-000011-index.htm",
    "finalLink": "https://www.sec.gov/Archives/edgar/data/70858/000007085820000011/bac-1231201910xk.htm"
  },
  {
    "date": "2019-09-30",
    "symbol": "BAC",
    "reportedCurrency": "USD",
    "cik": "0000070858",
    "fillingDate": "2019-10-28",
    "acceptedDate": "2019-10-28 16:37:44",
    "calendarYear": "2019",
    "period": "Q3",
    "revenue": 28536000000,
    "costOfRevenue": 6508000000,
    "grossProfit": 22028000000,
    "grossProfitRatio": 0.7719372021,
    "researchAndDevelopmentExpenses": 0,
    "generalAndAdministrativeExpenses": 10821000000,
    "sellingAndMarketingExpenses": 1136000000,
    "sellingGeneralAndAdministrativeExpenses": 11957000000,
    "otherExpenses": 3212000000,
    "operatingExpenses": 15169000000,
    "costAndExpenses": 21677000000,
    "interestIncome": 17916000000,
    "interestExpense": 5729000000,
    "depreciationAndAmortization": 438000000,
    "ebitda": 7297000000,
    "ebitdaratio": 0.255712083,
    "operatingIncome": 6859000000,
    "operatingIncomeRatio": 0.2403630502,
    "totalOtherIncomeExpensesNet": 0,
    "incomeBeforeTax": 6859000000,
    "incomeBeforeTaxRatio": 0.2403630502,
    "incomeTaxExpense": 1082000000,
    "netIncome": 5777000000,
    "netIncomeRatio": 0.2024460331,
    "eps": 0.57,
    "epsdiluted": 0.56,
    "weightedAverageShsOut": 9303600000,
    "weightedAverageShsOutDil": 9353000000,
    "link": "https://www.sec.gov/Archives/edgar/data/70858/000007085819000057/0000070858-19-000057-index.htm",
    "finalLink": "https://www.sec.gov/Archives/edgar/data/70858/000007085819000057/bac-930201910xq.htm"
  },
  {
    "date": "2019-06-30",
    "symbol": "BAC",
    "reportedCurrency": "USD",
    "cik": "0000070858",
    "fillingDate": "2019-07-29",
    "acceptedDate": "2019-07-29 17:06:39",
    "calendarYear": "2019",
    "period": "Q2",
    "revenue": 29119000000,
    "costOfRevenue": 6892000000,
    "grossProfit": 22227000000,
    "grossProfitRatio": 0.7633160479,
    "researchAndDevelopmentExpenses": 0,
    "generalAndAdministrativeExpenses": 8825000000,
    "sellingAndMarketingExpenses": 1237000000,
    "sellingGeneralAndAdministrativeExpenses": 10062000000,
    "otherExpenses": 3206000000,
    "operatingExpenses": 13268000000,
    "costAndExpenses": 20160000000,
    "interestIncome": 18224000000,
    "interestExpense": 6035000000,
    "depreciationAndAmortization": 434000000,
    "ebitda": 9393000000,
    "ebitdaratio": 0.3225728906,
    "operatingIncome": 8959000000,
    "operatingIncomeRatio": 0.3076685326,
    "totalOtherIncomeExpensesNet": 0,
    "incomeBeforeTax": 8959000000,
    "incomeBeforeTaxRatio": 0.3076685326,
    "incomeTaxExpense": 1611000000,
    "netIncome": 7348000000,
    "netIncomeRatio": 0.2523438305,
    "eps": 0.75,
    "epsdiluted": 0.74,
    "weightedAverageShsOut": 9523200000,
    "weightedAverageShsOutDil": 9559600000,
    "link": "https://www.sec.gov/Archives/edgar/data/70858/000007085819000042/0000070858-19-000042-index.htm",
    "finalLink": "https://www.sec.gov/Archives/edgar/data/70858/000007085819000042/bac-630201910xq.htm"
  },
  {
    "date": "2019-03-31",
    "symbol": "BAC",
    "reportedCurrency": "USD",
    "cik": "0000070858",
    "fillingDate": "2019-04-26",
    "acceptedDate": "2019-04-26 16:06:36",
    "calendarYear": "2019",
    "period": "Q1",
    "revenue": 28799000000,
    "costOfRevenue": 6808000000,
    "grossProfit": 21991000000,
    "grossProfitRatio": 0.7636029029,
    "researchAndDevelopmentExpenses": 0,
    "generalAndAdministrativeExpenses": 8991000000,
    "sellingAndMarketingExpenses": 1104000000,
    "sellingGeneralAndAdministrativeExpenses": 10095000000,
    "otherExpenses": 3129000000,
    "operatingExpenses": 13224000000,
    "costAndExpenses": 20032000000,
    "interestIncome": 18170000000,
    "interestExpense": 5795000000,
    "depreciationAndAmortization": 418000000,
    "ebitda": 9185000000,
    "ebitdaratio": 0.3189346852,
    "operatingIncome": 8767000000,
    "operatingIncomeRatio": 0.3044202924,
    "totalOtherIncomeExpensesNet": 0,
    "incomeBeforeTax": 8767000000,
    "incomeBeforeTaxRatio": 0.3044202924,
    "incomeTaxExpense": 1456000000,
    "netIncome": 7311000000,
    "netIncomeRatio": 0.2538629814,
    "eps": 0.71,
    "epsdiluted": 0.7,
    "weightedAverageShsOut": 9725900000,
    "weightedAverageShsOutDil": 9787300000,
    "link": "https://www.sec.gov/Archives/edgar/data/70858/000007085819000026/0000070858-19-000026-index.htm",
    "finalLink": "https://www.sec.gov/Archives/edgar/data/70858/000007085819000026/bac-331201910xq.htm"
  },
  {
    "date": "2018-12-31",
    "symbol": "BAC",
    "reportedCurrency": "USD",
    "cik": "0000070858",
    "fillingDate": "2019-02-26",
    "acceptedDate": "2019-02-26 16:38:01",
    "calendarYear": "2018",
    "period": "Q4",
    "revenue": 28268000000,
    "costOfRevenue": 6437000000,
    "grossProfit": 21831000000,
    "grossProfitRatio": 0.7722866846,
    "researchAndDevelopmentExpenses": 0,
    "generalAndAdministrativeExpenses": 9697000000,
    "sellingAndMarketingExpenses": 513000000,
    "sellingGeneralAndAdministrativeExpenses": 10210000000,
    "otherExpenses": 2923000000,
    "operatingExpenses": 13133000000,
    "costAndExpenses": 19570000000,
    "interestIncome": 17836000000,
    "interestExpense": 5532000000,
    "depreciationAndAmortization": 524000000,
    "ebitda": 9222000000,
    "ebitdaratio": 0.3262346116,
    "operatingIncome": 8698000000,
    "operatingIncomeRatio": 0.3076977501,
    "totalOtherIncomeExpensesNet": 0,
    "incomeBeforeTax": 8698000000,
    "incomeBeforeTaxRatio": 0.3076977501,
    "incomeTaxExpense": 1420000000,
    "netIncome": 7278000000,
    "netIncomeRatio": 0.2574642706,
    "eps": 0.71,
    "epsdiluted": 0.7,
    "weightedAverageShsOut": 9855800000,
    "weightedAverageShsOutDil": 9996000000,
    "link": "https://www.sec.gov/Archives/edgar/data/70858/000007085819000012/0000070858-19-000012-index.htm",
    "finalLink": "https://www.sec.gov/Archives/edgar/data/70858/000007085819000012/bac-1231201810xk.htm"
  },
  {
    "date": "2018-09-30",
    "symbol": "BAC",
    "reportedCurrency": "USD",
    "cik": "0000070858",
    "fillingDate": "2018-10-29",
    "acceptedDate": "2018-10-29 16:14:17",
    "calendarYear": "2018",
    "period": "Q3",
    "revenue": 27628000000,
    "costOfRevenue": 5620000000,
    "grossProfit": 22008000000,
    "grossProfitRatio": 0.7965831765,
    "researchAndDevelopmentExpenses": 0,
    "generalAndAdministrativeExpenses": 8765000000,
    "sellingAndMarketingExpenses": 1108000000,
    "sellingGeneralAndAdministrativeExpenses": 9873000000,
    "otherExpenses": 3141000000,
    "operatingExpenses": 13014000000,
    "costAndExpenses": 18634000000,
    "interestIncome": 16965000000,
    "interestExpense": 4904000000,
    "depreciationAndAmortization": 515000000,
    "ebitda": 9509000000,
    "ebitdaratio": 0.3441798176,
    "operatingIncome": 8994000000,
    "operatingIncomeRatio": 0.3255393079,
    "totalOtherIncomeExpensesNet": 0,
    "incomeBeforeTax": 8994000000,
    "incomeBeforeTaxRatio": 0.3255393079,
    "incomeTaxExpense": 1827000000,
    "netIncome": 7167000000,
    "netIncomeRatio": 0.2594107427,
    "eps": 0.67,
    "epsdiluted": 0.66,
    "weightedAverageShsOut": 10031600000,
    "weightedAverageShsOutDil": 10170800000,
    "link": "https://www.sec.gov/Archives/edgar/data/70858/000007085818000042/0000070858-18-000042-index.htm",
    "finalLink": "https://www.sec.gov/Archives/edgar/data/70858/000007085818000042/bac-930201810xq.htm"
  },
  {
    "date": "2018-06-30",
    "symbol": "BAC",
    "reportedCurrency": "USD",
    "cik": "0000070858",
    "fillingDate": "2018-07-30",
    "acceptedDate": "2018-07-30 16:31:01",
    "calendarYear": "2018",
    "period": "Q2",
    "revenue": 27090000000,
    "costOfRevenue": 5368000000,
    "grossProfit": 21722000000,
    "grossProfitRatio": 0.8018456995,
    "researchAndDevelopmentExpenses": 0,
    "generalAndAdministrativeExpenses": 9012000000,
    "sellingAndMarketingExpenses": 1101000000,
    "sellingGeneralAndAdministrativeExpenses": 10113000000,
    "otherExpenses": 3111000000,
    "operatingExpenses": 13224000000,
    "costAndExpenses": 18592000000,
    "interestIncome": 16369000000,
    "interestExpense": 4541000000,
    "depreciationAndAmortization": 513000000,
    "ebitda": 9011000000,
    "ebitdaratio": 0.3326319675,
    "operatingIncome": 8498000000,
    "operatingIncomeRatio": 0.3136950904,
    "totalOtherIncomeExpensesNet": 0,
    "incomeBeforeTax": 8498000000,
    "incomeBeforeTaxRatio": 0.3136950904,
    "incomeTaxExpense": 1714000000,
    "netIncome": 6784000000,
    "netIncomeRatio": 0.2504245109,
    "eps": 0.64,
    "epsdiluted": 0.63,
    "weightedAverageShsOut": 10181700000,
    "weightedAverageShsOutDil": 10309400000,
    "link": "https://www.sec.gov/Archives/edgar/data/70858/000007085818000030/0000070858-18-000030-index.htm",
    "finalLink": "https://www.sec.gov/Archives/edgar/data/70858/000007085818000030/bac-630201810xq.htm"
  },
  {
    "date": "2018-03-31",
    "symbol": "BAC",
    "reportedCurrency": "USD",
    "cik": "0000070858",
    "fillingDate": "2018-04-30",
    "acceptedDate": "2018-04-30 16:44:02",
    "calendarYear": "2018",
    "period": "Q1",
    "revenue": 26900000000,
    "costOfRevenue": 4664000000,
    "grossProfit": 22236000000,
    "grossProfitRatio": 0.8266171004,
    "researchAndDevelopmentExpenses": 0,
    "generalAndAdministrativeExpenses": 9588000000,
    "sellingAndMarketingExpenses": 1101000000,
    "sellingGeneralAndAdministrativeExpenses": 10689000000,
    "otherExpenses": 3153000000,
    "operatingExpenses": 13842000000,
    "costAndExpenses": 18506000000,
    "interestIncome": 15599000000,
    "interestExpense": 3830000000,
    "depreciationAndAmortization": 511000000,
    "ebitda": 8905000000,
    "ebitdaratio": 0.3310408922,
    "operatingIncome": 8394000000,
    "operatingIncomeRatio": 0.3120446097,
    "totalOtherIncomeExpensesNet": 0,
    "incomeBeforeTax": 8394000000,
    "incomeBeforeTaxRatio": 0.3120446097,
    "incomeTaxExpense": 1476000000,
    "netIncome": 6918000000,
    "netIncomeRatio": 0.2571747212,
    "eps": 0.63,
    "epsdiluted": 0.62,
    "weightedAverageShsOut": 10322400000,
    "weightedAverageShsOutDil": 10472700000,
    "link": "https://www.sec.gov/Archives/edgar/data/70858/000007085818000020/0000070858-18-000020-index.htm",
    "finalLink": "https://www.sec.gov/Archives/edgar/data/70858/000007085818000020/bac-331201810xq.htm"
  },
  {
    "date": "2017-12-31",
    "symbol": "BAC",
    "reportedCurrency": "USD",
    "cik": "0000070858",
    "fillingDate": "2018-02-22",
    "acceptedDate": "2018-02-22 16:10:05",
    "calendarYear": "2017",
    "period": "Q4",
    "revenue": 24040000000,
    "costOfRevenue": 4605000000,
    "grossProfit": 19435000000,
    "grossProfitRatio": 0.8084442596,
    "researchAndDevelopmentExpenses": 0,
    "generalAndAdministrativeExpenses": 10145000000,
    "sellingAndMarketingExpenses": 511000000,
    "sellingGeneralAndAdministrativeExpenses": 10656000000,
    "otherExpenses": 2374000000,
    "operatingExpenses": 13030000000,
    "costAndExpenses": 17635000000,
    "interestIncome": 15066000000,
    "interestExpense": 3604000000,
    "depreciationAndAmortization": 515000000,
    "ebitda": 6920000000,
    "ebitdaratio": 0.2878535774,
    "operatingIncome": 6405000000,
    "operatingIncomeRatio": 0.2664309484,
    "totalOtherIncomeExpensesNet": 0,
    "incomeBeforeTax": 6405000000,
    "incomeBeforeTaxRatio": 0.2664309484,
    "incomeTaxExpense": 3885000000,
    "netIncome": 2520000000,
    "netIncomeRatio": 0.1048252912,
    "eps": 0.2,
    "epsdiluted": 0.2,
    "weightedAverageShsOut": 10470672000,
    "weightedAverageShsOutDil": 10621809000,
    "link": "https://www.sec.gov/Archives/edgar/data/70858/000007085818000009/0000070858-18-000009-index.htm",
    "finalLink": "https://www.sec.gov/Archives/edgar/data/70858/000007085818000009/bac-1231201710xk.htm"
  },
  {
    "date": "2017-09-30",
    "symbol": "BAC",
    "reportedCurrency": "USD",
    "cik": "0000070858",
    "fillingDate": "2017-10-30",
    "acceptedDate": "2017-10-30 16:05:41",
    "calendarYear": "2017",
    "period": "Q3",
    "revenue": 25335000000,
    "costOfRevenue": 4330000000,
    "grossProfit": 21005000000,
    "grossProfitRatio": 0.8290901914,
    "researchAndDevelopmentExpenses": 0,
    "generalAndAdministrativeExpenses": 10095000000,
    "sellingAndMarketingExpenses": 461000000,
    "sellingGeneralAndAdministrativeExpenses": 10556000000,
    "otherExpenses": 2838000000,
    "operatingExpenses": 13394000000,
    "costAndExpenses": 17724000000,
    "interestIncome": 14657000000,
    "interestExpense": 3496000000,
    "depreciationAndAmortization": 523000000,
    "ebitda": 8134000000,
    "ebitdaratio": 0.3210578251,
    "operatingIncome": 7611000000,
    "operatingIncomeRatio": 0.3004144464,
    "totalOtherIncomeExpensesNet": 0,
    "incomeBeforeTax": 7611000000,
    "incomeBeforeTaxRatio": 0.3004144464,
    "incomeTaxExpense": 2187000000,
    "netIncome": 5424000000,
    "netIncomeRatio": 0.2140911782,
    "eps": 0.5,
    "epsdiluted": 0.48,
    "weightedAverageShsOut": 10197900000,
    "weightedAverageShsOutDil": 10746700000,
    "link": "https://www.sec.gov/Archives/edgar/data/70858/000007085817000046/0000070858-17-000046-index.htm",
    "finalLink": "https://www.sec.gov/Archives/edgar/data/70858/000007085817000046/bac-930201710xq.htm"
  },
  {
    "date": "2017-06-30",
    "symbol": "BAC",
    "reportedCurrency": "USD",
    "cik": "0000070858",
    "fillingDate": "2017-07-31",
    "acceptedDate": "2017-07-31 16:04:22",
    "calendarYear": "2017",
    "period": "Q2",
    "revenue": 25989000000,
    "costOfRevenue": 3886000000,
    "grossProfit": 22103000000,
    "grossProfitRatio": 0.850475201,
    "researchAndDevelopmentExpenses": 0,
    "generalAndAdministrativeExpenses": 10677000000,
    "sellingAndMarketingExpenses": 442000000,
    "sellingGeneralAndAdministrativeExpenses": 11119000000,
    "otherExpenses": 2863000000,
    "operatingExpenses": 13982000000,
    "costAndExpenses": 17868000000,
    "interestIncome": 14146000000,
    "interestExpense": 3160000000,
    "depreciationAndAmortization": 531000000,
    "ebitda": 8652000000,
    "ebitdaratio": 0.3329100773,
    "operatingIncome": 8121000000,
    "operatingIncomeRatio": 0.3124783562,
    "totalOtherIncomeExpensesNet": 0,
    "incomeBeforeTax": 8121000000,
    "incomeBeforeTaxRatio": 0.3124783562,
    "incomeTaxExpense": 3015000000,
    "netIncome": 5106000000,
    "netIncomeRatio": 0.1964677363,
    "eps": 0.49,
    "epsdiluted": 0.46,
    "weightedAverageShsOut": 10013500000,
    "weightedAverageShsOutDil": 10834800000,
    "link": "https://www.sec.gov/Archives/edgar/data/70858/000007085817000037/0000070858-17-000037-index.htm",
    "finalLink": "https://www.sec.gov/Archives/edgar/data/70858/000007085817000037/bac-630201710xq.htm"
  },
  {
    "date": "2017-03-31",
    "symbol": "BAC",
    "reportedCurrency": "USD",
    "cik": "0000070858",
    "fillingDate": "2017-05-02",
    "acceptedDate": "2017-05-02 16:06:33",
    "calendarYear": "2017",
    "period": "Q1",
    "revenue": 24900000000,
    "costOfRevenue": 3487000000,
    "grossProfit": 21413000000,
    "grossProfitRatio": 0.8599598394,
    "researchAndDevelopmentExpenses": 0,
    "generalAndAdministrativeExpenses": 10882000000,
    "sellingAndMarketingExpenses": 332000000,
    "sellingGeneralAndAdministrativeExpenses": 11214000000,
    "otherExpenses": 2879000000,
    "operatingExpenses": 14093000000,
    "costAndExpenses": 17580000000,
    "interestIncome": 13710000000,
    "interestExpense": 2652000000,
    "depreciationAndAmortization": 534000000,
    "ebitda": 7854000000,
    "ebitdaratio": 0.3154216867,
    "operatingIncome": 7320000000,
    "operatingIncomeRatio": 0.2939759036,
    "totalOtherIncomeExpensesNet": 0,
    "incomeBeforeTax": 7320000000,
    "incomeBeforeTaxRatio": 0.2939759036,
    "incomeTaxExpense": 1983000000,
    "netIncome": 5337000000,
    "netIncomeRatio": 0.2143373494,
    "eps": 0.43,
    "epsdiluted": 0.41,
    "weightedAverageShsOut": 10099600000,
    "weightedAverageShsOutDil": 10919700000,
    "link": "https://www.sec.gov/Archives/edgar/data/70858/000007085817000025/0000070858-17-000025-index.htm",
    "finalLink": "https://www.sec.gov/Archives/edgar/data/70858/000007085817000025/bac-331201710xq.htm"
  },
  {
    "date": "2016-12-31",
    "symbol": "BAC",
    "reportedCurrency": "USD",
    "cik": "0000070858",
    "fillingDate": "2017-02-23",
    "acceptedDate": "2017-02-23 16:11:19",
    "calendarYear": "2016",
    "period": "Q4",
    "revenue": 22563000000,
    "costOfRevenue": 3347000000,
    "grossProfit": 19216000000,
    "grossProfitRatio": 0.851659797,
    "researchAndDevelopmentExpenses": 0,
    "generalAndAdministrativeExpenses": 9609000000,
    "sellingAndMarketingExpenses": 460000000,
    "sellingGeneralAndAdministrativeExpenses": 10069000000,
    "otherExpenses": 3092000000,
    "operatingExpenses": 13161000000,
    "costAndExpenses": 16508000000,
    "interestIncome": 12865000000,
    "interestExpense": 2573000000,
    "depreciationAndAmortization": 549000000,
    "ebitda": 6604000000,
    "ebitdaratio": 0.2926915747,
    "operatingIncome": 6055000000,
    "operatingIncomeRatio": 0.2683597039,
    "totalOtherIncomeExpensesNet": 0,
    "incomeBeforeTax": 6055000000,
    "incomeBeforeTaxRatio": 0.2683597039,
    "incomeTaxExpense": 1359000000,
    "netIncome": 4696000000,
    "netIncomeRatio": 0.2081283517,
    "eps": 0.43,
    "epsdiluted": 0.4,
    "weightedAverageShsOut": 10170031000,
    "weightedAverageShsOutDil": 10958621000,
    "link": "https://www.sec.gov/Archives/edgar/data/70858/000007085817000013/0000070858-17-000013-index.htm",
    "finalLink": "https://www.sec.gov/Archives/edgar/data/70858/000007085817000013/bac-1231201610xk.htm"
  },
  {
    "date": "2016-09-30",
    "symbol": "BAC",
    "reportedCurrency": "USD",
    "cik": "0000070858",
    "fillingDate": "2016-11-01",
    "acceptedDate": "2016-11-01 16:08:05",
    "calendarYear": "2016",
    "period": "Q3",
    "revenue": 24044000000,
    "costOfRevenue": 3259000000,
    "grossProfit": 20785000000,
    "grossProfitRatio": 0.8644568291,
    "researchAndDevelopmentExpenses": 0,
    "generalAndAdministrativeExpenses": 10032000000,
    "sellingAndMarketingExpenses": 410000000,
    "sellingGeneralAndAdministrativeExpenses": 10442000000,
    "otherExpenses": 3039000000,
    "operatingExpenses": 13481000000,
    "costAndExpenses": 16740000000,
    "interestIncome": 12610000000,
    "interestExpense": 2409000000,
    "depreciationAndAmortization": 564000000,
    "ebitda": 7868000000,
    "ebitdaratio": 0.3272334054,
    "operatingIncome": 7304000000,
    "operatingIncomeRatio": 0.3037764099,
    "totalOtherIncomeExpensesNet": 0,
    "incomeBeforeTax": 7304000000,
    "incomeBeforeTaxRatio": 0.3037764099,
    "incomeTaxExpense": 2349000000,
    "netIncome": 4955000000,
    "netIncomeRatio": 0.206080519,
    "eps": 0.43,
    "epsdiluted": 0.41,
    "weightedAverageShsOut": 10250124000,
    "weightedAverageShsOutDil": 11000473000,
    "link": "https://www.sec.gov/Archives/edgar/data/70858/000007085816000222/0000070858-16-000222-index.htm",
    "finalLink": "https://www.sec.gov/Archives/edgar/data/70858/000007085816000222/bac-930201610xq.htm"
  },
  {
    "date": "2016-06-30",
    "symbol": "BAC",
    "reportedCurrency": "USD",
    "cik": "0000070858",
    "fillingDate": "2016-08-01",
    "acceptedDate": "2016-08-01 16:49:01",
    "calendarYear": "2016",
    "period": "Q2",
    "revenue": 23742000000,
    "costOfRevenue": 3432000000,
    "grossProfit": 20310000000,
    "grossProfitRatio": 0.855446045,
    "researchAndDevelopmentExpenses": 0,
    "generalAndAdministrativeExpenses": 10028000000,
    "sellingAndMarketingExpenses": 414000000,
    "sellingGeneralAndAdministrativeExpenses": 10442000000,
    "otherExpenses": 3051000000,
    "operatingExpenses": 13493000000,
    "costAndExpenses": 16925000000,
    "interestIncome": 12574000000,
    "interestExpense": 2456000000,
    "depreciationAndAmortization": 562000000,
    "ebitda": 7379000000,
    "ebitdaratio": 0.3107994272,
    "operatingIncome": 6817000000,
    "operatingIncomeRatio": 0.2871282958,
    "totalOtherIncomeExpensesNet": 0,
    "incomeBeforeTax": 6817000000,
    "incomeBeforeTaxRatio": 0.2871282958,
    "incomeTaxExpense": 2034000000,
    "netIncome": 4783000000,
    "netIncomeRatio": 0.201457333,
    "eps": 0.38,
    "epsdiluted": 0.36,
    "weightedAverageShsOut": 10328424000,
    "weightedAverageShsOutDil": 11059167000,
    "link": "https://www.sec.gov/Archives/edgar/data/70858/000007085816000200/0000070858-16-000200-index.htm",
    "finalLink": "https://www.sec.gov/Archives/edgar/data/70858/000007085816000200/bac-630201610xq.htm"
  },
  {
    "date": "2016-03-31",
    "symbol": "BAC",
    "reportedCurrency": "USD",
    "cik": "0000070858",
    "fillingDate": "2016-05-02",
    "acceptedDate": "2016-05-02 16:10:57",
    "calendarYear": "2016",
    "period": "Q1",
    "revenue": 23313000000,
    "costOfRevenue": 3520000000,
    "grossProfit": 19793000000,
    "grossProfitRatio": 0.8490112813,
    "researchAndDevelopmentExpenses": 0,
    "generalAndAdministrativeExpenses": 11283000000,
    "sellingAndMarketingExpenses": 419000000,
    "sellingGeneralAndAdministrativeExpenses": 11702000000,
    "otherExpenses": 3114000000,
    "operatingExpenses": 14816000000,
    "costAndExpenses": 18336000000,
    "interestIncome": 13008000000,
    "interestExpense": 2523000000,
    "depreciationAndAmortization": 566000000,
    "ebitda": 5543000000,
    "ebitdaratio": 0.2377643375,
    "operatingIncome": 4977000000,
    "operatingIncomeRatio": 0.2134860378,
    "totalOtherIncomeExpensesNet": 0,
    "incomeBeforeTax": 4977000000,
    "incomeBeforeTaxRatio": 0.2134860378,
    "incomeTaxExpense": 1505000000,
    "netIncome": 3472000000,
    "netIncomeRatio": 0.1489297817,
    "eps": 0.29,
    "epsdiluted": 0.28,
    "weightedAverageShsOut": 10370094000,
    "weightedAverageShsOutDil": 11100067000,
    "link": "https://www.sec.gov/Archives/edgar/data/70858/000007085816000166/0000070858-16-000166-index.htm",
    "finalLink": "https://www.sec.gov/Archives/edgar/data/70858/000007085816000166/bac-331201610xq.htm"
  },
  {
    "date": "2015-12-31",
    "symbol": "BAC",
    "reportedCurrency": "USD",
    "cik": "0000070858",
    "fillingDate": "2016-02-24",
    "acceptedDate": "2016-02-24 16:47:44",
    "calendarYear": "2015",
    "period": "Q4",
    "revenue": 22387000000,
    "costOfRevenue": 3707000000,
    "grossProfit": 18680000000,
    "grossProfitRatio": 0.8344128289,
    "researchAndDevelopmentExpenses": 0,
    "generalAndAdministrativeExpenses": 10055000000,
    "sellingAndMarketingExpenses": 481000000,
    "sellingGeneralAndAdministrativeExpenses": 10536000000,
    "otherExpenses": 3297000000,
    "operatingExpenses": 13833000000,
    "costAndExpenses": 17540000000,
    "interestIncome": 12653000000,
    "interestExpense": 2897000000,
    "depreciationAndAmortization": 583000000,
    "ebitda": 5430000000,
    "ebitdaratio": 0.2425514808,
    "operatingIncome": 4847000000,
    "operatingIncomeRatio": 0.2165095815,
    "totalOtherIncomeExpensesNet": 0,
    "incomeBeforeTax": 4847000000,
    "incomeBeforeTaxRatio": 0.2165095815,
    "incomeTaxExpense": 1511000000,
    "netIncome": 3336000000,
    "netIncomeRatio": 0.1490150534,
    "eps": 0.29,
    "epsdiluted": 0.28,
    "weightedAverageShsOut": 10399422000,
    "weightedAverageShsOutDil": 11153169000,
    "link": "https://www.sec.gov/Archives/edgar/data/70858/000007085816000137/0000070858-16-000137-index.htm",
    "finalLink": "https://www.sec.gov/Archives/edgar/data/70858/000007085816000137/bac-1231201510xk.htm"
  },
  {
    "date": "2015-09-30",
    "symbol": "BAC",
    "reportedCurrency": "USD",
    "cik": "0000070858",
    "fillingDate": "2015-10-30",
    "acceptedDate": "2015-10-30 16:57:30",
    "calendarYear": "2015",
    "period": "Q3",
    "revenue": 23488000000,
    "costOfRevenue": 3302000000,
    "grossProfit": 20186000000,
    "grossProfitRatio": 0.8594175749,
    "researchAndDevelopmentExpenses": 0,
    "generalAndAdministrativeExpenses": 10146000000,
    "sellingAndMarketingExpenses": 445000000,
    "sellingGeneralAndAdministrativeExpenses": 10591000000,
    "otherExpenses": 3348000000,
    "operatingExpenses": 13939000000,
    "costAndExpenses": 17241000000,
    "interestIncome": 12396000000,
    "interestExpense": 2496000000,
    "depreciationAndAmortization": 595000000,
    "ebitda": 6842000000,
    "ebitdaratio": 0.2912976839,
    "operatingIncome": 6247000000,
    "operatingIncomeRatio": 0.2659655995,
    "totalOtherIncomeExpensesNet": 0,
    "incomeBeforeTax": 6247000000,
    "incomeBeforeTaxRatio": 0.2659655995,
    "incomeTaxExpense": 1628000000,
    "netIncome": 4619000000,
    "netIncomeRatio": 0.1966536104,
    "eps": 0.39,
    "epsdiluted": 0.37,
    "weightedAverageShsOut": 10444291000,
    "weightedAverageShsOutDil": 11197203000,
    "link": "https://www.sec.gov/Archives/edgar/data/70858/000007085815000103/0000070858-15-000103-index.htm",
    "finalLink": "https://www.sec.gov/Archives/edgar/data/70858/000007085815000103/bac-930201510xq.htm"
  },
  {
    "date": "2015-06-30",
    "symbol": "BAC",
    "reportedCurrency": "USD",
    "cik": "0000070858",
    "fillingDate": "2015-07-29",
    "acceptedDate": "2015-07-29 16:09:58",
    "calendarYear": "2015",
    "period": "Q2",
    "revenue": 24600000000,
    "costOfRevenue": 3424000000,
    "grossProfit": 21176000000,
    "grossProfitRatio": 0.8608130081,
    "researchAndDevelopmentExpenses": 0,
    "generalAndAdministrativeExpenses": 10363000000,
    "sellingAndMarketingExpenses": 445000000,
    "sellingGeneralAndAdministrativeExpenses": 10808000000,
    "otherExpenses": 3150000000,
    "operatingExpenses": 13958000000,
    "costAndExpenses": 17382000000,
    "interestIncome": 13105000000,
    "interestExpense": 2644000000,
    "depreciationAndAmortization": 603000000,
    "ebitda": 7821000000,
    "ebitdaratio": 0.3179268293,
    "operatingIncome": 7218000000,
    "operatingIncomeRatio": 0.2934146341,
    "totalOtherIncomeExpensesNet": 0,
    "incomeBeforeTax": 7218000000,
    "incomeBeforeTaxRatio": 0.2934146341,
    "incomeTaxExpense": 2084000000,
    "netIncome": 5134000000,
    "netIncomeRatio": 0.208699187,
    "eps": 0.48,
    "epsdiluted": 0.45,
    "weightedAverageShsOut": 10488137000,
    "weightedAverageShsOutDil": 11238060000,
    "link": "https://www.sec.gov/Archives/edgar/data/70858/000007085815000078/0000070858-15-000078-index.htm",
    "finalLink": "https://www.sec.gov/Archives/edgar/data/70858/000007085815000078/bac-630201510xq.htm"
  },
  {
    "date": "2015-03-31",
    "symbol": "BAC",
    "reportedCurrency": "USD",
    "cik": "0000070858",
    "fillingDate": "2015-04-29",
    "acceptedDate": "2015-04-29 16:14:38",
    "calendarYear": "2015",
    "period": "Q1",
    "revenue": 23426000000,
    "costOfRevenue": 3277000000,
    "grossProfit": 20149000000,
    "grossProfitRatio": 0.8601126953,
    "researchAndDevelopmentExpenses": 0,
    "generalAndAdministrativeExpenses": 12191000000,
    "sellingAndMarketingExpenses": 440000000,
    "sellingGeneralAndAdministrativeExpenses": 12631000000,
    "otherExpenses": 3196000000,
    "operatingExpenses": 15827000000,
    "costAndExpenses": 19104000000,
    "interestIncome": 11923000000,
    "interestExpense": 2512000000,
    "depreciationAndAmortization": 608000000,
    "ebitda": 4930000000,
    "ebitdaratio": 0.2104499274,
    "operatingIncome": 4322000000,
    "operatingIncomeRatio": 0.1844958593,
    "totalOtherIncomeExpensesNet": 0,
    "incomeBeforeTax": 4322000000,
    "incomeBeforeTaxRatio": 0.1844958593,
    "incomeTaxExpense": 1225000000,
    "netIncome": 3097000000,
    "netIncomeRatio": 0.1322035345,
    "eps": 0.28,
    "epsdiluted": 0.27,
    "weightedAverageShsOut": 10518790000,
    "weightedAverageShsOutDil": 11266511000,
    "link": "https://www.sec.gov/Archives/edgar/data/70858/000007085815000048/0000070858-15-000048-index.htm",
    "finalLink": "https://www.sec.gov/Archives/edgar/data/70858/000007085815000048/bac-331201510xq.htm"
  },
  {
    "date": "2014-12-31",
    "symbol": "BAC",
    "reportedCurrency": "USD",
    "cik": "0000070858",
    "fillingDate": "2015-02-25",
    "acceptedDate": "2015-02-25 16:06:24",
    "calendarYear": "2014",
    "period": "Q4",
    "revenue": 21262000000,
    "costOfRevenue": 2736000000,
    "grossProfit": 18526000000,
    "grossProfitRatio": 0.8713197253,
    "researchAndDevelopmentExpenses": 0,
    "generalAndAdministrativeExpenses": 10223000000,
    "sellingAndMarketingExpenses": 491000000,
    "sellingGeneralAndAdministrativeExpenses": 10714000000,
    "otherExpenses": 3502000000,
    "operatingExpenses": 14216000000,
    "costAndExpenses": 16952000000,
    "interestIncome": 12152000000,
    "interestExpense": 2517000000,
    "depreciationAndAmortization": 642000000,
    "ebitda": 4952000000,
    "ebitdaratio": 0.232903772,
    "operatingIncome": 4310000000,
    "operatingIncomeRatio": 0.2027090584,
    "totalOtherIncomeExpensesNet": 0,
    "incomeBeforeTax": 4310000000,
    "incomeBeforeTaxRatio": 0.2027090584,
    "incomeTaxExpense": 1260000000,
    "netIncome": 3050000000,
    "netIncomeRatio": 0.1434484056,
    "eps": 0.26,
    "epsdiluted": 0.25,
    "weightedAverageShsOut": 10516334000,
    "weightedAverageShsOutDil": 11273773000,
    "link": "https://www.sec.gov/Archives/edgar/data/70858/000007085815000008/0000070858-15-000008-index.htm",
    "finalLink": "https://www.sec.gov/Archives/edgar/data/70858/000007085815000008/bac-12312014x10k.htm"
  },
  {
    "date": "2014-09-30",
    "symbol": "BAC",
    "reportedCurrency": "USD",
    "cik": "0000070858",
    "fillingDate": "2014-11-06",
    "acceptedDate": "2014-11-06 16:39:42",
    "calendarYear": "2014",
    "period": "Q3",
    "revenue": 23839000000,
    "costOfRevenue": 3275000000,
    "grossProfit": 20564000000,
    "grossProfitRatio": 0.8626200763,
    "researchAndDevelopmentExpenses": 0,
    "generalAndAdministrativeExpenses": 16202000000,
    "sellingAndMarketingExpenses": 446000000,
    "sellingGeneralAndAdministrativeExpenses": 16648000000,
    "otherExpenses": 3485000000,
    "operatingExpenses": 20133000000,
    "costAndExpenses": 23408000000,
    "interestIncome": 12858000000,
    "interestExpense": 2639000000,
    "depreciationAndAmortization": 625000000,
    "ebitda": 1056000000,
    "ebitdaratio": 0.0442971601,
    "operatingIncome": 431000000,
    "operatingIncomeRatio": 0.0180796174,
    "totalOtherIncomeExpensesNet": 0,
    "incomeBeforeTax": 431000000,
    "incomeBeforeTaxRatio": 0.0180796174,
    "incomeTaxExpense": 663000000,
    "netIncome": -232000000,
    "netIncomeRatio": -0.0097319518,
    "eps": -0.01,
    "epsdiluted": -0.01,
    "weightedAverageShsOut": 10515790000,
    "weightedAverageShsOutDil": 10515790000,
    "link": "https://www.sec.gov/Archives/edgar/data/70858/000007085814000139/0000070858-14-000139-index.htm",
    "finalLink": "https://www.sec.gov/Archives/edgar/data/70858/000007085814000139/bac-9302014x10q.htm"
  },
  {
    "date": "2014-06-30",
    "symbol": "BAC",
    "reportedCurrency": "USD",
    "cik": "0000070858",
    "fillingDate": "2014-07-29",
    "acceptedDate": "2014-07-29 16:34:39",
    "calendarYear": "2014",
    "period": "Q2",
    "revenue": 24318000000,
    "costOfRevenue": 3339000000,
    "grossProfit": 20979000000,
    "grossProfitRatio": 0.8626943005,
    "researchAndDevelopmentExpenses": 0,
    "generalAndAdministrativeExpenses": 14532000000,
    "sellingAndMarketingExpenses": 450000000,
    "sellingGeneralAndAdministrativeExpenses": 14982000000,
    "otherExpenses": 3202000000,
    "operatingExpenses": 18184000000,
    "costAndExpenses": 21523000000,
    "interestIncome": 12941000000,
    "interestExpense": 2928000000,
    "depreciationAndAmortization": 626000000,
    "ebitda": 3421000000,
    "ebitdaratio": 0.1406776873,
    "operatingIncome": 2795000000,
    "operatingIncomeRatio": 0.1149354388,
    "totalOtherIncomeExpensesNet": 0,
    "incomeBeforeTax": 2795000000,
    "incomeBeforeTaxRatio": 0.1149354388,
    "incomeTaxExpense": 504000000,
    "netIncome": 2291000000,
    "netIncomeRatio": 0.0942100502,
    "eps": 0.19,
    "epsdiluted": 0.19,
    "weightedAverageShsOut": 10519359000,
    "weightedAverageShsOutDil": 11265123000,
    "link": "https://www.sec.gov/Archives/edgar/data/70858/000007085814000088/0000070858-14-000088-index.htm",
    "finalLink": "https://www.sec.gov/Archives/edgar/data/70858/000007085814000088/bac-6302014x10q.htm"
  },
  {
    "date": "2014-03-31",
    "symbol": "BAC",
    "reportedCurrency": "USD",
    "cik": "0000070858",
    "fillingDate": "2014-05-01",
    "acceptedDate": "2014-05-01 17:15:24",
    "calendarYear": "2014",
    "period": "Q1",
    "revenue": 24632000000,
    "costOfRevenue": 3859000000,
    "grossProfit": 20773000000,
    "grossProfitRatio": 0.8433338746,
    "researchAndDevelopmentExpenses": 0,
    "generalAndAdministrativeExpenses": 18135000000,
    "sellingAndMarketingExpenses": 442000000,
    "sellingGeneralAndAdministrativeExpenses": 18577000000,
    "otherExpenses": 2877000000,
    "operatingExpenses": 21454000000,
    "costAndExpenses": 25313000000,
    "interestIncome": 12935000000,
    "interestExpense": 2850000000,
    "depreciationAndAmortization": 629000000,
    "ebitda": -52000000,
    "ebitdaratio": -0.002111075,
    "operatingIncome": -681000000,
    "operatingIncomeRatio": -0.0276469633,
    "totalOtherIncomeExpensesNet": 0,
    "incomeBeforeTax": -681000000,
    "incomeBeforeTaxRatio": -0.0276469633,
    "incomeTaxExpense": -405000000,
    "netIncome": -276000000,
    "netIncomeRatio": -0.0112049367,
    "eps": -0.05,
    "epsdiluted": -0.05,
    "weightedAverageShsOut": 10560518000,
    "weightedAverageShsOutDil": 10560518000,
    "link": "https://www.sec.gov/Archives/edgar/data/70858/000007085814000056/0000070858-14-000056-index.htm",
    "finalLink": "https://www.sec.gov/Archives/edgar/data/70858/000007085814000056/bac-3312014x10q.htm"
  },
  {
    "date": "2013-12-31",
    "symbol": "BAC",
    "reportedCurrency": "USD",
    "cik": "0000070858",
    "fillingDate": "2014-02-25",
    "acceptedDate": "2014-02-25 16:07:46",
    "calendarYear": "2013",
    "period": "Q4",
    "revenue": 23940000000,
    "costOfRevenue": 3262000000,
    "grossProfit": 20678000000,
    "grossProfitRatio": 0.8637426901,
    "researchAndDevelopmentExpenses": 0,
    "generalAndAdministrativeExpenses": 6827000000,
    "sellingAndMarketingExpenses": 457000000,
    "sellingGeneralAndAdministrativeExpenses": 7284000000,
    "otherExpenses": 9549000000,
    "operatingExpenses": 16833000000,
    "costAndExpenses": 20095000000,
    "interestIncome": 13712000000,
    "interestExpense": 2926000000,
    "depreciationAndAmortization": 662000000,
    "ebitda": 4507000000,
    "ebitdaratio": 0.1882623225,
    "operatingIncome": 3845000000,
    "operatingIncomeRatio": 0.160609858,
    "totalOtherIncomeExpensesNet": 0,
    "incomeBeforeTax": 3845000000,
    "incomeBeforeTaxRatio": 0.160609858,
    "incomeTaxExpense": 406000000,
    "netIncome": 3439000000,
    "netIncomeRatio": 0.1436507937,
    "eps": 0.3,
    "epsdiluted": 0.29,
    "weightedAverageShsOut": 10633030000,
    "weightedAverageShsOutDil": 11404438000,
    "link": "https://www.sec.gov/Archives/edgar/data/70858/000007085814000012/0000070858-14-000012-index.htm",
    "finalLink": "https://www.sec.gov/Archives/edgar/data/70858/000007085814000012/bac-12312013x10k.htm"
  },
  {
    "date": "2013-09-30",
    "symbol": "BAC",
    "reportedCurrency": "USD",
    "cik": "0000070858",
    "fillingDate": "2013-10-30",
    "acceptedDate": "2013-10-30 17:27:04",
    "calendarYear": "2013",
    "period": "Q3",
    "revenue": 23462000000,
    "costOfRevenue": 3412000000,
    "grossProfit": 20050000000,
    "grossProfitRatio": 0.8545733527,
    "researchAndDevelopmentExpenses": 0,
    "generalAndAdministrativeExpenses": 12096000000,
    "sellingAndMarketingExpenses": 511000000,
    "sellingGeneralAndAdministrativeExpenses": 12607000000,
    "otherExpenses": 2598000000,
    "operatingExpenses": 15205000000,
    "costAndExpenses": 18617000000,
    "interestIncome": 13382000000,
    "interestExpense": 3116000000,
    "depreciationAndAmortization": 658000000,
    "ebitda": 5503000000,
    "ebitdaratio": 0.2345494843,
    "operatingIncome": 4845000000,
    "operatingIncomeRatio": 0.2065041343,
    "totalOtherIncomeExpensesNet": 0,
    "incomeBeforeTax": 4845000000,
    "incomeBeforeTaxRatio": 0.2065041343,
    "incomeTaxExpense": 2348000000,
    "netIncome": 2497000000,
    "netIncomeRatio": 0.1064274145,
    "eps": 0.21,
    "epsdiluted": 0.2,
    "weightedAverageShsOut": 10718918000,
    "weightedAverageShsOutDil": 11482226000,
    "link": "https://www.sec.gov/Archives/edgar/data/70858/000007085813000248/0000070858-13-000248-index.htm",
    "finalLink": "https://www.sec.gov/Archives/edgar/data/70858/000007085813000248/bac-9302013x10q.htm"
  },
  {
    "date": "2013-06-30",
    "symbol": "BAC",
    "reportedCurrency": "USD",
    "cik": "0000070858",
    "fillingDate": "2013-08-01",
    "acceptedDate": "2013-08-01 16:30:20",
    "calendarYear": "2013",
    "period": "Q2",
    "revenue": 25323000000,
    "costOfRevenue": 4487000000,
    "grossProfit": 20836000000,
    "grossProfitRatio": 0.8228093038,
    "researchAndDevelopmentExpenses": 0,
    "generalAndAdministrativeExpenses": 11782000000,
    "sellingAndMarketingExpenses": 437000000,
    "sellingGeneralAndAdministrativeExpenses": 12219000000,
    "otherExpenses": 3119000000,
    "operatingExpenses": 15338000000,
    "costAndExpenses": 19825000000,
    "interestIncome": 13825000000,
    "interestExpense": 3276000000,
    "depreciationAndAmortization": 676000000,
    "ebitda": 6174000000,
    "ebitdaratio": 0.2438099751,
    "operatingIncome": 5498000000,
    "operatingIncomeRatio": 0.2171148758,
    "totalOtherIncomeExpensesNet": 0,
    "incomeBeforeTax": 5498000000,
    "incomeBeforeTaxRatio": 0.2171148758,
    "incomeTaxExpense": 1486000000,
    "netIncome": 4012000000,
    "netIncomeRatio": 0.1584330451,
    "eps": 0.33,
    "epsdiluted": 0.32,
    "weightedAverageShsOut": 10775867000,
    "weightedAverageShsOutDil": 11524510000,
    "link": "https://www.sec.gov/Archives/edgar/data/70858/000007085813000216/0000070858-13-000216-index.htm",
    "finalLink": "https://www.sec.gov/Archives/edgar/data/70858/000007085813000216/bac-6302013x10q.htm"
  },
  {
    "date": "2013-03-31",
    "symbol": "BAC",
    "reportedCurrency": "USD",
    "cik": "0000070858",
    "fillingDate": "2013-05-07",
    "acceptedDate": "2013-05-07 17:12:00",
    "calendarYear": "2013",
    "period": "Q1",
    "revenue": 26071000000,
    "costOfRevenue": 5150000000,
    "grossProfit": 20921000000,
    "grossProfitRatio": 0.8024625062,
    "researchAndDevelopmentExpenses": 0,
    "generalAndAdministrativeExpenses": 15221000000,
    "sellingAndMarketingExpenses": 429000000,
    "sellingGeneralAndAdministrativeExpenses": 15650000000,
    "otherExpenses": 3287000000,
    "operatingExpenses": 18937000000,
    "costAndExpenses": 24087000000,
    "interestIncome": 14101000000,
    "interestExpense": 3437000000,
    "depreciationAndAmortization": 687000000,
    "ebitda": 2671000000,
    "ebitdaratio": 0.1024509992,
    "operatingIncome": 1984000000,
    "operatingIncomeRatio": 0.0760998811,
    "totalOtherIncomeExpensesNet": 0,
    "incomeBeforeTax": 1984000000,
    "incomeBeforeTaxRatio": 0.0760998811,
    "incomeTaxExpense": 501000000,
    "netIncome": 1483000000,
    "netIncomeRatio": 0.0568831268,
    "eps": 0.21,
    "epsdiluted": 0.2,
    "weightedAverageShsOut": 10798975000,
    "weightedAverageShsOutDil": 11154778000,
    "link": "https://www.sec.gov/Archives/edgar/data/70858/000007085813000147/0000070858-13-000147-index.htm",
    "finalLink": "https://www.sec.gov/Archives/edgar/data/70858/000007085813000147/bac-3312013x10q.htm"
  },
  {
    "date": "2012-12-31",
    "symbol": "BAC",
    "reportedCurrency": "USD",
    "cik": "0000070858",
    "fillingDate": "2013-02-28",
    "acceptedDate": "2013-02-28 16:03:27",
    "calendarYear": "2012",
    "period": "Q4",
    "revenue": 20185000000,
    "costOfRevenue": 5799000000,
    "grossProfit": 14386000000,
    "grossProfitRatio": 0.712707456,
    "researchAndDevelopmentExpenses": 0,
    "generalAndAdministrativeExpenses": 11949000000,
    "sellingAndMarketingExpenses": 480000000,
    "sellingGeneralAndAdministrativeExpenses": 12429000000,
    "otherExpenses": 3861000000,
    "operatingExpenses": 16290000000,
    "costAndExpenses": 22089000000,
    "interestIncome": 13971000000,
    "interestExpense": 3647000000,
    "depreciationAndAmortization": 736000000,
    "ebitda": -1168000000,
    "ebitdaratio": -0.0578647511,
    "operatingIncome": -1904000000,
    "operatingIncomeRatio": -0.0943274709,
    "totalOtherIncomeExpensesNet": 0,
    "incomeBeforeTax": -1904000000,
    "incomeBeforeTaxRatio": -0.0943274709,
    "incomeTaxExpense": -2636000000,
    "netIncome": 732000000,
    "netIncomeRatio": 0.0362645529,
    "eps": 0.03,
    "epsdiluted": 0.03,
    "weightedAverageShsOut": 10777204000,
    "weightedAverageShsOutDil": 10884921000,
    "link": "https://www.sec.gov/Archives/edgar/data/70858/000007085813000097/0000070858-13-000097-index.htm",
    "finalLink": "https://www.sec.gov/Archives/edgar/data/70858/000007085813000097/bac-12312012x10k.htm"
  },
  {
    "date": "2012-09-30",
    "symbol": "BAC",
    "reportedCurrency": "USD",
    "cik": "0000070858",
    "fillingDate": "2012-11-02",
    "acceptedDate": "2012-11-02 16:07:38",
    "calendarYear": "2012",
    "period": "Q3",
    "revenue": 24228000000,
    "costOfRevenue": 5812000000,
    "grossProfit": 18416000000,
    "grossProfitRatio": 0.7601122668,
    "researchAndDevelopmentExpenses": 0,
    "generalAndAdministrativeExpenses": 13106000000,
    "sellingAndMarketingExpenses": 479000000,
    "sellingGeneralAndAdministrativeExpenses": 13585000000,
    "otherExpenses": 3721000000,
    "operatingExpenses": 17306000000,
    "costAndExpenses": 23118000000,
    "interestIncome": 13976000000,
    "interestExpense": 4038000000,
    "depreciationAndAmortization": 752000000,
    "ebitda": 1862000000,
    "ebitdaratio": 0.0768532277,
    "operatingIncome": 1110000000,
    "operatingIncomeRatio": 0.0458147598,
    "totalOtherIncomeExpensesNet": 0,
    "incomeBeforeTax": 1110000000,
    "incomeBeforeTaxRatio": 0.0458147598,
    "incomeTaxExpense": 770000000,
    "netIncome": 340000000,
    "netIncomeRatio": 0.0140333498,
    "eps": -0.0031,
    "epsdiluted": -0.0031,
    "weightedAverageShsOut": 10776173000,
    "weightedAverageShsOutDil": 10776173000,
    "link": "https://www.sec.gov/Archives/edgar/data/70858/000007085812000362/0000070858-12-000362-index.htm",
    "finalLink": "https://www.sec.gov/Archives/edgar/data/70858/000007085812000362/bac-9302012x10q.htm"
  },
  {
    "date": "2012-06-30",
    "symbol": "BAC",
    "reportedCurrency": "USD",
    "cik": "0000070858",
    "fillingDate": "2012-08-02",
    "acceptedDate": "2012-08-02 16:15:42",
    "calendarYear": "2012",
    "period": "Q2",
    "revenue": 26044000000,
    "costOfRevenue": 6217000000,
    "grossProfit": 19827000000,
    "grossProfitRatio": 0.7612885885,
    "researchAndDevelopmentExpenses": 0,
    "generalAndAdministrativeExpenses": 12584000000,
    "sellingAndMarketingExpenses": 449000000,
    "sellingGeneralAndAdministrativeExpenses": 13033000000,
    "otherExpenses": 3647000000,
    "operatingExpenses": 16680000000,
    "costAndExpenses": 22897000000,
    "interestIncome": 13992000000,
    "interestExpense": 4444000000,
    "depreciationAndAmortization": 763000000,
    "ebitda": 3910000000,
    "ebitdaratio": 0.1501305483,
    "operatingIncome": 3147000000,
    "operatingIncomeRatio": 0.1208339733,
    "totalOtherIncomeExpensesNet": 0,
    "incomeBeforeTax": 3147000000,
    "incomeBeforeTaxRatio": 0.1208339733,
    "incomeTaxExpense": 684000000,
    "netIncome": 2463000000,
    "netIncomeRatio": 0.0945707265,
    "eps": 0.19,
    "epsdiluted": 0.19,
    "weightedAverageShsOut": 10775695000,
    "weightedAverageShsOutDil": 11556011000,
    "link": "https://www.sec.gov/Archives/edgar/data/70858/000007085812000308/0000070858-12-000308-index.htm",
    "finalLink": "https://www.sec.gov/Archives/edgar/data/70858/000007085812000308/bac-6302012x10q.htm"
  },
  {
    "date": "2012-03-31",
    "symbol": "BAC",
    "reportedCurrency": "USD",
    "cik": "0000070858",
    "fillingDate": "2012-05-03",
    "acceptedDate": "2012-05-03 16:07:38",
    "calendarYear": "2012",
    "period": "Q1",
    "revenue": 26128000000,
    "costOfRevenue": 7033000000,
    "grossProfit": 19095000000,
    "grossProfitRatio": 0.7308251684,
    "researchAndDevelopmentExpenses": 0,
    "generalAndAdministrativeExpenses": 14565000000,
    "sellingAndMarketingExpenses": 465000000,
    "sellingGeneralAndAdministrativeExpenses": 15030000000,
    "otherExpenses": 3346000000,
    "operatingExpenses": 18376000000,
    "costAndExpenses": 25409000000,
    "interestIncome": 15461000000,
    "interestExpense": 4615000000,
    "depreciationAndAmortization": 787000000,
    "ebitda": 1506000000,
    "ebitdaratio": 0.0576393141,
    "operatingIncome": 719000000,
    "operatingIncomeRatio": 0.0275183711,
    "totalOtherIncomeExpensesNet": 0,
    "incomeBeforeTax": 719000000,
    "incomeBeforeTaxRatio": 0.0275183711,
    "incomeTaxExpense": 66000000,
    "netIncome": 653000000,
    "netIncomeRatio": 0.0249923454,
    "eps": 0.03,
    "epsdiluted": 0.03,
    "weightedAverageShsOut": 10651367000,
    "weightedAverageShsOutDil": 10761917000,
    "link": "https://www.sec.gov/Archives/edgar/data/70858/000007085812000191/0000070858-12-000191-index.htm",
    "finalLink": "https://www.sec.gov/Archives/edgar/data/70858/000007085812000191/bac-3312012x10q.htm"
  },
  {
    "date": "2011-12-31",
    "symbol": "BAC",
    "reportedCurrency": "USD",
    "cik": "0000070858",
    "fillingDate": "2012-02-23",
    "acceptedDate": "2012-02-23 16:13:53",
    "calendarYear": "2011",
    "period": "Q4",
    "revenue": 26155000000,
    "costOfRevenue": 7646000000,
    "grossProfit": 18509000000,
    "grossProfitRatio": 0.7076658383,
    "researchAndDevelopmentExpenses": 0,
    "generalAndAdministrativeExpenses": 5459000000,
    "sellingAndMarketingExpenses": 523000000,
    "sellingGeneralAndAdministrativeExpenses": 5982000000,
    "otherExpenses": 10095000000,
    "operatingExpenses": 16077000000,
    "costAndExpenses": 23723000000,
    "interestIncome": 15413000000,
    "interestExpense": 4712000000,
    "depreciationAndAmortization": 845000000,
    "ebitda": 3277000000,
    "ebitdaratio": 0.1252915313,
    "operatingIncome": 2432000000,
    "operatingIncomeRatio": 0.0929841331,
    "totalOtherIncomeExpensesNet": 0,
    "incomeBeforeTax": 2432000000,
    "incomeBeforeTaxRatio": 0.0929841331,
    "incomeTaxExpense": 441000000,
    "netIncome": 1991000000,
    "netIncomeRatio": 0.0761231122,
    "eps": 0.15,
    "epsdiluted": 0.15,
    "weightedAverageShsOut": 10281397000,
    "weightedAverageShsOutDil": 11124523000,
    "link": "https://www.sec.gov/Archives/edgar/data/70858/000007085812000155/0000070858-12-000155-index.htm",
    "finalLink": "https://www.sec.gov/Archives/edgar/data/70858/000007085812000155/bac-12312011x10k.htm"
  },
  {
    "date": "2011-09-30",
    "symbol": "BAC",
    "reportedCurrency": "USD",
    "cik": "0000070858",
    "fillingDate": "2011-11-03",
    "acceptedDate": "2011-11-03 16:07:19",
    "calendarYear": "2011",
    "period": "Q3",
    "revenue": 33901000000,
    "costOfRevenue": 8855000000,
    "grossProfit": 25046000000,
    "grossProfitRatio": 0.7387982655,
    "researchAndDevelopmentExpenses": 0,
    "generalAndAdministrativeExpenses": 13353000000,
    "sellingAndMarketingExpenses": 556000000,
    "sellingGeneralAndAdministrativeExpenses": 13909000000,
    "otherExpenses": 3704000000,
    "operatingExpenses": 17613000000,
    "costAndExpenses": 26468000000,
    "interestIncome": 15853000000,
    "interestExpense": 5363000000,
    "depreciationAndAmortization": 871000000,
    "ebitda": 8304000000,
    "ebitdaratio": 0.2449485266,
    "operatingIncome": 7433000000,
    "operatingIncomeRatio": 0.2192560691,
    "totalOtherIncomeExpensesNet": 0,
    "incomeBeforeTax": 7433000000,
    "incomeBeforeTaxRatio": 0.2192560691,
    "incomeTaxExpense": 1201000000,
    "netIncome": 6232000000,
    "netIncomeRatio": 0.1838293856,
    "eps": 0.58,
    "epsdiluted": 0.56,
    "weightedAverageShsOut": 10116284000,
    "weightedAverageShsOutDil": 10464395000,
    "link": "https://www.sec.gov/Archives/edgar/data/70858/000007085811000140/0000070858-11-000140-index.htm",
    "finalLink": "https://www.sec.gov/Archives/edgar/data/70858/000007085811000140/bac-9302011x10q.htm"
  },
  {
    "date": "2011-06-30",
    "symbol": "BAC",
    "reportedCurrency": "USD",
    "cik": "0000070858",
    "fillingDate": "2011-08-04",
    "acceptedDate": "2011-08-04 16:29:52",
    "calendarYear": "2011",
    "period": "Q2",
    "revenue": 17871000000,
    "costOfRevenue": 9057000000,
    "grossProfit": 8814000000,
    "grossProfitRatio": 0.4932012758,
    "researchAndDevelopmentExpenses": 0,
    "generalAndAdministrativeExpenses": 16548000000,
    "sellingAndMarketingExpenses": 560000000,
    "sellingGeneralAndAdministrativeExpenses": 17108000000,
    "otherExpenses": 4581000000,
    "operatingExpenses": 21689000000,
    "costAndExpenses": 30746000000,
    "interestIncome": 17048000000,
    "interestExpense": 5802000000,
    "depreciationAndAmortization": 877000000,
    "ebitda": -11998000000,
    "ebitdaratio": -0.6713670192,
    "operatingIncome": -12875000000,
    "operatingIncomeRatio": -0.7204409378,
    "totalOtherIncomeExpensesNet": 0,
    "incomeBeforeTax": -12875000000,
    "incomeBeforeTaxRatio": -0.7204409378,
    "incomeTaxExpense": -4049000000,
    "netIncome": -8826000000,
    "netIncomeRatio": -0.4938727547,
    "eps": -0.9,
    "epsdiluted": -0.9,
    "weightedAverageShsOut": 10094928000,
    "weightedAverageShsOutDil": 10094928000,
    "link": "https://www.sec.gov/Archives/edgar/data/70858/000095012311072937/0000950123-11-072937-index.htm",
    "finalLink": "https://www.sec.gov/Archives/edgar/data/70858/000095012311072937/g27236e10vq.htm"
  },
  {
    "date": "2011-03-31",
    "symbol": "BAC",
    "reportedCurrency": "USD",
    "cik": "0000070858",
    "fillingDate": "2011-05-05",
    "acceptedDate": "2011-05-05 15:53:07",
    "calendarYear": "2011",
    "period": "Q1",
    "revenue": 31233000000,
    "costOfRevenue": 9557000000,
    "grossProfit": 21676000000,
    "grossProfitRatio": 0.6940095412,
    "researchAndDevelopmentExpenses": 0,
    "generalAndAdministrativeExpenses": 16691000000,
    "sellingAndMarketingExpenses": 564000000,
    "sellingGeneralAndAdministrativeExpenses": 17255000000,
    "otherExpenses": 1641000000,
    "operatingExpenses": 18896000000,
    "costAndExpenses": 28453000000,
    "interestIncome": 17922000000,
    "interestExpense": 5743000000,
    "depreciationAndAmortization": 892000000,
    "ebitda": 3672000000,
    "ebitdaratio": 0.117567957,
    "operatingIncome": 2780000000,
    "operatingIncomeRatio": 0.0890084206,
    "totalOtherIncomeExpensesNet": 0,
    "incomeBeforeTax": 2780000000,
    "incomeBeforeTaxRatio": 0.0890084206,
    "incomeTaxExpense": 731000000,
    "netIncome": 2049000000,
    "netIncomeRatio": 0.0656036884,
    "eps": 0.17,
    "epsdiluted": 0.17,
    "weightedAverageShsOut": 10075875000,
    "weightedAverageShsOutDil": 10181351000,
    "link": "https://www.sec.gov/Archives/edgar/data/70858/000095012311045620/0000950123-11-045620-index.htm",
    "finalLink": "https://www.sec.gov/Archives/edgar/data/70858/000095012311045620/g26405e10vq.htm"
  },
  {
    "date": "2010-12-31",
    "symbol": "BAC",
    "reportedCurrency": "USD",
    "cik": "0000070858",
    "fillingDate": "2011-02-25",
    "acceptedDate": "2011-02-25 16:27:28",
    "calendarYear": "2010",
    "period": "Q4",
    "revenue": 41665000000,
    "costOfRevenue": 10980000000,
    "grossProfit": 30685000000,
    "grossProfitRatio": 0.7364694588,
    "researchAndDevelopmentExpenses": 0,
    "generalAndAdministrativeExpenses": 10928000000,
    "sellingAndMarketingExpenses": 484000000,
    "sellingGeneralAndAdministrativeExpenses": 11412000000,
    "otherExpenses": 22868000000,
    "operatingExpenses": 34280000000,
    "costAndExpenses": 45260000000,
    "interestIncome": 18290000000,
    "interestExpense": 5851000000,
    "depreciationAndAmortization": 950000000,
    "ebitda": -2645000000,
    "ebitdaratio": -0.0634825393,
    "operatingIncome": -3595000000,
    "operatingIncomeRatio": -0.0862834513,
    "totalOtherIncomeExpensesNet": 0,
    "incomeBeforeTax": -3595000000,
    "incomeBeforeTaxRatio": -0.0862834513,
    "incomeTaxExpense": -2351000000,
    "netIncome": -1244000000,
    "netIncomeRatio": -0.0298571943,
    "eps": -0.16,
    "epsdiluted": -0.16,
    "weightedAverageShsOut": 10036575000,
    "weightedAverageShsOutDil": 10036575000,
    "link": "https://www.sec.gov/Archives/edgar/data/70858/000095012311018743/0000950123-11-018743-index.htm",
    "finalLink": "https://www.sec.gov/Archives/edgar/data/70858/000095012311018743/g25571e10vk.htm"
  },
  {
    "date": "2010-09-30",
    "symbol": "BAC",
    "reportedCurrency": "USD",
    "cik": "0000070858",
    "fillingDate": "2010-11-05",
    "acceptedDate": "2010-11-05 13:44:37",
    "calendarYear": "2010",
    "period": "Q3",
    "revenue": 32240000000,
    "costOfRevenue": 11170000000,
    "grossProfit": 21070000000,
    "grossProfitRatio": 0.6535359801,
    "researchAndDevelopmentExpenses": 0,
    "generalAndAdministrativeExpenses": 13052000000,
    "sellingAndMarketingExpenses": 497000000,
    "sellingGeneralAndAdministrativeExpenses": 13549000000,
    "otherExpenses": 13433000000,
    "operatingExpenses": 26982000000,
    "costAndExpenses": 38152000000,
    "interestIncome": 18209000000,
    "interestExpense": 5774000000,
    "depreciationAndAmortization": 964000000,
    "ebitda": -4948000000,
    "ebitdaratio": -0.1534739454,
    "operatingIncome": -5912000000,
    "operatingIncomeRatio": -0.1833746898,
    "totalOtherIncomeExpensesNet": 0,
    "incomeBeforeTax": -5912000000,
    "incomeBeforeTaxRatio": -0.1833746898,
    "incomeTaxExpense": 1387000000,
    "netIncome": -7299000000,
    "netIncomeRatio": -0.2263957816,
    "eps": -0.77,
    "epsdiluted": -0.77,
    "weightedAverageShsOut": 9976351000,
    "weightedAverageShsOutDil": 9976351000,
    "link": "https://www.sec.gov/Archives/edgar/data/70858/000095012310101545/0000950123-10-101545-index.htm",
    "finalLink": "https://www.sec.gov/Archives/edgar/data/70858/000095012310101545/g24513e10vq.htm"
  },
  {
    "date": "2010-06-30",
    "symbol": "BAC",
    "reportedCurrency": "USD",
    "cik": "0000070858",
    "fillingDate": "2010-08-06",
    "acceptedDate": "2010-08-06 14:56:54",
    "calendarYear": "2010",
    "period": "Q2",
    "revenue": 32732000000,
    "costOfRevenue": 14324000000,
    "grossProfit": 18408000000,
    "grossProfitRatio": 0.5623854332,
    "researchAndDevelopmentExpenses": 0,
    "generalAndAdministrativeExpenses": 13372000000,
    "sellingAndMarketingExpenses": 495000000,
    "sellingGeneralAndAdministrativeExpenses": 13867000000,
    "otherExpenses": 746000000,
    "operatingExpenses": 14613000000,
    "costAndExpenses": 28937000000,
    "interestIncome": 19119000000,
    "interestExpense": 6219000000,
    "depreciationAndAmortization": 986000000,
    "ebitda": 4781000000,
    "ebitdaratio": 0.1460650128,
    "operatingIncome": 3795000000,
    "operatingIncomeRatio": 0.1159415862,
    "totalOtherIncomeExpensesNet": 0,
    "incomeBeforeTax": 3795000000,
    "incomeBeforeTaxRatio": 0.1159415862,
    "incomeTaxExpense": 672000000,
    "netIncome": 3123000000,
    "netIncomeRatio": 0.0954112184,
    "eps": 0.28,
    "epsdiluted": 0.27,
    "weightedAverageShsOut": 9956773000,
    "weightedAverageShsOutDil": 10029776000,
    "link": "https://www.sec.gov/Archives/edgar/data/70858/000095012310074181/0000950123-10-074181-index.htm",
    "finalLink": "https://www.sec.gov/Archives/edgar/data/70858/000095012310074181/g24023e10vq.htm"
  },
  {
    "date": "2010-03-31",
    "symbol": "BAC",
    "reportedCurrency": "USD",
    "cik": "0000070858",
    "fillingDate": "2010-05-07",
    "acceptedDate": "2010-05-07 07:49:12",
    "calendarYear": "2010",
    "period": "Q1",
    "revenue": 38075000000,
    "costOfRevenue": 15935000000,
    "grossProfit": 22140000000,
    "grossProfitRatio": 0.5814839133,
    "researchAndDevelopmentExpenses": 0,
    "generalAndAdministrativeExpenses": 14019000000,
    "sellingAndMarketingExpenses": 487000000,
    "sellingGeneralAndAdministrativeExpenses": 14506000000,
    "otherExpenses": 3245000000,
    "operatingExpenses": 17751000000,
    "costAndExpenses": 33686000000,
    "interestIncome": 19879000000,
    "interestExpense": 6130000000,
    "depreciationAndAmortization": 1012000000,
    "ebitda": 5401000000,
    "ebitdaratio": 0.1418516087,
    "operatingIncome": 4389000000,
    "operatingIncomeRatio": 0.1152724885,
    "totalOtherIncomeExpensesNet": 0,
    "incomeBeforeTax": 4389000000,
    "incomeBeforeTaxRatio": 0.1152724885,
    "incomeTaxExpense": 1207000000,
    "netIncome": 3182000000,
    "netIncomeRatio": 0.0835718976,
    "eps": 0.28,
    "epsdiluted": 0.28,
    "weightedAverageShsOut": 9177468000,
    "weightedAverageShsOutDil": 10005254000,
    "link": "https://www.sec.gov/Archives/edgar/data/70858/000119312510111878/0001193125-10-111878-index.htm",
    "finalLink": "https://www.sec.gov/Archives/edgar/data/70858/000119312510111878/d10q.htm"
  },
  {
    "date": "2009-12-31",
    "symbol": "BAC",
    "reportedCurrency": "USD",
    "cik": "0000070858",
    "fillingDate": "2010-02-26",
    "acceptedDate": "2010-02-26 07:51:04",
    "calendarYear": "2009",
    "period": "Q4",
    "revenue": 26942000000,
    "costOfRevenue": 16196000000,
    "grossProfit": 10746000000,
    "grossProfitRatio": 0.3988568035,
    "researchAndDevelopmentExpenses": 0,
    "generalAndAdministrativeExpenses": 7923000000,
    "sellingAndMarketingExpenses": 443000000,
    "sellingGeneralAndAdministrativeExpenses": 8366000000,
    "otherExpenses": 3799000000,
    "operatingExpenses": 12165000000,
    "costAndExpenses": 28361000000,
    "interestIncome": 17645000000,
    "interestExpense": 6086000000,
    "depreciationAndAmortization": 1013000000,
    "ebitda": -406000000,
    "ebitdaratio": -0.0150694084,
    "operatingIncome": -1419000000,
    "operatingIncomeRatio": -0.0526686957,
    "totalOtherIncomeExpensesNet": 0,
    "incomeBeforeTax": -1419000000,
    "incomeBeforeTaxRatio": -0.0526686957,
    "incomeTaxExpense": -1225000000,
    "netIncome": -194000000,
    "netIncomeRatio": -0.0072006533,
    "eps": -0.6,
    "epsdiluted": -0.6,
    "weightedAverageShsOut": 8634565000,
    "weightedAverageShsOutDil": 8634565000,
    "link": "https://www.sec.gov/Archives/edgar/data/70858/000119312510041666/0001193125-10-041666-index.htm",
    "finalLink": "https://www.sec.gov/Archives/edgar/data/70858/000119312510041666/d10k.htm"
  },
  {
    "date": "2009-09-30",
    "symbol": "BAC",
    "reportedCurrency": "USD",
    "cik": "0000070858",
    "fillingDate": "2009-11-06",
    "acceptedDate": "2009-11-06 17:07:00",
    "calendarYear": "2009",
    "period": "Q3",
    "revenue": 33371000000,
    "costOfRevenue": 18805000000,
    "grossProfit": 14566000000,
    "grossProfitRatio": 0.4364867699,
    "researchAndDevelopmentExpenses": 0,
    "generalAndAdministrativeExpenses": 12333000000,
    "sellingAndMarketingExpenses": 470000000,
    "sellingGeneralAndAdministrativeExpenses": 12803000000,
    "otherExpenses": 3739000000,
    "operatingExpenses": 16542000000,
    "costAndExpenses": 35347000000,
    "interestIncome": 18523000000,
    "interestExpense": 7100000000,
    "depreciationAndAmortization": 1096000000,
    "ebitda": -880000000,
    "ebitdaratio": -0.0263702017,
    "operatingIncome": -1976000000,
    "operatingIncomeRatio": -0.0592130892,
    "totalOtherIncomeExpensesNet": 0,
    "incomeBeforeTax": -1976000000,
    "incomeBeforeTaxRatio": -0.0592130892,
    "incomeTaxExpense": -975000000,
    "netIncome": -1001000000,
    "netIncomeRatio": -0.0299961044,
    "eps": -0.26,
    "epsdiluted": -0.26,
    "weightedAverageShsOut": 8633834000,
    "weightedAverageShsOutDil": 8633834000,
    "link": "https://www.sec.gov/Archives/edgar/data/70858/000119312509227720/0001193125-09-227720-index.htm",
    "finalLink": "https://www.sec.gov/Archives/edgar/data/70858/000119312509227720/d10q.htm"
  },
  {
    "date": "2009-06-30",
    "symbol": "BAC",
    "reportedCurrency": "USD",
    "cik": "0000070858",
    "fillingDate": "2009-08-07",
    "acceptedDate": "2009-08-07 14:56:02",
    "calendarYear": "2009",
    "period": "Q2",
    "revenue": 35819000000,
    "costOfRevenue": 21337000000,
    "grossProfit": 14482000000,
    "grossProfitRatio": 0.4043105614,
    "researchAndDevelopmentExpenses": 0,
    "generalAndAdministrativeExpenses": 12797000000,
    "sellingAndMarketingExpenses": 499000000,
    "sellingGeneralAndAdministrativeExpenses": 13296000000,
    "otherExpenses": -1193000000,
    "operatingExpenses": 12103000000,
    "costAndExpenses": 33440000000,
    "interestIncome": 19592000000,
    "interestExpense": 7962000000,
    "depreciationAndAmortization": 1107000000,
    "ebitda": 3486000000,
    "ebitdaratio": 0.09732265,
    "operatingIncome": 2379000000,
    "operatingIncomeRatio": 0.0664172646,
    "totalOtherIncomeExpensesNet": 0,
    "incomeBeforeTax": 2379000000,
    "incomeBeforeTaxRatio": 0.0664172646,
    "incomeTaxExpense": -845000000,
    "netIncome": 3224000000,
    "netIncomeRatio": 0.0900080963,
    "eps": 0.33,
    "epsdiluted": 0.33,
    "weightedAverageShsOut": 7241515000,
    "weightedAverageShsOutDil": 7269518000,
    "link": "https://www.sec.gov/Archives/edgar/data/70858/000119312509168935/0001193125-09-168935-index.htm",
    "finalLink": "https://www.sec.gov/Archives/edgar/data/70858/000119312509168935/d10q.htm"
  },
  {
    "date": "2009-03-31",
    "symbol": "BAC",
    "reportedCurrency": "USD",
    "cik": "0000070858",
    "fillingDate": "2009-05-07",
    "acceptedDate": "2009-05-07 16:06:51",
    "calendarYear": "2009",
    "period": "Q1",
    "revenue": 44586000000,
    "costOfRevenue": 23039000000,
    "grossProfit": 21547000000,
    "grossProfitRatio": 0.4832682905,
    "researchAndDevelopmentExpenses": 0,
    "generalAndAdministrativeExpenses": 13041000000,
    "sellingAndMarketingExpenses": 521000000,
    "sellingGeneralAndAdministrativeExpenses": 13562000000,
    "otherExpenses": 2609000000,
    "operatingExpenses": 16171000000,
    "costAndExpenses": 39210000000,
    "interestIncome": 22156000000,
    "interestExpense": 9659000000,
    "depreciationAndAmortization": 1098000000,
    "ebitda": 6474000000,
    "ebitdaratio": 0.1452025299,
    "operatingIncome": 5376000000,
    "operatingIncomeRatio": 0.1205759655,
    "totalOtherIncomeExpensesNet": 0,
    "incomeBeforeTax": 5376000000,
    "incomeBeforeTaxRatio": 0.1205759655,
    "incomeTaxExpense": 1129000000,
    "netIncome": 4247000000,
    "netIncomeRatio": 0.0952541156,
    "eps": 0.44,
    "epsdiluted": 0.44,
    "weightedAverageShsOut": 6370815000,
    "weightedAverageShsOutDil": 6393407000,
    "link": "https://www.sec.gov/Archives/edgar/data/70858/000119312509103338/0001193125-09-103338-index.htm",
    "finalLink": "https://www.sec.gov/Archives/edgar/data/70858/000119312509103338/d10q.htm"
  },
  {
    "date": "2008-12-31",
    "symbol": "BAC",
    "reportedCurrency": "USD",
    "cik": "0000070858",
    "fillingDate": "2009-02-27",
    "acceptedDate": "2009-02-27 16:56:02",
    "calendarYear": "2008",
    "period": "Q4",
    "revenue": 21433000000,
    "costOfRevenue": 17031000000,
    "grossProfit": 4402000000,
    "grossProfitRatio": 0.2053842206,
    "researchAndDevelopmentExpenses": 0,
    "generalAndAdministrativeExpenses": 11523000000,
    "sellingAndMarketingExpenses": 555000000,
    "sellingGeneralAndAdministrativeExpenses": 12078000000,
    "otherExpenses": -3874000000,
    "operatingExpenses": 8204000000,
    "costAndExpenses": 25235000000,
    "interestIncome": 21602000000,
    "interestExpense": 8496000000,
    "depreciationAndAmortization": 888000000,
    "ebitda": -2914000000,
    "ebitdaratio": -0.1359585686,
    "operatingIncome": -3802000000,
    "operatingIncomeRatio": -0.1773900061,
    "totalOtherIncomeExpensesNet": 0,
    "incomeBeforeTax": -3802000000,
    "incomeBeforeTaxRatio": -0.1773900061,
    "incomeTaxExpense": -2013000000,
    "netIncome": -1789000000,
    "netIncomeRatio": -0.0834694163,
    "eps": -0.48,
    "epsdiluted": -0.48,
    "weightedAverageShsOut": 4957049000,
    "weightedAverageShsOutDil": 7327993500,
    "link": "https://www.sec.gov/Archives/edgar/data/70858/000119312509041126/0001193125-09-041126-index.htm",
    "finalLink": "https://www.sec.gov/Archives/edgar/data/70858/000119312509041126/d10k.htm"
  },
  {
    "date": "2008-09-30",
    "symbol": "BAC",
    "reportedCurrency": "USD",
    "cik": "0000070858",
    "fillingDate": "2008-11-06",
    "acceptedDate": "2008-11-06 17:02:08",
    "calendarYear": "2008",
    "period": "Q3",
    "revenue": 31413000000,
    "costOfRevenue": 17004000000,
    "grossProfit": 14409000000,
    "grossProfitRatio": 0.4586954446,
    "researchAndDevelopmentExpenses": 0,
    "generalAndAdministrativeExpenses": 8554000000,
    "sellingAndMarketingExpenses": 605000000,
    "sellingGeneralAndAdministrativeExpenses": 9159000000,
    "otherExpenses": 3739000000,
    "operatingExpenses": 12898000000,
    "costAndExpenses": 29902000000,
    "interestIncome": 22196000000,
    "interestExpense": 10554000000,
    "depreciationAndAmortization": 862000000,
    "ebitda": 2373000000,
    "ebitdaratio": 0.0755419731,
    "operatingIncome": 1511000000,
    "operatingIncomeRatio": 0.0481011046,
    "totalOtherIncomeExpensesNet": 0,
    "incomeBeforeTax": 1511000000,
    "incomeBeforeTaxRatio": 0.0481011046,
    "incomeTaxExpense": 334000000,
    "netIncome": 1177000000,
    "netIncomeRatio": 0.037468564,
    "eps": 0.15,
    "epsdiluted": 0.16,
    "weightedAverageShsOut": 4543963000,
    "weightedAverageShsOutDil": 7327993500,
    "link": "https://www.sec.gov/Archives/edgar/data/70858/000119312508228086/0001193125-08-228086-index.htm",
    "finalLink": "https://www.sec.gov/Archives/edgar/data/70858/000119312508228086/d10q.htm"
  },
  {
    "date": "2008-06-30",
    "symbol": "BAC",
    "reportedCurrency": "USD",
    "cik": "0000070858",
    "fillingDate": "2008-08-07",
    "acceptedDate": "2008-08-07 16:07:25",
    "calendarYear": "2008",
    "period": "Q2",
    "revenue": 29721000000,
    "costOfRevenue": 15236000000,
    "grossProfit": 14485000000,
    "grossProfitRatio": 0.4873658356,
    "researchAndDevelopmentExpenses": 0,
    "generalAndAdministrativeExpenses": 4420000000,
    "sellingAndMarketingExpenses": 571000000,
    "sellingGeneralAndAdministrativeExpenses": 4991000000,
    "otherExpenses": 4573000000,
    "operatingExpenses": 9564000000,
    "costAndExpenses": 24800000000,
    "interestIncome": 20027000000,
    "interestExpense": 9406000000,
    "depreciationAndAmortization": 795000000,
    "ebitda": 5716000000,
    "ebitdaratio": 0.1923219273,
    "operatingIncome": 4921000000,
    "operatingIncomeRatio": 0.1655731638,
    "totalOtherIncomeExpensesNet": 0,
    "incomeBeforeTax": 4921000000,
    "incomeBeforeTaxRatio": 0.1655731638,
    "incomeTaxExpense": 1511000000,
    "netIncome": 3410000000,
    "netIncomeRatio": 0.11473369,
    "eps": 0.73,
    "epsdiluted": 0.47,
    "weightedAverageShsOut": 4435719000,
    "weightedAverageShsOutDil": 7327993500,
    "link": "https://www.sec.gov/Archives/edgar/data/70858/000119312508170071/0001193125-08-170071-index.htm",
    "finalLink": "https://www.sec.gov/Archives/edgar/data/70858/000119312508170071/d10q.htm"
  },
  {
    "date": "2008-03-31",
    "symbol": "BAC",
    "reportedCurrency": "USD",
    "cik": "0000070858",
    "fillingDate": "2008-05-08",
    "acceptedDate": "2008-05-08 16:50:56",
    "calendarYear": "2008",
    "period": "Q1",
    "revenue": 28871000000,
    "costOfRevenue": 17878000000,
    "grossProfit": 10993000000,
    "grossProfitRatio": 0.3807627031,
    "researchAndDevelopmentExpenses": 0,
    "generalAndAdministrativeExpenses": 4726000000,
    "sellingAndMarketingExpenses": 637000000,
    "sellingGeneralAndAdministrativeExpenses": 5363000000,
    "otherExpenses": 3832000000,
    "operatingExpenses": 9195000000,
    "costAndExpenses": 27073000000,
    "interestIncome": 21859000000,
    "interestExpense": 11868000000,
    "depreciationAndAmortization": 774000000,
    "ebitda": 2572000000,
    "ebitdaratio": 0.089085934,
    "operatingIncome": 1798000000,
    "operatingIncomeRatio": 0.0622770254,
    "totalOtherIncomeExpensesNet": 0,
    "incomeBeforeTax": 1798000000,
    "incomeBeforeTaxRatio": 0.0622770254,
    "incomeTaxExpense": 588000000,
    "netIncome": 1210000000,
    "netIncomeRatio": 0.0419105677,
    "eps": 0.23,
    "epsdiluted": 0.17,
    "weightedAverageShsOut": 4427823000,
    "weightedAverageShsOutDil": 7327993500,
    "link": "https://www.sec.gov/Archives/edgar/data/70858/000119312508107941/0001193125-08-107941-index.htm",
    "finalLink": "https://www.sec.gov/Archives/edgar/data/70858/000119312508107941/d10q.htm"
  },
  {
    "date": "2007-12-31",
    "symbol": "BAC",
    "reportedCurrency": "USD",
    "cik": "0000070858",
    "fillingDate": "2008-02-28",
    "acceptedDate": "2008-02-28 15:41:45",
    "calendarYear": "2007",
    "period": "Q4",
    "revenue": 22923000000,
    "costOfRevenue": 17625000000,
    "grossProfit": 5298000000,
    "grossProfitRatio": 0.2311215809,
    "researchAndDevelopmentExpenses": 0,
    "generalAndAdministrativeExpenses": 10059000000,
    "sellingAndMarketingExpenses": 712000000,
    "sellingGeneralAndAdministrativeExpenses": 10771000000,
    "otherExpenses": -4558000000,
    "operatingExpenses": 6213000000,
    "costAndExpenses": 23838000000,
    "interestIncome": 23479000000,
    "interestExpense": 14315000000,
    "depreciationAndAmortization": 799000000,
    "ebitda": -116000000,
    "ebitdaratio": -0.0050604197,
    "operatingIncome": -915000000,
    "operatingIncomeRatio": -0.0399162413,
    "totalOtherIncomeExpensesNet": 0,
    "incomeBeforeTax": -915000000,
    "incomeBeforeTaxRatio": -0.0399162413,
    "incomeTaxExpense": -1183000000,
    "netIncome": 268000000,
    "netIncomeRatio": 0.0116913144,
    "eps": 0.0486,
    "epsdiluted": 0.0366,
    "weightedAverageShsOut": 4427823000,
    "weightedAverageShsOutDil": 7327993500,
    "link": "https://www.sec.gov/Archives/edgar/data/70858/000119312508041665/0001193125-08-041665-index.htm",
    "finalLink": "https://www.sec.gov/Archives/edgar/data/70858/000119312508041665/d10k.htm"
  },
  {
    "date": "2007-09-30",
    "symbol": "BAC",
    "reportedCurrency": "USD",
    "cik": "0000070858",
    "fillingDate": "2007-11-09",
    "acceptedDate": "2007-11-09 14:16:24",
    "calendarYear": "2007",
    "period": "Q3",
    "revenue": 29513000000,
    "costOfRevenue": 15448000000,
    "grossProfit": 14065000000,
    "grossProfitRatio": 0.4765696473,
    "researchAndDevelopmentExpenses": 0,
    "generalAndAdministrativeExpenses": 4169000000,
    "sellingAndMarketingExpenses": 552000000,
    "sellingGeneralAndAdministrativeExpenses": 4721000000,
    "otherExpenses": 3988000000,
    "operatingExpenses": 8709000000,
    "costAndExpenses": 24157000000,
    "interestIncome": 22033000000,
    "interestExpense": 13418000000,
    "depreciationAndAmortization": 710000000,
    "ebitda": 6066000000,
    "ebitdaratio": 0.2055365432,
    "operatingIncome": 5356000000,
    "operatingIncomeRatio": 0.1814793481,
    "totalOtherIncomeExpensesNet": 0,
    "incomeBeforeTax": 5356000000,
    "incomeBeforeTaxRatio": 0.1814793481,
    "incomeTaxExpense": 1658000000,
    "netIncome": 3698000000,
    "netIncomeRatio": 0.1253007149,
    "eps": 0.83,
    "epsdiluted": 0.5,
    "weightedAverageShsOut": 4420616000,
    "weightedAverageShsOutDil": 7327993500,
    "link": "https://www.sec.gov/Archives/edgar/data/70858/000119312507242080/0001193125-07-242080-index.htm",
    "finalLink": "https://www.sec.gov/Archives/edgar/data/70858/000119312507242080/d10q.htm"
  },
  {
    "date": "2007-06-30",
    "symbol": "BAC",
    "reportedCurrency": "USD",
    "cik": "0000070858",
    "fillingDate": "2007-08-08",
    "acceptedDate": "2007-08-08 16:15:45",
    "calendarYear": "2007",
    "period": "Q2",
    "revenue": 32468000000,
    "costOfRevenue": 14653000000,
    "grossProfit": 17815000000,
    "grossProfitRatio": 0.5486940988,
    "researchAndDevelopmentExpenses": 0,
    "generalAndAdministrativeExpenses": 4737000000,
    "sellingAndMarketingExpenses": 537000000,
    "sellingGeneralAndAdministrativeExpenses": 5274000000,
    "otherExpenses": 3881000000,
    "operatingExpenses": 9155000000,
    "costAndExpenses": 23808000000,
    "interestIncome": 21232000000,
    "interestExpense": 12843000000,
    "depreciationAndAmortization": 671000000,
    "ebitda": 9331000000,
    "ebitdaratio": 0.2873906616,
    "operatingIncome": 8660000000,
    "operatingIncomeRatio": 0.2667241592,
    "totalOtherIncomeExpensesNet": 0,
    "incomeBeforeTax": 8660000000,
    "incomeBeforeTaxRatio": 0.2667241592,
    "incomeTaxExpense": 2899000000,
    "netIncome": 5761000000,
    "netIncomeRatio": 0.1774362449,
    "eps": 1.29,
    "epsdiluted": 0.79,
    "weightedAverageShsOut": 4419246000,
    "weightedAverageShsOutDil": 7327993500,
    "link": "https://www.sec.gov/Archives/edgar/data/70858/000119312507175583/0001193125-07-175583-index.htm",
    "finalLink": "https://www.sec.gov/Archives/edgar/data/70858/000119312507175583/d10q.htm"
  },
  {
    "date": "2007-03-31",
    "symbol": "BAC",
    "reportedCurrency": "USD",
    "cik": "0000070858",
    "fillingDate": "2007-05-09",
    "acceptedDate": "2007-05-09 16:22:00",
    "calendarYear": "2007",
    "period": "Q1",
    "revenue": 30447000000,
    "costOfRevenue": 13527000000,
    "grossProfit": 16920000000,
    "grossProfitRatio": 0.5557197753,
    "researchAndDevelopmentExpenses": 0,
    "generalAndAdministrativeExpenses": 5025000000,
    "sellingAndMarketingExpenses": 555000000,
    "sellingGeneralAndAdministrativeExpenses": 5580000000,
    "otherExpenses": 3517000000,
    "operatingExpenses": 9097000000,
    "costAndExpenses": 22624000000,
    "interestIncome": 20560000000,
    "interestExpense": 12292000000,
    "depreciationAndAmortization": 664000000,
    "ebitda": 8487000000,
    "ebitdaratio": 0.2787466745,
    "operatingIncome": 7823000000,
    "operatingIncomeRatio": 0.2569382862,
    "totalOtherIncomeExpensesNet": 0,
    "incomeBeforeTax": 7823000000,
    "incomeBeforeTaxRatio": 0.2569382862,
    "incomeTaxExpense": 2568000000,
    "netIncome": 5255000000,
    "netIncomeRatio": 0.1725950011,
    "eps": 1.18,
    "epsdiluted": 0.72,
    "weightedAverageShsOut": 4432664000,
    "weightedAverageShsOutDil": 7327993500,
    "link": "https://www.sec.gov/Archives/edgar/data/70858/000119312507108222/0001193125-07-108222-index.htm",
    "finalLink": "https://www.sec.gov/Archives/edgar/data/70858/000119312507108222/d10q.htm"
  },
  {
    "date": "2006-12-31",
    "symbol": "BAC",
    "reportedCurrency": "USD",
    "cik": "0000070858",
    "fillingDate": "2007-02-28",
    "acceptedDate": "2007-02-28 10:31:30",
    "calendarYear": "2006",
    "period": "Q4",
    "revenue": 27189000000,
    "costOfRevenue": 13462000000,
    "grossProfit": 13727000000,
    "grossProfitRatio": 0.5048732943,
    "researchAndDevelopmentExpenses": 0,
    "generalAndAdministrativeExpenses": 9024000000,
    "sellingAndMarketingExpenses": 623000000,
    "sellingGeneralAndAdministrativeExpenses": 9647000000,
    "otherExpenses": -3743000000,
    "operatingExpenses": 5904000000,
    "costAndExpenses": 19366000000,
    "interestIncome": 20491000000,
    "interestExpense": 11892000000,
    "depreciationAndAmortization": 712000000,
    "ebitda": 8535000000,
    "ebitdaratio": 0.3139137151,
    "operatingIncome": 7823000000,
    "operatingIncomeRatio": 0.2877266542,
    "totalOtherIncomeExpensesNet": 0,
    "incomeBeforeTax": 7823000000,
    "incomeBeforeTaxRatio": 0.2877266542,
    "incomeTaxExpense": 2567000000,
    "netIncome": 5256000000,
    "netIncomeRatio": 0.1933134724,
    "eps": 1.18,
    "epsdiluted": 0.72,
    "weightedAverageShsOut": 4432664000,
    "weightedAverageShsOutDil": 7327993500,
    "link": "https://www.sec.gov/Archives/edgar/data/70858/000119312507042036/0001193125-07-042036-index.htm",
    "finalLink": "https://www.sec.gov/Archives/edgar/data/70858/000119312507042036/d10k.htm"
  },
  {
    "date": "2006-09-30",
    "symbol": "BAC",
    "reportedCurrency": "USD",
    "cik": "0000070858",
    "fillingDate": "2006-11-08",
    "acceptedDate": "2006-11-08 17:24:39",
    "calendarYear": "2006",
    "period": "Q3",
    "revenue": 30270000000,
    "costOfRevenue": 13251000000,
    "grossProfit": 17019000000,
    "grossProfitRatio": 0.5622398414,
    "researchAndDevelopmentExpenses": 0,
    "generalAndAdministrativeExpenses": 4474000000,
    "sellingAndMarketingExpenses": 587000000,
    "sellingGeneralAndAdministrativeExpenses": 5061000000,
    "otherExpenses": 3802000000,
    "operatingExpenses": 8863000000,
    "costAndExpenses": 22114000000,
    "interestIncome": 20672000000,
    "interestExpense": 12086000000,
    "depreciationAndAmortization": 719000000,
    "ebitda": 8875000000,
    "ebitdaratio": 0.2931945821,
    "operatingIncome": 8156000000,
    "operatingIncomeRatio": 0.2694416914,
    "totalOtherIncomeExpensesNet": 0,
    "incomeBeforeTax": 8156000000,
    "incomeBeforeTaxRatio": 0.2694416914,
    "incomeTaxExpense": 2740000000,
    "netIncome": 5416000000,
    "netIncomeRatio": 0.1789230261,
    "eps": 1.2,
    "epsdiluted": 0.74,
    "weightedAverageShsOut": 4499704000,
    "weightedAverageShsOutDil": 7327993500,
    "link": "https://www.sec.gov/Archives/edgar/data/70858/000119312506228580/0001193125-06-228580-index.htm",
    "finalLink": "https://www.sec.gov/Archives/edgar/data/70858/000119312506228580/d10q.htm"
  },
  {
    "date": "2006-06-30",
    "symbol": "BAC",
    "reportedCurrency": "USD",
    "cik": "0000070858",
    "fillingDate": "2006-08-08",
    "acceptedDate": "2006-08-08 13:38:27",
    "calendarYear": "2006",
    "period": "Q2",
    "revenue": 28886000000,
    "costOfRevenue": 11672000000,
    "grossProfit": 17214000000,
    "grossProfitRatio": 0.5959288237,
    "researchAndDevelopmentExpenses": 0,
    "generalAndAdministrativeExpenses": 4480000000,
    "sellingAndMarketingExpenses": 551000000,
    "sellingGeneralAndAdministrativeExpenses": 5031000000,
    "otherExpenses": 3686000000,
    "operatingExpenses": 8717000000,
    "costAndExpenses": 20389000000,
    "interestIncome": 19297000000,
    "interestExpense": 10667000000,
    "depreciationAndAmortization": 720000000,
    "ebitda": 9217000000,
    "ebitdaratio": 0.3190819082,
    "operatingIncome": 8497000000,
    "operatingIncomeRatio": 0.2941563387,
    "totalOtherIncomeExpensesNet": 0,
    "incomeBeforeTax": 8497000000,
    "incomeBeforeTaxRatio": 0.2941563387,
    "incomeTaxExpense": 3022000000,
    "netIncome": 5475000000,
    "netIncomeRatio": 0.1895381846,
    "eps": 1.21,
    "epsdiluted": 0.75,
    "weightedAverageShsOut": 4534627000,
    "weightedAverageShsOutDil": 7327993500,
    "link": "https://www.sec.gov/Archives/edgar/data/70858/000119312506165337/0001193125-06-165337-index.htm",
    "finalLink": "https://www.sec.gov/Archives/edgar/data/70858/000119312506165337/d10q.htm"
  },
  {
    "date": "2006-03-31",
    "symbol": "BAC",
    "reportedCurrency": "USD",
    "cik": "0000070858",
    "fillingDate": "2006-05-09",
    "acceptedDate": "2006-05-09 16:12:18",
    "calendarYear": "2006",
    "period": "Q1",
    "revenue": 27040000000,
    "costOfRevenue": 10619000000,
    "grossProfit": 16421000000,
    "grossProfitRatio": 0.607285503,
    "researchAndDevelopmentExpenses": 0,
    "generalAndAdministrativeExpenses": 4813000000,
    "sellingAndMarketingExpenses": 575000000,
    "sellingGeneralAndAdministrativeExpenses": 5388000000,
    "otherExpenses": 3536000000,
    "operatingExpenses": 8924000000,
    "costAndExpenses": 19543000000,
    "interestIncome": 18125000000,
    "interestExpense": 9349000000,
    "depreciationAndAmortization": 718000000,
    "ebitda": 8215000000,
    "ebitdaratio": 0.3038091716,
    "operatingIncome": 7497000000,
    "operatingIncomeRatio": 0.2772559172,
    "totalOtherIncomeExpensesNet": 0,
    "incomeBeforeTax": 7497000000,
    "incomeBeforeTaxRatio": 0.2772559172,
    "incomeTaxExpense": 2511000000,
    "netIncome": 4986000000,
    "netIncomeRatio": 0.1843934911,
    "eps": 1.08,
    "epsdiluted": 0.68,
    "weightedAverageShsOut": 4609481000,
    "weightedAverageShsOutDil": 7327993500,
    "link": "https://www.sec.gov/Archives/edgar/data/70858/000119312506105418/0001193125-06-105418-index.htm",
    "finalLink": "https://www.sec.gov/Archives/edgar/data/70858/000119312506105418/d10q.htm"
  },
  {
    "date": "2005-12-31",
    "symbol": "BAC",
    "reportedCurrency": "USD",
    "cik": "0000070858",
    "fillingDate": "2006-03-16",
    "acceptedDate": "2006-03-16 10:48:00",
    "calendarYear": "2005",
    "period": "Q4",
    "revenue": 22050000000,
    "costOfRevenue": 9932000000,
    "grossProfit": 12118000000,
    "grossProfitRatio": 0.549569161,
    "researchAndDevelopmentExpenses": 0,
    "generalAndAdministrativeExpenses": 3845000000,
    "sellingAndMarketingExpenses": 265000000,
    "sellingGeneralAndAdministrativeExpenses": 4110000000,
    "otherExpenses": 3210000000,
    "operatingExpenses": 7320000000,
    "costAndExpenses": 17252000000,
    "interestIncome": 15973000000,
    "interestExpense": 8532000000,
    "depreciationAndAmortization": 439000000,
    "ebitda": 5237000000,
    "ebitdaratio": 0.2375056689,
    "operatingIncome": 4798000000,
    "operatingIncomeRatio": 0.2175963719,
    "totalOtherIncomeExpensesNet": 0,
    "incomeBeforeTax": 4798000000,
    "incomeBeforeTaxRatio": 0.2175963719,
    "incomeTaxExpense": 1451000000,
    "netIncome": 3347000000,
    "netIncomeRatio": 0.1517913832,
    "eps": 0.73,
    "epsdiluted": 0.46,
    "weightedAverageShsOut": 4609481000,
    "weightedAverageShsOutDil": 7327993500,
    "link": "https://www.sec.gov/Archives/edgar/data/70858/000119312506056053/0001193125-06-056053-index.htm",
    "finalLink": "https://www.sec.gov/Archives/edgar/data/70858/000119312506056053/d10k.htm"
  },
  {
    "date": "2005-09-30",
    "symbol": "BAC",
    "reportedCurrency": "USD",
    "cik": "0000070858",
    "fillingDate": "2005-11-09",
    "acceptedDate": "2005-11-08 18:53:32",
    "calendarYear": "2005",
    "period": "Q3",
    "revenue": 21650000000,
    "costOfRevenue": 8629000000,
    "grossProfit": 13021000000,
    "grossProfitRatio": 0.6014318707,
    "researchAndDevelopmentExpenses": 0,
    "generalAndAdministrativeExpenses": 3837000000,
    "sellingAndMarketingExpenses": 307000000,
    "sellingGeneralAndAdministrativeExpenses": 4144000000,
    "otherExpenses": 3141000000,
    "operatingExpenses": 7285000000,
    "costAndExpenses": 15914000000,
    "interestIncome": 15205000000,
    "interestExpense": 7470000000,
    "depreciationAndAmortization": 439000000,
    "ebitda": 6175000000,
    "ebitdaratio": 0.2852193995,
    "operatingIncome": 5736000000,
    "operatingIncomeRatio": 0.2649422633,
    "totalOtherIncomeExpensesNet": 0,
    "incomeBeforeTax": 5736000000,
    "incomeBeforeTaxRatio": 0.2649422633,
    "incomeTaxExpense": 1895000000,
    "netIncome": 3841000000,
    "netIncomeRatio": 0.1774133949,
    "eps": 0.96,
    "epsdiluted": 0.52,
    "weightedAverageShsOut": 4000573000,
    "weightedAverageShsOutDil": 7327993500,
    "link": "https://www.sec.gov/Archives/edgar/data/70858/000119312505220080/0001193125-05-220080-index.htm",
    "finalLink": "https://www.sec.gov/Archives/edgar/data/70858/000119312505220080/d10q.htm"
  },
  {
    "date": "2005-06-30",
    "symbol": "BAC",
    "reportedCurrency": "USD",
    "cik": "0000070858",
    "fillingDate": "2005-08-08",
    "acceptedDate": "2005-08-08 16:45:52",
    "calendarYear": "2005",
    "period": "Q2",
    "revenue": 21547000000,
    "costOfRevenue": 7505000000,
    "grossProfit": 14042000000,
    "grossProfitRatio": 0.6516916508,
    "researchAndDevelopmentExpenses": 0,
    "generalAndAdministrativeExpenses": 3671000000,
    "sellingAndMarketingExpenses": 346000000,
    "sellingGeneralAndAdministrativeExpenses": 4017000000,
    "otherExpenses": 3002000000,
    "operatingExpenses": 7019000000,
    "costAndExpenses": 14524000000,
    "interestIncome": 14267000000,
    "interestExpense": 6630000000,
    "depreciationAndAmortization": 442000000,
    "ebitda": 7465000000,
    "ebitdaratio": 0.3464519423,
    "operatingIncome": 7023000000,
    "operatingIncomeRatio": 0.3259386458,
    "totalOtherIncomeExpensesNet": 0,
    "incomeBeforeTax": 7023000000,
    "incomeBeforeTaxRatio": 0.3259386458,
    "incomeTaxExpense": 2366000000,
    "netIncome": 4657000000,
    "netIncomeRatio": 0.2161321762,
    "eps": 1.16,
    "epsdiluted": 0.64,
    "weightedAverageShsOut": 4005356000,
    "weightedAverageShsOutDil": 7327993500,
    "link": "https://www.sec.gov/Archives/edgar/data/70858/000119312505160844/0001193125-05-160844-index.htm",
    "finalLink": "https://www.sec.gov/Archives/edgar/data/70858/000119312505160844/d10q.htm"
  },
  {
    "date": "2005-03-31",
    "symbol": "BAC",
    "reportedCurrency": "USD",
    "cik": "0000070858",
    "fillingDate": "2005-05-06",
    "acceptedDate": "2005-05-06 17:20:10",
    "calendarYear": "2005",
    "period": "Q1",
    "revenue": 19827000000,
    "costOfRevenue": 6210000000,
    "grossProfit": 13617000000,
    "grossProfitRatio": 0.6867907399,
    "researchAndDevelopmentExpenses": 0,
    "generalAndAdministrativeExpenses": 3701000000,
    "sellingAndMarketingExpenses": 337000000,
    "sellingGeneralAndAdministrativeExpenses": 4038000000,
    "otherExpenses": 3019000000,
    "operatingExpenses": 7057000000,
    "costAndExpenses": 13267000000,
    "interestIncome": 13136000000,
    "interestExpense": 5630000000,
    "depreciationAndAmortization": 448000000,
    "ebitda": 7008000000,
    "ebitdaratio": 0.3534574066,
    "operatingIncome": 6560000000,
    "operatingIncomeRatio": 0.3308619559,
    "totalOtherIncomeExpensesNet": 0,
    "incomeBeforeTax": 6560000000,
    "incomeBeforeTaxRatio": 0.3308619559,
    "incomeTaxExpense": 2167000000,
    "netIncome": 4393000000,
    "netIncomeRatio": 0.2215665507,
    "eps": 1.09,
    "epsdiluted": 0.6,
    "weightedAverageShsOut": 4032550000,
    "weightedAverageShsOutDil": 7327993500,
    "link": "https://www.sec.gov/Archives/edgar/data/70858/000119312505099437/0001193125-05-099437-index.htm",
    "finalLink": "https://www.sec.gov/Archives/edgar/data/70858/000119312505099437/d10q.htm"
  },
  {
    "date": "2004-12-31",
    "symbol": "BAC",
    "reportedCurrency": "USD",
    "cik": "0000070858",
    "fillingDate": "2005-03-01",
    "acceptedDate": "2005-03-01 16:46:19",
    "calendarYear": "2004",
    "period": "Q4",
    "revenue": 18275000000,
    "costOfRevenue": 5085000000,
    "grossProfit": 13190000000,
    "grossProfitRatio": 0.721751026,
    "researchAndDevelopmentExpenses": 0,
    "generalAndAdministrativeExpenses": 3532000000,
    "sellingAndMarketingExpenses": 337000000,
    "sellingGeneralAndAdministrativeExpenses": 3869000000,
    "otherExpenses": 3546000000,
    "operatingExpenses": 7415000000,
    "costAndExpenses": 12500000000,
    "interestIncome": 12129000000,
    "interestExpense": 4379000000,
    "depreciationAndAmortization": 458000000,
    "ebitda": 6233000000,
    "ebitdaratio": 0.3410670315,
    "operatingIncome": 5775000000,
    "operatingIncomeRatio": 0.316005472,
    "totalOtherIncomeExpensesNet": 0,
    "incomeBeforeTax": 5775000000,
    "incomeBeforeTaxRatio": 0.316005472,
    "incomeTaxExpense": 1926000000,
    "netIncome": 3849000000,
    "netIncomeRatio": 0.2106155951,
    "eps": 0.95,
    "epsdiluted": 0.53,
    "weightedAverageShsOut": 4032550000,
    "weightedAverageShsOutDil": 7327993500,
    "link": "https://www.sec.gov/Archives/edgar/data/70858/000119312505039878/0001193125-05-039878-index.htm",
    "finalLink": "https://www.sec.gov/Archives/edgar/data/70858/000119312505039878/d10k.htm"
  },
  {
    "date": "2004-09-30",
    "symbol": "BAC",
    "reportedCurrency": "USD",
    "cik": "0000070858",
    "fillingDate": "2004-11-09",
    "acceptedDate": "2004-11-09 11:30:08",
    "calendarYear": "2004",
    "period": "Q3",
    "revenue": 17141000000,
    "costOfRevenue": 4472000000,
    "grossProfit": 12669000000,
    "grossProfitRatio": 0.7391050697,
    "researchAndDevelopmentExpenses": 0,
    "generalAndAdministrativeExpenses": 3534000000,
    "sellingAndMarketingExpenses": 364000000,
    "sellingGeneralAndAdministrativeExpenses": 3898000000,
    "otherExpenses": 3123000000,
    "operatingExpenses": 7021000000,
    "costAndExpenses": 11493000000,
    "interestIncome": 11487000000,
    "interestExpense": 3822000000,
    "depreciationAndAmortization": 446000000,
    "ebitda": 6094000000,
    "ebitdaratio": 0.3555218482,
    "operatingIncome": 5648000000,
    "operatingIncomeRatio": 0.3295023628,
    "totalOtherIncomeExpensesNet": 0,
    "incomeBeforeTax": 5648000000,
    "incomeBeforeTaxRatio": 0.3295023628,
    "incomeTaxExpense": 1884000000,
    "netIncome": 3764000000,
    "netIncomeRatio": 0.2195904556,
    "eps": 0.93,
    "epsdiluted": 0.51,
    "weightedAverageShsOut": 4052304000,
    "weightedAverageShsOutDil": 7327993500,
    "link": "https://www.sec.gov/Archives/edgar/data/70858/000119312504190704/0001193125-04-190704-index.htm",
    "finalLink": "https://www.sec.gov/Archives/edgar/data/70858/000119312504190704/d10q.htm"
  },
  {
    "date": "2004-06-30",
    "symbol": "BAC",
    "reportedCurrency": "USD",
    "cik": "0000070858",
    "fillingDate": "2004-08-09",
    "acceptedDate": "2004-08-09 08:59:17",
    "calendarYear": "2004",
    "period": "Q2",
    "revenue": 17252000000,
    "costOfRevenue": 4198000000,
    "grossProfit": 13054000000,
    "grossProfitRatio": 0.7566658938,
    "researchAndDevelopmentExpenses": 0,
    "generalAndAdministrativeExpenses": 3629000000,
    "sellingAndMarketingExpenses": 367000000,
    "sellingGeneralAndAdministrativeExpenses": 3996000000,
    "otherExpenses": 3232000000,
    "operatingExpenses": 7228000000,
    "costAndExpenses": 11426000000,
    "interestIncome": 10990000000,
    "interestExpense": 3409000000,
    "depreciationAndAmortization": 469000000,
    "ebitda": 6295000000,
    "ebitdaratio": 0.3648852307,
    "operatingIncome": 5826000000,
    "operatingIncomeRatio": 0.3376999768,
    "totalOtherIncomeExpensesNet": 0,
    "incomeBeforeTax": 5826000000,
    "incomeBeforeTaxRatio": 0.3376999768,
    "incomeTaxExpense": 1977000000,
    "netIncome": 3849000000,
    "netIncomeRatio": 0.2231045676,
    "eps": 0.48,
    "epsdiluted": 0.47,
    "weightedAverageShsOut": 8124768000,
    "weightedAverageShsOutDil": 8262580000,
    "link": "https://www.sec.gov/Archives/edgar/data/70858/000119312504135155/0001193125-04-135155-index.htm",
    "finalLink": "https://www.sec.gov/Archives/edgar/data/70858/000119312504135155/d10q.htm"
  },
  {
    "date": "2004-03-31",
    "symbol": "BAC",
    "reportedCurrency": "USD",
    "cik": "0000070858",
    "fillingDate": "2004-05-07",
    "acceptedDate": "2004-05-07 16:58:47",
    "calendarYear": "2004",
    "period": "Q1",
    "revenue": 12777000000,
    "costOfRevenue": 3375000000,
    "grossProfit": 9402000000,
    "grossProfitRatio": 0.7358534867,
    "researchAndDevelopmentExpenses": 0,
    "generalAndAdministrativeExpenses": 2752000000,
    "sellingAndMarketingExpenses": 281000000,
    "sellingGeneralAndAdministrativeExpenses": 3033000000,
    "otherExpenses": 2397000000,
    "operatingExpenses": 5430000000,
    "costAndExpenses": 8805000000,
    "interestIncome": 8552000000,
    "interestExpense": 2751000000,
    "depreciationAndAmortization": 263000000,
    "ebitda": 4235000000,
    "ebitdaratio": 0.3314549581,
    "operatingIncome": 3972000000,
    "operatingIncomeRatio": 0.3108710965,
    "totalOtherIncomeExpensesNet": 0,
    "incomeBeforeTax": 3972000000,
    "incomeBeforeTaxRatio": 0.3108710965,
    "incomeTaxExpense": 1291000000,
    "netIncome": 2681000000,
    "netIncomeRatio": 0.2098301636,
    "eps": 0.47,
    "epsdiluted": 0.46,
    "weightedAverageShsOut": 5760612000,
    "weightedAverageShsOutDil": 5866804000,
    "link": "https://www.sec.gov/Archives/edgar/data/70858/000119312504082233/0001193125-04-082233-index.htm",
    "finalLink": "https://www.sec.gov/Archives/edgar/data/70858/000119312504082233/d10q.htm"
  },
  {
    "date": "2003-12-31",
    "symbol": "BAC",
    "reportedCurrency": "USD",
    "cik": "0000070858",
    "fillingDate": "2004-03-01",
    "acceptedDate": "2004-03-01 16:38:59",
    "calendarYear": "2003",
    "period": "Q4",
    "revenue": 12250000000,
    "costOfRevenue": 3065000000,
    "grossProfit": 9185000000,
    "grossProfitRatio": 0.7497959184,
    "researchAndDevelopmentExpenses": 0,
    "generalAndAdministrativeExpenses": 2697000000,
    "sellingAndMarketingExpenses": 268000000,
    "sellingGeneralAndAdministrativeExpenses": 2965000000,
    "otherExpenses": 2317000000,
    "operatingExpenses": 5282000000,
    "costAndExpenses": 8347000000,
    "interestIncome": 8068000000,
    "interestExpense": 2482000000,
    "depreciationAndAmortization": 284000000,
    "ebitda": 4187000000,
    "ebitdaratio": 0.3417959184,
    "operatingIncome": 3903000000,
    "operatingIncomeRatio": 0.3186122449,
    "totalOtherIncomeExpensesNet": 0,
    "incomeBeforeTax": 3903000000,
    "incomeBeforeTaxRatio": 0.3186122449,
    "incomeTaxExpense": 1177000000,
    "netIncome": 2726000000,
    "netIncomeRatio": 0.2225306122,
    "eps": 0.95,
    "epsdiluted": 0.93,
    "weightedAverageShsOut": 2880306000,
    "weightedAverageShsOutDil": 2933402000,
    "link": "https://www.sec.gov/Archives/edgar/data/70858/000119312504032312/0001193125-04-032312-index.htm",
    "finalLink": "https://www.sec.gov/Archives/edgar/data/70858/000119312504032312/d10k.htm"
  },
  {
    "date": "2003-09-30",
    "symbol": "BAC",
    "reportedCurrency": "USD",
    "cik": "0000070858",
    "fillingDate": "2003-11-10",
    "acceptedDate": "2003-11-10 17:22:26",
    "calendarYear": "2003",
    "period": "Q3",
    "revenue": 12527000000,
    "costOfRevenue": 3202000000,
    "grossProfit": 9325000000,
    "grossProfitRatio": 0.744392113,
    "researchAndDevelopmentExpenses": 0,
    "generalAndAdministrativeExpenses": 2595000000,
    "sellingAndMarketingExpenses": 249000000,
    "sellingGeneralAndAdministrativeExpenses": 2844000000,
    "otherExpenses": 2226000000,
    "operatingExpenses": 5070000000,
    "costAndExpenses": 8272000000,
    "interestIncome": 7855000000,
    "interestExpense": 2551000000,
    "depreciationAndAmortization": 268000000,
    "ebitda": 4523000000,
    "ebitdaratio": 0.3610601102,
    "operatingIncome": 4255000000,
    "operatingIncomeRatio": 0.3396663207,
    "totalOtherIncomeExpensesNet": 0,
    "incomeBeforeTax": 4255000000,
    "incomeBeforeTaxRatio": 0.3396663207,
    "incomeTaxExpense": 1333000000,
    "netIncome": 2922000000,
    "netIncomeRatio": 0.2332561667,
    "eps": 0.98,
    "epsdiluted": 0.96,
    "weightedAverageShsOut": 2980206000,
    "weightedAverageShsOutDil": 3042708000,
    "link": "https://www.sec.gov/Archives/edgar/data/70858/000119312503076385/0001193125-03-076385-index.htm",
    "finalLink": "https://www.sec.gov/Archives/edgar/data/70858/000119312503076385/d10q.htm"
  },
  {
    "date": "2003-06-30",
    "symbol": "BAC",
    "reportedCurrency": "USD",
    "cik": "0000070858",
    "fillingDate": "2003-08-07",
    "acceptedDate": "2003-08-07 16:21:00",
    "calendarYear": "2003",
    "period": "Q2",
    "revenue": 12546000000,
    "costOfRevenue": 3402000000,
    "grossProfit": 9144000000,
    "grossProfitRatio": 0.7288378766,
    "researchAndDevelopmentExpenses": 0,
    "generalAndAdministrativeExpenses": 2695000000,
    "sellingAndMarketingExpenses": 238000000,
    "sellingGeneralAndAdministrativeExpenses": 2933000000,
    "otherExpenses": 2125000000,
    "operatingExpenses": 5058000000,
    "costAndExpenses": 8460000000,
    "interestIncome": 7995000000,
    "interestExpense": 2630000000,
    "depreciationAndAmortization": 277000000,
    "ebitda": 4363000000,
    "ebitdaratio": 0.3477602423,
    "operatingIncome": 4086000000,
    "operatingIncomeRatio": 0.3256814921,
    "totalOtherIncomeExpensesNet": 0,
    "incomeBeforeTax": 4086000000,
    "incomeBeforeTaxRatio": 0.3256814921,
    "incomeTaxExpense": 1348000000,
    "netIncome": 2738000000,
    "netIncomeRatio": 0.2182368883,
    "eps": 0.92,
    "epsdiluted": 0.9,
    "weightedAverageShsOut": 2988188000,
    "weightedAverageShsOutDil": 3041111000,
    "link": "https://www.sec.gov/Archives/edgar/data/70858/000119312503030889/0001193125-03-030889-index.htm",
    "finalLink": "https://www.sec.gov/Archives/edgar/data/70858/000119312503030889/d10q.htm"
  },
  {
    "date": "2003-03-31",
    "symbol": "BAC",
    "reportedCurrency": "USD",
    "cik": "0000070858",
    "fillingDate": "2003-05-13",
    "acceptedDate": "2003-05-13 11:24:59",
    "calendarYear": "2003",
    "period": "Q1",
    "revenue": 11683000000,
    "costOfRevenue": 3349000000,
    "grossProfit": 8334000000,
    "grossProfitRatio": 0.7133441753,
    "researchAndDevelopmentExpenses": 0,
    "generalAndAdministrativeExpenses": 2459000000,
    "sellingAndMarketingExpenses": 230000000,
    "sellingGeneralAndAdministrativeExpenses": 2689000000,
    "otherExpenses": 2028000000,
    "operatingExpenses": 4717000000,
    "costAndExpenses": 8066000000,
    "interestIncome": 7725000000,
    "interestExpense": 2516000000,
    "depreciationAndAmortization": 278000000,
    "ebitda": 3895000000,
    "ebitdaratio": 0.3333903963,
    "operatingIncome": 3617000000,
    "operatingIncomeRatio": 0.3095951382,
    "totalOtherIncomeExpensesNet": 0,
    "incomeBeforeTax": 3617000000,
    "incomeBeforeTaxRatio": 0.3095951382,
    "incomeTaxExpense": 1193000000,
    "netIncome": 2424000000,
    "netIncomeRatio": 0.2074809552,
    "eps": 0.81,
    "epsdiluted": 0.8,
    "weightedAverageShsOut": 2998810000,
    "weightedAverageShsOutDil": 3047799000,
    "link": "https://www.sec.gov/Archives/edgar/data/70858/000095016803001689/0000950168-03-001689-index.htm",
    "finalLink": "https://www.sec.gov/Archives/edgar/data/70858/000095016803001689/d10q.htm"
  },
  {
    "date": "2002-12-31",
    "symbol": "BAC",
    "reportedCurrency": "USD",
    "cik": "0000070858",
    "fillingDate": "2003-03-03",
    "acceptedDate": "2003-03-03 17:00:32",
    "calendarYear": "2002",
    "period": "Q4",
    "revenue": 11855000000,
    "costOfRevenue": 3912000000,
    "grossProfit": 7943000000,
    "grossProfitRatio": 0.6700126529,
    "researchAndDevelopmentExpenses": 0,
    "generalAndAdministrativeExpenses": 2482000000,
    "sellingAndMarketingExpenses": 203000000,
    "sellingGeneralAndAdministrativeExpenses": 2685000000,
    "otherExpenses": 2147000000,
    "operatingExpenses": 4832000000,
    "costAndExpenses": 8744000000,
    "interestIncome": 8121000000,
    "interestExpense": 2747000000,
    "depreciationAndAmortization": 277000000,
    "ebitda": 3388000000,
    "ebitdaratio": 0.2857865879,
    "operatingIncome": 3111000000,
    "operatingIncomeRatio": 0.2624209194,
    "totalOtherIncomeExpensesNet": 0,
    "incomeBeforeTax": 3111000000,
    "incomeBeforeTaxRatio": 0.2624209194,
    "incomeTaxExpense": 497000000,
    "netIncome": 2614000000,
    "netIncomeRatio": 0.2204976803,
    "eps": 0.87,
    "epsdiluted": 0.86,
    "weightedAverageShsOut": 2998810000,
    "weightedAverageShsOutDil": 3047799000,
    "link": "https://www.sec.gov/Archives/edgar/data/70858/000102140803003673/0001021408-03-003673-index.htm",
    "finalLink": "https://www.sec.gov/Archives/edgar/data/70858/000102140803003673/d10k.htm"
  },
  {
    "date": "2002-09-30",
    "symbol": "BAC",
    "reportedCurrency": "USD",
    "cik": "0000070858",
    "fillingDate": "2002-11-08",
    "acceptedDate": "2002-11-08 14:45:16",
    "calendarYear": "2002",
    "period": "Q3",
    "revenue": 11594000000,
    "costOfRevenue": 3687000000,
    "grossProfit": 7907000000,
    "grossProfitRatio": 0.6819906848,
    "researchAndDevelopmentExpenses": 0,
    "generalAndAdministrativeExpenses": 2368000000,
    "sellingAndMarketingExpenses": 210000000,
    "sellingGeneralAndAdministrativeExpenses": 2578000000,
    "otherExpenses": 2042000000,
    "operatingExpenses": 4620000000,
    "costAndExpenses": 8307000000,
    "interestIncome": 8185000000,
    "interestExpense": 2883000000,
    "depreciationAndAmortization": 277000000,
    "ebitda": 3564000000,
    "ebitdaratio": 0.3074003795,
    "operatingIncome": 3287000000,
    "operatingIncomeRatio": 0.2835087114,
    "totalOtherIncomeExpensesNet": 0,
    "incomeBeforeTax": 3287000000,
    "incomeBeforeTaxRatio": 0.2835087114,
    "incomeTaxExpense": 1052000000,
    "netIncome": 2235000000,
    "netIncomeRatio": 0.1927721235,
    "eps": 0.75,
    "epsdiluted": 0.73,
    "weightedAverageShsOut": 3008034000,
    "weightedAverageShsOutDil": 3080000000,
    "link": "https://www.sec.gov/Archives/edgar/data/70858/000095010902005581/0000950109-02-005581-index.htm",
    "finalLink": "https://www.sec.gov/Archives/edgar/data/70858/000095010902005581/d10q.htm"
  },
  {
    "date": "2002-06-30",
    "symbol": "BAC",
    "reportedCurrency": "USD",
    "cik": "0000070858",
    "fillingDate": "2002-08-14",
    "acceptedDate": "2002-08-14 14:22:32",
    "calendarYear": "2002",
    "period": "Q2",
    "revenue": 11558000000,
    "costOfRevenue": 3778000000,
    "grossProfit": 7780000000,
    "grossProfitRatio": 0.6731268386,
    "researchAndDevelopmentExpenses": 0,
    "generalAndAdministrativeExpenses": 2386000000,
    "sellingAndMarketingExpenses": 170000000,
    "sellingGeneralAndAdministrativeExpenses": 2556000000,
    "otherExpenses": 1934000000,
    "operatingExpenses": 4490000000,
    "costAndExpenses": 8268000000,
    "interestIncome": 7984000000,
    "interestExpense": 2890000000,
    "depreciationAndAmortization": 278000000,
    "ebitda": 3568000000,
    "ebitdaratio": 0.308703928,
    "operatingIncome": 3290000000,
    "operatingIncomeRatio": 0.2846513238,
    "totalOtherIncomeExpensesNet": 0,
    "incomeBeforeTax": 3290000000,
    "incomeBeforeTaxRatio": 0.2846513238,
    "incomeTaxExpense": 1069000000,
    "netIncome": 2221000000,
    "netIncomeRatio": 0.1921612736,
    "eps": 0.73,
    "epsdiluted": 0.7,
    "weightedAverageShsOut": 3067566000,
    "weightedAverageShsOutDil": 3171429000,
    "link": "https://www.sec.gov/Archives/edgar/data/70858/000095010902004239/0000950109-02-004239-index.htm",
    "finalLink": "https://www.sec.gov/Archives/edgar/data/70858/000095010902004239/d10q.htm"
  },
  {
    "date": "2002-03-31",
    "symbol": "BAC",
    "reportedCurrency": "USD",
    "cik": "0000070858",
    "fillingDate": "2002-05-15",
    "acceptedDate": "2002-05-15 16:11:24",
    "calendarYear": "2002",
    "period": "Q1",
    "revenue": 11355000000,
    "costOfRevenue": 3558000000,
    "grossProfit": 7797000000,
    "grossProfitRatio": 0.68665786,
    "researchAndDevelopmentExpenses": 0,
    "generalAndAdministrativeExpenses": 2446000000,
    "sellingAndMarketingExpenses": 170000000,
    "sellingGeneralAndAdministrativeExpenses": 2616000000,
    "otherExpenses": 1878000000,
    "operatingExpenses": 4494000000,
    "costAndExpenses": 8052000000,
    "interestIncome": 7871000000,
    "interestExpense": 2718000000,
    "depreciationAndAmortization": 272000000,
    "ebitda": 3575000000,
    "ebitdaratio": 0.3148392779,
    "operatingIncome": 3303000000,
    "operatingIncomeRatio": 0.2908850727,
    "totalOtherIncomeExpensesNet": 0,
    "incomeBeforeTax": 3303000000,
    "incomeBeforeTaxRatio": 0.2908850727,
    "incomeTaxExpense": 1124000000,
    "netIncome": 2179000000,
    "netIncomeRatio": 0.1918978424,
    "eps": 0.71,
    "epsdiluted": 0.69,
    "weightedAverageShsOut": 3086942000,
    "weightedAverageShsOutDil": 3156522000,
    "link": "https://www.sec.gov/Archives/edgar/data/70858/000102140802007231/0001021408-02-007231-index.htm",
    "finalLink": "https://www.sec.gov/Archives/edgar/data/70858/000102140802007231/d10q.txt"
  },
  {
    "date": "2001-12-31",
    "symbol": "BAC",
    "reportedCurrency": "USD",
    "cik": "0000070858",
    "fillingDate": "2002-03-27",
    "acceptedDate": "2002-03-27 00:00:00",
    "calendarYear": "2001",
    "period": "Q4",
    "revenue": 12596000000,
    "costOfRevenue": 4789000000,
    "grossProfit": 7807000000,
    "grossProfitRatio": 0.6197999365,
    "researchAndDevelopmentExpenses": 0,
    "generalAndAdministrativeExpenses": 2590000000,
    "sellingAndMarketingExpenses": 166000000,
    "sellingGeneralAndAdministrativeExpenses": 2756000000,
    "otherExpenses": 2567000000,
    "operatingExpenses": 5323000000,
    "costAndExpenses": 10112000000,
    "interestIncome": 8805000000,
    "interestExpense": 3388000000,
    "depreciationAndAmortization": 426000000,
    "ebitda": 2910000000,
    "ebitdaratio": 0.2310257225,
    "operatingIncome": 2484000000,
    "operatingIncomeRatio": 0.1972054621,
    "totalOtherIncomeExpensesNet": 0,
    "incomeBeforeTax": 2484000000,
    "incomeBeforeTaxRatio": 0.1972054621,
    "incomeTaxExpense": 426000000,
    "netIncome": 2058000000,
    "netIncomeRatio": 0.1633852017,
    "eps": 0.67,
    "epsdiluted": 0.65,
    "weightedAverageShsOut": 3086942000,
    "weightedAverageShsOutDil": 3156522000,
    "link": "https://www.sec.gov/Archives/edgar/data/70858/000095016802000551/0000950168-02-000551-index.htm",
    "finalLink": "https://www.sec.gov/Archives/edgar/data/70858/000095016802000551/d10k.txt"
  },
  {
    "date": "2001-09-30",
    "symbol": "BAC",
    "reportedCurrency": "USD",
    "cik": "0000070858",
    "fillingDate": "2001-11-14",
    "acceptedDate": "2001-11-14 00:00:00",
    "calendarYear": "2001",
    "period": "Q3",
    "revenue": 12848000000,
    "costOfRevenue": 5369000000,
    "grossProfit": 7479000000,
    "grossProfitRatio": 0.5821139477,
    "researchAndDevelopmentExpenses": 0,
    "generalAndAdministrativeExpenses": 2304000000,
    "sellingAndMarketingExpenses": 165000000,
    "sellingGeneralAndAdministrativeExpenses": 2469000000,
    "otherExpenses": 3442000000,
    "operatingExpenses": 5911000000,
    "costAndExpenses": 11280000000,
    "interestIncome": 9322000000,
    "interestExpense": 4118000000,
    "depreciationAndAmortization": 431000000,
    "ebitda": 1999000000,
    "ebitdaratio": 0.1555884184,
    "operatingIncome": 1568000000,
    "operatingIncomeRatio": 0.1220423412,
    "totalOtherIncomeExpensesNet": 0,
    "incomeBeforeTax": 1568000000,
    "incomeBeforeTaxRatio": 0.1220423412,
    "incomeTaxExpense": 727000000,
    "netIncome": 841000000,
    "netIncomeRatio": 0.0654576588,
    "eps": 0.26,
    "epsdiluted": 0.26,
    "weightedAverageShsOut": 3199384000,
    "weightedAverageShsOutDil": 3290196000,
    "link": "https://www.sec.gov/Archives/edgar/data/70858/000102140801510246/0001021408-01-510246-index.htm",
    "finalLink": "https://www.sec.gov/Archives/edgar/data/70858/000102140801510246/d10q.txt"
  },
  {
    "date": "2001-06-30",
    "symbol": "BAC",
    "reportedCurrency": "USD",
    "cik": "0000070858",
    "fillingDate": "2001-08-13",
    "acceptedDate": "2001-08-13 00:00:00",
    "calendarYear": "2001",
    "period": "Q2",
    "revenue": 13659000000,
    "costOfRevenue": 5695000000,
    "grossProfit": 7964000000,
    "grossProfitRatio": 0.5830587891,
    "researchAndDevelopmentExpenses": 0,
    "generalAndAdministrativeExpenses": 2534000000,
    "sellingAndMarketingExpenses": 174000000,
    "sellingGeneralAndAdministrativeExpenses": 2708000000,
    "otherExpenses": 2113000000,
    "operatingExpenses": 4821000000,
    "costAndExpenses": 10516000000,
    "interestIncome": 9925000000,
    "interestExpense": 4895000000,
    "depreciationAndAmortization": 438000000,
    "ebitda": 3581000000,
    "ebitdaratio": 0.262171462,
    "operatingIncome": 3143000000,
    "operatingIncomeRatio": 0.2301046929,
    "totalOtherIncomeExpensesNet": 0,
    "incomeBeforeTax": 3143000000,
    "incomeBeforeTaxRatio": 0.2301046929,
    "incomeTaxExpense": 1120000000,
    "netIncome": 2023000000,
    "netIncomeRatio": 0.1481074749,
    "eps": 0.63,
    "epsdiluted": 0.62,
    "weightedAverageShsOut": 3203074000,
    "weightedAverageShsOutDil": 3261290000,
    "link": "https://www.sec.gov/Archives/edgar/data/70858/000095010901502829/0000950109-01-502829-index.htm",
    "finalLink": "https://www.sec.gov/Archives/edgar/data/70858/000095010901502829/d10q.txt"
  },
  {
    "date": "2001-03-31",
    "symbol": "BAC",
    "reportedCurrency": "USD",
    "cik": "0000070858",
    "fillingDate": "2001-05-15",
    "acceptedDate": "2001-05-15 00:00:00",
    "calendarYear": "2001",
    "period": "Q1",
    "revenue": 14013000000,
    "costOfRevenue": 6437000000,
    "grossProfit": 7576000000,
    "grossProfitRatio": 0.5406408335,
    "researchAndDevelopmentExpenses": 0,
    "generalAndAdministrativeExpenses": 2401000000,
    "sellingAndMarketingExpenses": 177000000,
    "sellingGeneralAndAdministrativeExpenses": 2578000000,
    "otherExpenses": 2076000000,
    "operatingExpenses": 4654000000,
    "costAndExpenses": 11091000000,
    "interestIncome": 10241000000,
    "interestExpense": 5602000000,
    "depreciationAndAmortization": 437000000,
    "ebitda": 3359000000,
    "ebitdaratio": 0.2397059873,
    "operatingIncome": 2922000000,
    "operatingIncomeRatio": 0.2085206594,
    "totalOtherIncomeExpensesNet": 0,
    "incomeBeforeTax": 2922000000,
    "incomeBeforeTaxRatio": 0.2085206594,
    "incomeTaxExpense": 1052000000,
    "netIncome": 1870000000,
    "netIncomeRatio": 0.133447513,
    "eps": 0.58,
    "epsdiluted": 0.57,
    "weightedAverageShsOut": 3217780000,
    "weightedAverageShsOutDil": 3250435000,
    "link": "https://www.sec.gov/Archives/edgar/data/70858/000095016801500420/0000950168-01-500420-index.htm",
    "finalLink": "https://www.sec.gov/Archives/edgar/data/70858/000095016801500420/form10q_21227.txt"
  },
  {
    "date": "2000-12-31",
    "symbol": "BAC",
    "reportedCurrency": "USD",
    "cik": "0000070858",
    "fillingDate": "2001-03-19",
    "acceptedDate": "2001-03-19 00:00:00",
    "calendarYear": "2000",
    "period": "Q4",
    "revenue": 14470000000,
    "costOfRevenue": 7686000000,
    "grossProfit": 6784000000,
    "grossProfitRatio": 0.4688320663,
    "researchAndDevelopmentExpenses": 0,
    "generalAndAdministrativeExpenses": 2257000000,
    "sellingAndMarketingExpenses": 223000000,
    "sellingGeneralAndAdministrativeExpenses": 2480000000,
    "otherExpenses": 2157000000,
    "operatingExpenses": 4637000000,
    "costAndExpenses": 12323000000,
    "interestIncome": 11170000000,
    "interestExpense": 6476000000,
    "depreciationAndAmortization": 439000000,
    "ebitda": 2586000000,
    "ebitdaratio": 0.1787145819,
    "operatingIncome": 2147000000,
    "operatingIncomeRatio": 0.1483759502,
    "totalOtherIncomeExpensesNet": 0,
    "incomeBeforeTax": 2147000000,
    "incomeBeforeTaxRatio": 0.1483759502,
    "incomeTaxExpense": 762000000,
    "netIncome": 1385000000,
    "netIncomeRatio": 0.095715273,
    "eps": 0.43,
    "epsdiluted": 0.43,
    "weightedAverageShsOut": 3217780000,
    "weightedAverageShsOutDil": 3250435000,
    "link": "https://www.sec.gov/Archives/edgar/data/70858/000095016801000538/0000950168-01-000538-index.htm",
    "finalLink": "https://www.sec.gov/Archives/edgar/data/70858/000095016801000538/0000950168-01-000538-0001.txt"
  },
  {
    "date": "2000-09-30",
    "symbol": "BAC",
    "reportedCurrency": "USD",
    "cik": "0000070858",
    "fillingDate": "2000-11-14",
    "acceptedDate": "2000-11-14 00:00:00",
    "calendarYear": "2000",
    "period": "Q3",
    "revenue": 14921000000,
    "costOfRevenue": 7107000000,
    "grossProfit": 7814000000,
    "grossProfitRatio": 0.5236914416,
    "researchAndDevelopmentExpenses": 0,
    "generalAndAdministrativeExpenses": 2298000000,
    "sellingAndMarketingExpenses": 147000000,
    "sellingGeneralAndAdministrativeExpenses": 2445000000,
    "otherExpenses": 2515000000,
    "operatingExpenses": 4960000000,
    "costAndExpenses": 12067000000,
    "interestIncome": 11235000000,
    "interestExpense": 6672000000,
    "depreciationAndAmortization": 438000000,
    "ebitda": 3292000000,
    "ebitdaratio": 0.2206286442,
    "operatingIncome": 2854000000,
    "operatingIncomeRatio": 0.1912740433,
    "totalOtherIncomeExpensesNet": 0,
    "incomeBeforeTax": 2854000000,
    "incomeBeforeTaxRatio": 0.1912740433,
    "incomeTaxExpense": 1025000000,
    "netIncome": 1829000000,
    "netIncomeRatio": 0.1225789156,
    "eps": 0.56,
    "epsdiluted": 0.55,
    "weightedAverageShsOut": 3278784000,
    "weightedAverageShsOutDil": 3325455000,
    "link": "https://www.sec.gov/Archives/edgar/data/70858/000095016800002442/0000950168-00-002442-index.htm",
    "finalLink": "https://www.sec.gov/Archives/edgar/data/70858/000095016800002442/0000950168-00-002442-0001.txt"
  },
  {
    "date": "2000-06-30",
    "symbol": "BAC",
    "reportedCurrency": "USD",
    "cik": "0000070858",
    "fillingDate": "2000-08-14",
    "acceptedDate": "2000-08-14 00:00:00",
    "calendarYear": "2000",
    "period": "Q2",
    "revenue": 14246000000,
    "costOfRevenue": 6579000000,
    "grossProfit": 7667000000,
    "grossProfitRatio": 0.5381861575,
    "researchAndDevelopmentExpenses": 0,
    "generalAndAdministrativeExpenses": 2311000000,
    "sellingAndMarketingExpenses": 132000000,
    "sellingGeneralAndAdministrativeExpenses": 2443000000,
    "otherExpenses": 1970000000,
    "operatingExpenses": 4413000000,
    "costAndExpenses": 10992000000,
    "interestIncome": 10726000000,
    "interestExpense": 6109000000,
    "depreciationAndAmortization": 451000000,
    "ebitda": 3705000000,
    "ebitdaratio": 0.2600730029,
    "operatingIncome": 3254000000,
    "operatingIncomeRatio": 0.2284149937,
    "totalOtherIncomeExpensesNet": 0,
    "incomeBeforeTax": 3254000000,
    "incomeBeforeTaxRatio": 0.2284149937,
    "incomeTaxExpense": 1191000000,
    "netIncome": 2063000000,
    "netIncomeRatio": 0.144812579,
    "eps": 0.63,
    "epsdiluted": 0.62,
    "weightedAverageShsOut": 3306990000,
    "weightedAverageShsOutDil": 3351220000,
    "link": "https://www.sec.gov/Archives/edgar/data/70858/000095016800001890/0000950168-00-001890-index.htm",
    "finalLink": "https://www.sec.gov/Archives/edgar/data/70858/000095016800001890/0000950168-00-001890-0001.txt"
  },
  {
    "date": "2000-03-31",
    "symbol": "BAC",
    "reportedCurrency": "USD",
    "cik": "0000070858",
    "fillingDate": "2000-05-15",
    "acceptedDate": "2000-05-15 00:00:00",
    "calendarYear": "2000",
    "period": "Q1",
    "revenue": 14138000000,
    "costOfRevenue": 5982000000,
    "grossProfit": 8156000000,
    "grossProfitRatio": 0.5768849908,
    "researchAndDevelopmentExpenses": 0,
    "generalAndAdministrativeExpenses": 2534000000,
    "sellingAndMarketingExpenses": 119000000,
    "sellingGeneralAndAdministrativeExpenses": 2653000000,
    "otherExpenses": 1970000000,
    "operatingExpenses": 4623000000,
    "costAndExpenses": 10605000000,
    "interestIncome": 10067000000,
    "interestExpense": 5562000000,
    "depreciationAndAmortization": 456000000,
    "ebitda": 3989000000,
    "ebitdaratio": 0.2821474042,
    "operatingIncome": 3533000000,
    "operatingIncomeRatio": 0.249893903,
    "totalOtherIncomeExpensesNet": 0,
    "incomeBeforeTax": 3533000000,
    "incomeBeforeTaxRatio": 0.249893903,
    "incomeTaxExpense": 1293000000,
    "netIncome": 2240000000,
    "netIncomeRatio": 0.1584382515,
    "eps": 0.67,
    "epsdiluted": 0.67,
    "weightedAverageShsOut": 3338622000,
    "weightedAverageShsOutDil": 3366917000,
    "link": "https://www.sec.gov/Archives/edgar/data/70858/000007085800000218/0000070858-00-000218-index.htm",
    "finalLink": "https://www.sec.gov/Archives/edgar/data/70858/000007085800000218/0000070858-00-000218.txt"
  },
  {
    "date": "1999-12-31",
    "symbol": "BAC",
    "reportedCurrency": "USD",
    "cik": "0000070858",
    "fillingDate": "2000-03-20",
    "acceptedDate": "2000-03-20 00:00:00",
    "calendarYear": "1999",
    "period": "Q4",
    "revenue": 13232000000,
    "costOfRevenue": 5497000000,
    "grossProfit": 7735000000,
    "grossProfitRatio": 0.5845677146,
    "researchAndDevelopmentExpenses": 0,
    "generalAndAdministrativeExpenses": 2378000000,
    "sellingAndMarketingExpenses": 98000000,
    "sellingGeneralAndAdministrativeExpenses": 2476000000,
    "otherExpenses": 2399000000,
    "operatingExpenses": 4875000000,
    "costAndExpenses": 10372000000,
    "interestIncome": 9622000000,
    "interestExpense": 5147000000,
    "depreciationAndAmortization": 467000000,
    "ebitda": 3327000000,
    "ebitdaratio": 0.2514359129,
    "operatingIncome": 2860000000,
    "operatingIncomeRatio": 0.2161426844,
    "totalOtherIncomeExpensesNet": 0,
    "incomeBeforeTax": 2860000000,
    "incomeBeforeTaxRatio": 0.2161426844,
    "incomeTaxExpense": 958000000,
    "netIncome": 1902000000,
    "netIncomeRatio": 0.1437424426,
    "eps": 0.57,
    "epsdiluted": 0.56,
    "weightedAverageShsOut": 3338622000,
    "weightedAverageShsOutDil": 3366917000,
    "link": "https://www.sec.gov/Archives/edgar/data/70858/000095016800000621/0000950168-00-000621-index.htm",
    "finalLink": "https://www.sec.gov/Archives/edgar/data/70858/000095016800000621/0000950168-00-000621.txt"
  },
  {
    "date": "1999-09-30",
    "symbol": "BAC",
    "reportedCurrency": "USD",
    "cik": "0000070858",
    "fillingDate": "1999-11-15",
    "acceptedDate": "1999-11-15 00:00:00",
    "calendarYear": "1999",
    "period": "Q3",
    "revenue": 13066000000,
    "costOfRevenue": 5194000000,
    "grossProfit": 7872000000,
    "grossProfitRatio": 0.6024797184,
    "researchAndDevelopmentExpenses": 0,
    "generalAndAdministrativeExpenses": 2336000000,
    "sellingAndMarketingExpenses": 145000000,
    "sellingGeneralAndAdministrativeExpenses": 2481000000,
    "otherExpenses": 2045000000,
    "operatingExpenses": 4526000000,
    "costAndExpenses": 9720000000,
    "interestIncome": 9294000000,
    "interestExpense": 4744000000,
    "depreciationAndAmortization": 470000000,
    "ebitda": 3816000000,
    "ebitdaratio": 0.2920557171,
    "operatingIncome": 3346000000,
    "operatingIncomeRatio": 0.2560844941,
    "totalOtherIncomeExpensesNet": 0,
    "incomeBeforeTax": 3346000000,
    "incomeBeforeTaxRatio": 0.2560844941,
    "incomeTaxExpense": 1195000000,
    "netIncome": 2151000000,
    "netIncomeRatio": 0.1646257462,
    "eps": 0.31,
    "epsdiluted": 0.31,
    "weightedAverageShsOut": 6889228000,
    "weightedAverageShsOutDil": 7020584000,
    "link": "https://www.sec.gov/Archives/edgar/data/70858/0000070858-99-000386-index.html",
    "finalLink": "https://www.sec.gov/Archives/edgar/data/70858/000007085899000386/0000070858-99-000386.txt"
  },
  {
    "date": "1999-06-30",
    "symbol": "BAC",
    "reportedCurrency": "USD",
    "cik": "0000070858",
    "fillingDate": "1999-08-16",
    "acceptedDate": "1999-08-16 00:00:00",
    "calendarYear": "1999",
    "period": "Q2",
    "revenue": 12780000000,
    "costOfRevenue": 5104000000,
    "grossProfit": 7676000000,
    "grossProfitRatio": 0.6006259781,
    "researchAndDevelopmentExpenses": 0,
    "generalAndAdministrativeExpenses": 2261000000,
    "sellingAndMarketingExpenses": 147000000,
    "sellingGeneralAndAdministrativeExpenses": 2408000000,
    "otherExpenses": 2249000000,
    "operatingExpenses": 4657000000,
    "costAndExpenses": 9761000000,
    "interestIncome": 9206000000,
    "interestExpense": 4594000000,
    "depreciationAndAmortization": 487000000,
    "ebitda": 3506000000,
    "ebitdaratio": 0.2743348983,
    "operatingIncome": 3019000000,
    "operatingIncomeRatio": 0.236228482,
    "totalOtherIncomeExpensesNet": 0,
    "incomeBeforeTax": 3019000000,
    "incomeBeforeTaxRatio": 0.236228482,
    "incomeTaxExpense": 1104000000,
    "netIncome": 1915000000,
    "netIncomeRatio": 0.1498435055,
    "eps": 0.28,
    "epsdiluted": 0.27,
    "weightedAverageShsOut": 6974012000,
    "weightedAverageShsOutDil": 7147380000,
    "link": "https://www.sec.gov/Archives/edgar/data/70858/000007085899000285/0000070858-99-000285-index.htm",
    "finalLink": "https://www.sec.gov/Archives/edgar/data/70858/000007085899000285/0000070858-99-000285.txt"
  },
  {
    "date": "1999-03-31",
    "symbol": "BAC",
    "reportedCurrency": "USD",
    "cik": "0000070858",
    "fillingDate": "1999-05-17",
    "acceptedDate": "1999-05-17 00:00:00",
    "calendarYear": "1999",
    "period": "Q1",
    "revenue": 12554000000,
    "costOfRevenue": 5111000000,
    "grossProfit": 7443000000,
    "grossProfitRatio": 0.5928787637,
    "researchAndDevelopmentExpenses": 0,
    "generalAndAdministrativeExpenses": 2333000000,
    "sellingAndMarketingExpenses": 147000000,
    "sellingGeneralAndAdministrativeExpenses": 2480000000,
    "otherExpenses": 1973000000,
    "operatingExpenses": 4453000000,
    "costAndExpenses": 9564000000,
    "interestIncome": 9201000000,
    "interestExpense": 4601000000,
    "depreciationAndAmortization": 493000000,
    "ebitda": 3483000000,
    "ebitdaratio": 0.2774414529,
    "operatingIncome": 2990000000,
    "operatingIncomeRatio": 0.2381711008,
    "totalOtherIncomeExpensesNet": 0,
    "incomeBeforeTax": 2990000000,
    "incomeBeforeTaxRatio": 0.2381711008,
    "incomeTaxExpense": 1076000000,
    "netIncome": 1914000000,
    "netIncomeRatio": 0.1524613669,
    "eps": 0.55,
    "epsdiluted": 0.54,
    "weightedAverageShsOut": 3475124000,
    "weightedAverageShsOutDil": 3540741000,
    "link": "https://www.sec.gov/Archives/edgar/data/70858/000095016899001576/0000950168-99-001576-index.htm",
    "finalLink": "https://www.sec.gov/Archives/edgar/data/70858/0000950168-99-001576.txt"
  },
  {
    "date": "1998-12-31",
    "symbol": "BAC",
    "reportedCurrency": "USD",
    "cik": "0000070858",
    "fillingDate": "1999-03-22",
    "acceptedDate": "1999-03-22 00:00:00",
    "calendarYear": "1998",
    "period": "Q4",
    "revenue": 12697000000,
    "costOfRevenue": 5539000000,
    "grossProfit": 7158000000,
    "grossProfitRatio": 0.5637552178,
    "researchAndDevelopmentExpenses": 0,
    "generalAndAdministrativeExpenses": 2301000000,
    "sellingAndMarketingExpenses": 135000000,
    "sellingGeneralAndAdministrativeExpenses": 2436000000,
    "otherExpenses": 2851000000,
    "operatingExpenses": 5287000000,
    "costAndExpenses": 10826000000,
    "interestIncome": 9638000000,
    "interestExpense": 5029000000,
    "depreciationAndAmortization": 497000000,
    "ebitda": 2368000000,
    "ebitdaratio": 0.1865007482,
    "operatingIncome": 1871000000,
    "operatingIncomeRatio": 0.1473576435,
    "totalOtherIncomeExpensesNet": 0,
    "incomeBeforeTax": 1871000000,
    "incomeBeforeTaxRatio": 0.1473576435,
    "incomeTaxExpense": 709000000,
    "netIncome": 1162000000,
    "netIncomeRatio": 0.0915176813,
    "eps": 0.33,
    "epsdiluted": 0.33,
    "weightedAverageShsOut": 3476456000,
    "weightedAverageShsOutDil": 3521275000,
    "link": "https://www.sec.gov/Archives/edgar/data/70858/000095016899000782/0000950168-99-000782-index.htm",
    "finalLink": "https://www.sec.gov/Archives/edgar/data/70858/0000950168-99-000782.txt"
  },
  {
    "date": "1998-09-30",
    "symbol": "BAC",
    "reportedCurrency": "USD",
    "cik": "0000070858",
    "fillingDate": "1998-11-16",
    "acceptedDate": "1998-11-16 00:00:00",
    "calendarYear": "1998",
    "period": "Q3",
    "revenue": 12293000000,
    "costOfRevenue": 6569000000,
    "grossProfit": 5724000000,
    "grossProfitRatio": 0.4656308468,
    "researchAndDevelopmentExpenses": 0,
    "generalAndAdministrativeExpenses": 2246000000,
    "sellingAndMarketingExpenses": 143000000,
    "sellingGeneralAndAdministrativeExpenses": 2389000000,
    "otherExpenses": 2919000000,
    "operatingExpenses": 5308000000,
    "costAndExpenses": 11877000000,
    "interestIncome": 9608000000,
    "interestExpense": 5164000000,
    "depreciationAndAmortization": 502000000,
    "ebitda": 918000000,
    "ebitdaratio": 0.0746766452,
    "operatingIncome": 416000000,
    "operatingIncomeRatio": 0.033840397,
    "totalOtherIncomeExpensesNet": 0,
    "incomeBeforeTax": 416000000,
    "incomeBeforeTaxRatio": 0.033840397,
    "incomeTaxExpense": 42000000,
    "netIncome": 374000000,
    "netIncomeRatio": 0.0304238184,
    "eps": 0.0525,
    "epsdiluted": 0.0525,
    "weightedAverageShsOut": 3484076000,
    "weightedAverageShsOutDil": 3484076000,
    "link": "https://www.sec.gov/Archives/edgar/data/70858/000095016898003569/0000950168-98-003569-index.htm",
    "finalLink": "https://www.sec.gov/Archives/edgar/data/70858/0000950168-98-003569.txt"
  },
  {
    "date": "1998-06-30",
    "symbol": "BAC",
    "reportedCurrency": "USD",
    "cik": "0000070858",
    "fillingDate": "1998-08-14",
    "acceptedDate": "1998-08-14 00:00:00",
    "calendarYear": "1998",
    "period": "Q2",
    "revenue": 13393000000,
    "costOfRevenue": 5506000000,
    "grossProfit": 7887000000,
    "grossProfitRatio": 0.5888897185,
    "researchAndDevelopmentExpenses": 0,
    "generalAndAdministrativeExpenses": 2425000000,
    "sellingAndMarketingExpenses": 145000000,
    "sellingGeneralAndAdministrativeExpenses": 2570000000,
    "otherExpenses": 1767000000,
    "operatingExpenses": 4337000000,
    "costAndExpenses": 9843000000,
    "interestIncome": 9637000000,
    "interestExpense": 5011000000,
    "depreciationAndAmortization": 493000000,
    "ebitda": 4043000000,
    "ebitdaratio": 0.3018741133,
    "operatingIncome": 3550000000,
    "operatingIncomeRatio": 0.2650638393,
    "totalOtherIncomeExpensesNet": 0,
    "incomeBeforeTax": 3550000000,
    "incomeBeforeTaxRatio": 0.2650638393,
    "incomeTaxExpense": 1252000000,
    "netIncome": 2298000000,
    "netIncomeRatio": 0.1715821698,
    "eps": 0.33,
    "epsdiluted": 0.32,
    "weightedAverageShsOut": 1920704000,
    "weightedAverageShsOutDil": 1933333000,
    "link": "https://www.sec.gov/Archives/edgar/data/70858/000095016898002669/0000950168-98-002669-index.htm",
    "finalLink": "https://www.sec.gov/Archives/edgar/data/70858/0000950168-98-002669.txt"
  },
  {
    "date": "1998-03-31",
    "symbol": "BAC",
    "reportedCurrency": "USD",
    "cik": "0000070858",
    "fillingDate": "1998-05-15",
    "acceptedDate": "1998-05-15 00:00:00",
    "calendarYear": "1998",
    "period": "Q1",
    "revenue": 13411000000,
    "costOfRevenue": 5596000000,
    "grossProfit": 7815000000,
    "grossProfitRatio": 0.5827305943,
    "researchAndDevelopmentExpenses": 0,
    "generalAndAdministrativeExpenses": 2440000000,
    "sellingAndMarketingExpenses": 158000000,
    "sellingGeneralAndAdministrativeExpenses": 2598000000,
    "otherExpenses": 3006000000,
    "operatingExpenses": 5604000000,
    "costAndExpenses": 11200000000,
    "interestIncome": 9705000000,
    "interestExpense": 5086000000,
    "depreciationAndAmortization": 506000000,
    "ebitda": 2717000000,
    "ebitdaratio": 0.2025948848,
    "operatingIncome": 2211000000,
    "operatingIncomeRatio": 0.1648646633,
    "totalOtherIncomeExpensesNet": 0,
    "incomeBeforeTax": 2211000000,
    "incomeBeforeTaxRatio": 0.1648646633,
    "incomeTaxExpense": 880000000,
    "netIncome": 1331000000,
    "netIncomeRatio": 0.0992468869,
    "eps": 0.19,
    "epsdiluted": 0.19,
    "weightedAverageShsOut": 1910398000,
    "weightedAverageShsOutDil": 1910398000,
    "link": "https://www.sec.gov/Archives/edgar/data/70858/000095016898001653/0000950168-98-001653-index.htm",
    "finalLink": "https://www.sec.gov/Archives/edgar/data/70858/0000950168-98-001653.txt"
  },
  {
    "date": "1997-12-31",
    "symbol": "BAC",
    "reportedCurrency": "USD",
    "cik": "0000070858",
    "fillingDate": "1998-03-13",
    "acceptedDate": "1998-03-13 00:00:00",
    "calendarYear": "1997",
    "period": "Q4",
    "revenue": 5850000000,
    "costOfRevenue": 2530000000,
    "grossProfit": 3320000000,
    "grossProfitRatio": 0.5675213675,
    "researchAndDevelopmentExpenses": 0,
    "generalAndAdministrativeExpenses": 0,
    "sellingAndMarketingExpenses": 0,
    "sellingGeneralAndAdministrativeExpenses": 0,
    "otherExpenses": 2054000000,
    "operatingExpenses": 2054000000,
    "costAndExpenses": 4584000000,
    "interestIncome": 4288000000,
    "interestExpense": 2300000000,
    "depreciationAndAmortization": 226000000,
    "ebitda": 1492000000,
    "ebitdaratio": 0.255042735,
    "operatingIncome": 1266000000,
    "operatingIncomeRatio": 0.2164102564,
    "totalOtherIncomeExpensesNet": 0,
    "incomeBeforeTax": 1266000000,
    "incomeBeforeTaxRatio": 0.2164102564,
    "incomeTaxExpense": 448000000,
    "netIncome": 818000000,
    "netIncomeRatio": 0.1398290598,
    "eps": 0.57,
    "epsdiluted": 0.57,
    "weightedAverageShsOut": 1424376000,
    "weightedAverageShsOutDil": 1439420000,
    "link": "https://www.sec.gov/Archives/edgar/data/70858/000095016898000724/0000950168-98-000724-index.htm",
    "finalLink": "https://www.sec.gov/Archives/edgar/data/70858/0000950168-98-000724.txt"
  },
  {
    "date": "1997-09-30",
    "symbol": "BAC",
    "reportedCurrency": "USD",
    "cik": "0000070858",
    "fillingDate": "1997-11-14",
    "acceptedDate": "1997-11-14 00:00:00",
    "calendarYear": "1997",
    "period": "Q3",
    "revenue": 12575000000,
    "costOfRevenue": 5297000000,
    "grossProfit": 7278000000,
    "grossProfitRatio": 0.5787673956,
    "researchAndDevelopmentExpenses": 0,
    "generalAndAdministrativeExpenses": 2118000000,
    "sellingAndMarketingExpenses": 173000000,
    "sellingGeneralAndAdministrativeExpenses": 2291000000,
    "otherExpenses": 2200000000,
    "operatingExpenses": 4491000000,
    "costAndExpenses": 9788000000,
    "interestIncome": 9443000000,
    "interestExpense": 4808000000,
    "depreciationAndAmortization": 1034000000,
    "ebitda": 3821000000,
    "ebitdaratio": 0.3038568588,
    "operatingIncome": 2787000000,
    "operatingIncomeRatio": 0.2216302187,
    "totalOtherIncomeExpensesNet": 0,
    "incomeBeforeTax": 2787000000,
    "incomeBeforeTaxRatio": 0.2216302187,
    "incomeTaxExpense": 1057000000,
    "netIncome": 1730000000,
    "netIncomeRatio": 0.1375745527,
    "eps": 0.25,
    "epsdiluted": 0.24,
    "weightedAverageShsOut": 1422296000,
    "weightedAverageShsOutDil": 1422296000,
    "link": "https://www.sec.gov/Archives/edgar/data/70858/000095016897003369/0000950168-97-003369-index.htm",
    "finalLink": "https://www.sec.gov/Archives/edgar/data/70858/0000950168-97-003369.txt"
  },
  {
    "date": "1997-06-30",
    "symbol": "BAC",
    "reportedCurrency": "USD",
    "cik": "0000070858",
    "fillingDate": "1997-08-14",
    "acceptedDate": "1997-08-14 00:00:00",
    "calendarYear": "1997",
    "period": "Q2",
    "revenue": 5303000000,
    "costOfRevenue": 2311000000,
    "grossProfit": 2992000000,
    "grossProfitRatio": 0.5642089383,
    "researchAndDevelopmentExpenses": 0,
    "generalAndAdministrativeExpenses": 0,
    "sellingAndMarketingExpenses": 0,
    "sellingGeneralAndAdministrativeExpenses": 0,
    "otherExpenses": 1802000000,
    "operatingExpenses": 1802000000,
    "costAndExpenses": 4113000000,
    "interestIncome": 4109000000,
    "interestExpense": 2121000000,
    "depreciationAndAmortization": 171000000,
    "ebitda": 1361000000,
    "ebitdaratio": 0.2566471808,
    "operatingIncome": 1190000000,
    "operatingIncomeRatio": 0.2244012823,
    "totalOtherIncomeExpensesNet": 0,
    "incomeBeforeTax": 1190000000,
    "incomeBeforeTaxRatio": 0.2244012823,
    "incomeTaxExpense": 428000000,
    "netIncome": 762000000,
    "netIncomeRatio": 0.1436922497,
    "eps": 0.26,
    "epsdiluted": 0.26,
    "weightedAverageShsOut": 1422808000,
    "weightedAverageShsOutDil": 1422808000,
    "link": "https://www.sec.gov/Archives/edgar/data/70858/000095016897002267/0000950168-97-002267-index.htm",
    "finalLink": "https://www.sec.gov/Archives/edgar/data/70858/0000950168-97-002267.txt"
  },
  {
    "date": "1997-03-31",
    "symbol": "BAC",
    "reportedCurrency": "USD",
    "cik": "0000070858",
    "fillingDate": "1997-05-15",
    "acceptedDate": "1997-05-15 00:00:00",
    "calendarYear": "1997",
    "period": "Q1",
    "revenue": 6147000000,
    "costOfRevenue": 2590000000,
    "grossProfit": 3557000000,
    "grossProfitRatio": 0.5786562551,
    "researchAndDevelopmentExpenses": 0,
    "generalAndAdministrativeExpenses": 1094000000,
    "sellingAndMarketingExpenses": 86000000,
    "sellingGeneralAndAdministrativeExpenses": 1180000000,
    "otherExpenses": 1045000000,
    "operatingExpenses": 2225000000,
    "costAndExpenses": 4815000000,
    "interestIncome": 4781000000,
    "interestExpense": 2368000000,
    "depreciationAndAmortization": 253000000,
    "ebitda": 1585000000,
    "ebitdaratio": 0.2578493574,
    "operatingIncome": 1332000000,
    "operatingIncomeRatio": 0.2166910688,
    "totalOtherIncomeExpensesNet": 0,
    "incomeBeforeTax": 1332000000,
    "incomeBeforeTaxRatio": 0.2166910688,
    "incomeTaxExpense": 477000000,
    "netIncome": 855000000,
    "netIncomeRatio": 0.1390922401,
    "eps": 0.23,
    "epsdiluted": 0.22,
    "weightedAverageShsOut": 1455150000,
    "weightedAverageShsOutDil": 1455150000,
    "link": "https://www.sec.gov/Archives/edgar/data/70858/000095016897001328/0000950168-97-001328-index.htm",
    "finalLink": "https://www.sec.gov/Archives/edgar/data/70858/0000950168-97-001328.txt"
  },
  {
    "date": "1996-12-31",
    "symbol": "BAC",
    "reportedCurrency": "USD",
    "cik": "0000070858",
    "fillingDate": "1997-03-28",
    "acceptedDate": "1997-03-28 00:00:00",
    "calendarYear": "1996",
    "period": "Q4",
    "revenue": 4349000000,
    "costOfRevenue": 1918000000,
    "grossProfit": 2431000000,
    "grossProfitRatio": 0.5589790756,
    "researchAndDevelopmentExpenses": 0,
    "generalAndAdministrativeExpenses": 0,
    "sellingAndMarketingExpenses": 0,
    "sellingGeneralAndAdministrativeExpenses": 0,
    "otherExpenses": 1473000000,
    "operatingExpenses": 1473000000,
    "costAndExpenses": 3391000000,
    "interestIncome": 3358000000,
    "interestExpense": 1768000000,
    "depreciationAndAmortization": 120000000,
    "ebitda": 1078000000,
    "ebitdaratio": 0.2478730743,
    "operatingIncome": 958000000,
    "operatingIncomeRatio": 0.2202805243,
    "totalOtherIncomeExpensesNet": 0,
    "incomeBeforeTax": 958000000,
    "incomeBeforeTaxRatio": 0.2202805243,
    "incomeTaxExpense": 326000000,
    "netIncome": 632000000,
    "netIncomeRatio": 0.1453207634,
    "eps": 0.55,
    "epsdiluted": 0.52,
    "weightedAverageShsOut": 1150594000,
    "weightedAverageShsOutDil": 1202778000,
    "link": "https://www.sec.gov/Archives/edgar/data/70858/000095016897000739/0000950168-97-000739-index.htm",
    "finalLink": "https://www.sec.gov/Archives/edgar/data/70858/0000950168-97-000739.txt"
  },
  {
    "date": "1996-09-30",
    "symbol": "BAC",
    "reportedCurrency": "USD",
    "cik": "0000070858",
    "fillingDate": "1996-11-13",
    "acceptedDate": "1996-11-13 00:00:00",
    "calendarYear": "1996",
    "period": "Q3",
    "revenue": 4335000000,
    "costOfRevenue": 1973000000,
    "grossProfit": 2362000000,
    "grossProfitRatio": 0.5448673587,
    "researchAndDevelopmentExpenses": 0,
    "generalAndAdministrativeExpenses": 0,
    "sellingAndMarketingExpenses": 0,
    "sellingGeneralAndAdministrativeExpenses": 0,
    "otherExpenses": 1406000000,
    "operatingExpenses": 1406000000,
    "costAndExpenses": 3379000000,
    "interestIncome": 3423000000,
    "interestExpense": 1828000000,
    "depreciationAndAmortization": 113000000,
    "ebitda": 1069000000,
    "ebitdaratio": 0.2465974625,
    "operatingIncome": 956000000,
    "operatingIncomeRatio": 0.2205305652,
    "totalOtherIncomeExpensesNet": 0,
    "incomeBeforeTax": 956000000,
    "incomeBeforeTaxRatio": 0.2205305652,
    "incomeTaxExpense": 331000000,
    "netIncome": 625000000,
    "netIncomeRatio": 0.1441753172,
    "eps": 0.13,
    "epsdiluted": 0.13,
    "weightedAverageShsOut": 1204332000,
    "weightedAverageShsOutDil": 1204332000,
    "link": "https://www.sec.gov/Archives/edgar/data/70858/000095016896002141/0000950168-96-002141-index.htm",
    "finalLink": "https://www.sec.gov/Archives/edgar/data/70858/0000950168-96-002141.txt"
  },
  {
    "date": "1996-06-30",
    "symbol": "BAC",
    "reportedCurrency": "USD",
    "cik": "0000070858",
    "fillingDate": "1996-08-14",
    "acceptedDate": "1996-08-14 00:00:00",
    "calendarYear": "1996",
    "period": "Q2",
    "revenue": 4353000000,
    "costOfRevenue": 2010000000,
    "grossProfit": 2343000000,
    "grossProfitRatio": 0.5382494831,
    "researchAndDevelopmentExpenses": 0,
    "generalAndAdministrativeExpenses": 0,
    "sellingAndMarketingExpenses": 0,
    "sellingGeneralAndAdministrativeExpenses": 0,
    "otherExpenses": 1412000000,
    "operatingExpenses": 1412000000,
    "costAndExpenses": 3422000000,
    "interestIncome": 3442000000,
    "interestExpense": 1855000000,
    "depreciationAndAmortization": 108000000,
    "ebitda": 1039000000,
    "ebitdaratio": 0.2386859637,
    "operatingIncome": 931000000,
    "operatingIncomeRatio": 0.2138754882,
    "totalOtherIncomeExpensesNet": 0,
    "incomeBeforeTax": 931000000,
    "incomeBeforeTaxRatio": 0.2138754882,
    "incomeTaxExpense": 326000000,
    "netIncome": 605000000,
    "netIncomeRatio": 0.1389846083,
    "eps": 0.13,
    "epsdiluted": 0.12,
    "weightedAverageShsOut": 1202000000,
    "weightedAverageShsOutDil": 1214141000,
    "link": "https://www.sec.gov/Archives/edgar/data/70858/000095016896001514/0000950168-96-001514-index.htm",
    "finalLink": "https://www.sec.gov/Archives/edgar/data/70858/0000950168-96-001514.txt"
  },
  {
    "date": "1996-03-31",
    "symbol": "BAC",
    "reportedCurrency": "USD",
    "cik": "0000070858",
    "fillingDate": "1996-05-10",
    "acceptedDate": "1996-05-10 00:00:00",
    "calendarYear": "1996",
    "period": "Q1",
    "revenue": 4472000000,
    "costOfRevenue": 2171000000,
    "grossProfit": 2301000000,
    "grossProfitRatio": 0.5145348837,
    "researchAndDevelopmentExpenses": 0,
    "generalAndAdministrativeExpenses": 0,
    "sellingAndMarketingExpenses": 0,
    "sellingGeneralAndAdministrativeExpenses": 0,
    "otherExpenses": 1512000000,
    "operatingExpenses": 1512000000,
    "costAndExpenses": 3683000000,
    "interestIncome": 3573000000,
    "interestExpense": 2016000000,
    "depreciationAndAmortization": 101000000,
    "ebitda": 890000000,
    "ebitdaratio": 0.1990161002,
    "operatingIncome": 789000000,
    "operatingIncomeRatio": 0.176431127,
    "totalOtherIncomeExpensesNet": 0,
    "incomeBeforeTax": 789000000,
    "incomeBeforeTaxRatio": 0.176431127,
    "incomeTaxExpense": 276000000,
    "netIncome": 513000000,
    "netIncomeRatio": 0.1147137746,
    "eps": 0.11,
    "epsdiluted": 0.11,
    "weightedAverageShsOut": 1197272000,
    "weightedAverageShsOutDil": 1197272000,
    "link": "https://www.sec.gov/Archives/edgar/data/70858/000007085896000068/0000070858-96-000068-index.htm",
    "finalLink": "https://www.sec.gov/Archives/edgar/data/70858/0000070858-96-000068.txt"
  },
  {
    "date": "1995-12-31",
    "symbol": "BAC",
    "reportedCurrency": "USD",
    "cik": "0000070858",
    "fillingDate": "1996-03-29",
    "acceptedDate": "1996-03-29 00:00:00",
    "calendarYear": "1995",
    "period": "Q4",
    "revenue": 4210000000,
    "costOfRevenue": 2090000000,
    "grossProfit": 2120000000,
    "grossProfitRatio": 0.5035629454,
    "researchAndDevelopmentExpenses": 0,
    "generalAndAdministrativeExpenses": 0,
    "sellingAndMarketingExpenses": 0,
    "sellingGeneralAndAdministrativeExpenses": 0,
    "otherExpenses": 1332000000,
    "operatingExpenses": 1332000000,
    "costAndExpenses": 3422000000,
    "interestIncome": 3361000000,
    "interestExpense": 1948000000,
    "depreciationAndAmortization": 100000000,
    "ebitda": 888000000,
    "ebitdaratio": 0.2109263658,
    "operatingIncome": 788000000,
    "operatingIncomeRatio": 0.1871733967,
    "totalOtherIncomeExpensesNet": 0,
    "incomeBeforeTax": 788000000,
    "incomeBeforeTaxRatio": 0.1871733967,
    "incomeTaxExpense": 278000000,
    "netIncome": 510000000,
    "netIncomeRatio": 0.1211401425,
    "eps": 0.42,
    "epsdiluted": 0.42,
    "weightedAverageShsOut": 1197647000,
    "weightedAverageShsOutDil": 1211905000,
    "link": "https://www.sec.gov/Archives/edgar/data/70858/000095016896000536/0000950168-96-000536-index.htm",
    "finalLink": "https://www.sec.gov/Archives/edgar/data/70858/0000950168-96-000536.txt"
  },
  {
    "date": "1995-09-30",
    "symbol": "BAC",
    "reportedCurrency": "USD",
    "cik": "0000070858",
    "fillingDate": "1995-11-13",
    "acceptedDate": "1995-11-13 00:00:00",
    "calendarYear": "1995",
    "period": "Q3",
    "revenue": 4177000000,
    "costOfRevenue": 2107000000,
    "grossProfit": 2070000000,
    "grossProfitRatio": 0.495570984,
    "researchAndDevelopmentExpenses": 0,
    "generalAndAdministrativeExpenses": 0,
    "sellingAndMarketingExpenses": 0,
    "sellingGeneralAndAdministrativeExpenses": 0,
    "otherExpenses": 1252000000,
    "operatingExpenses": 1252000000,
    "costAndExpenses": 3359000000,
    "interestIncome": 3398000000,
    "interestExpense": 2007000000,
    "depreciationAndAmortization": 99000000,
    "ebitda": 917000000,
    "ebitdaratio": 0.2195355518,
    "operatingIncome": 818000000,
    "operatingIncomeRatio": 0.1958343309,
    "totalOtherIncomeExpensesNet": 0,
    "incomeBeforeTax": 818000000,
    "incomeBeforeTaxRatio": 0.1958343309,
    "incomeTaxExpense": 288000000,
    "netIncome": 530000000,
    "netIncomeRatio": 0.1268853244,
    "eps": 0.12,
    "epsdiluted": 0.48,
    "weightedAverageShsOut": 4310204000,
    "weightedAverageShsOutDil": 1111084546,
    "link": "https://www.sec.gov/Archives/edgar/data/70858/000007085895000081/0000070858-95-000081-index.htm",
    "finalLink": "https://www.sec.gov/Archives/edgar/data/70858/0000070858-95-000081.txt"
  }
]