[
  {
    "date": "2024-12-31",
    "symbol": "BAC",
    "reportedCurrency": "USD",
    "cik": "0000070858",
    "fillingDate": "2025-02-25",
    "acceptedDate": "2025-02-25 17:07:15",
    "calendarYear": "2024",
    "period": "FY",
    "revenue": 192434000000,
    "costOfRevenue": 96368000000,
    "grossProfit": 96066000000,
    "grossProfitRatio": 0.4992153154,
    "researchAndDevelopmentExpenses": 0,
    "generalAndAdministrativeExpenses": 44173000000,
    "sellingAndMarketingExpenses": 5450000000,
    "sellingGeneralAndAdministrativeExpenses": 49623000000,
    "otherExpenses": 17189000000,
    "operatingExpenses": 66812000000,
    "costAndExpenses": 163180000000,
    "interestIncome": 146607000000,
    "interestExpense": 90547000000,
    "depreciationAndAmortization": 2189000000,
    "ebitda": 31443000000,
    "ebitdaratio": 0.1633962813,
    "operatingIncome": 29254000000,
    "operatingIncomeRatio": 0.1520209526,
    "totalOtherIncomeExpensesNet": 0,
    "incomeBeforeTax": 29254000000,
    "incomeBeforeTaxRatio": 0.1520209526,
    "incomeTaxExpense": 2122000000,
    "netIncome": 27132000000,
    "netIncomeRatio": 0.1409937953,
    "eps": 3.25,
    "epsdiluted": 3.22,
    "weightedAverageShsOut": 7738400000,
    "weightedAverageShsOutDil": 7843700000,
    "link": "https://www.sec.gov/Archives/edgar/data/70858/000007085825000139/0000070858-25-000139-index.htm",
    "finalLink": "https://www.sec.gov/Archives/edgar/data/70858/000007085825000139/bac-20241231.htm"
  },
  {
    "date": "2023-12-31",
    "symbol": "BAC",
    "reportedCurrency": "USD",
    "cik": "0000070858",
    "fillingDate": "2024-02-20",
    "acceptedDate": "2024-02-20 17:01:30",
    "calendarYear": "2023",
    "period": "FY",
    "revenue": 171912000000,
    "costOfRevenue": 77725000000,
    "grossProfit": 94187000000,
    "grossProfitRatio": 0.5478791475,
    "researchAndDevelopmentExpenses": 0,
    "generalAndAdministrativeExpenses": 42180000000,
    "sellingAndMarketingExpenses": 5535000000,
    "sellingGeneralAndAdministrativeExpenses": 47715000000,
    "otherExpenses": 18130000000,
    "operatingExpenses": 65845000000,
    "costAndExpenses": 143570000000,
    "interestIncome": 130262000000,
    "interestExpense": 73331000000,
    "depreciationAndAmortization": 2057000000,
    "ebitda": 30399000000,
    "ebitdaratio": 0.1768288427,
    "operatingIncome": 28342000000,
    "operatingIncomeRatio": 0.1648634185,
    "totalOtherIncomeExpensesNet": 0,
    "incomeBeforeTax": 28342000000,
    "incomeBeforeTaxRatio": 0.1648634185,
    "incomeTaxExpense": 1827000000,
    "netIncome": 26515000000,
    "netIncomeRatio": 0.1542358881,
    "eps": 3.1,
    "epsdiluted": 3.08,
    "weightedAverageShsOut": 8028600000,
    "weightedAverageShsOutDil": 8080500000,
    "link": "https://www.sec.gov/Archives/edgar/data/70858/000007085824000122/0000070858-24-000122-index.htm",
    "finalLink": "https://www.sec.gov/Archives/edgar/data/70858/000007085824000122/bac-20231231.htm"
  },
  {
    "date": "2022-12-31",
    "symbol": "BAC",
    "reportedCurrency": "USD",
    "cik": "0000070858",
    "fillingDate": "2023-02-22",
    "acceptedDate": "2023-02-22 16:33:50",
    "calendarYear": "2022",
    "period": "FY",
    "revenue": 115053000000,
    "costOfRevenue": 22646000000,
    "grossProfit": 92407000000,
    "grossProfitRatio": 0.8031689743,
    "researchAndDevelopmentExpenses": 0,
    "generalAndAdministrativeExpenses": 40468000000,
    "sellingAndMarketingExpenses": 5478000000,
    "sellingGeneralAndAdministrativeExpenses": 45946000000,
    "otherExpenses": 15492000000,
    "operatingExpenses": 61438000000,
    "costAndExpenses": 84084000000,
    "interestIncome": 72565000000,
    "interestExpense": 20103000000,
    "depreciationAndAmortization": 1978000000,
    "ebitda": 32947000000,
    "ebitdaratio": 0.2863636759,
    "operatingIncome": 30969000000,
    "operatingIncomeRatio": 0.2691715992,
    "totalOtherIncomeExpensesNet": 0,
    "incomeBeforeTax": 30969000000,
    "incomeBeforeTaxRatio": 0.2691715992,
    "incomeTaxExpense": 3441000000,
    "netIncome": 27528000000,
    "netIncomeRatio": 0.2392636437,
    "eps": 3.21,
    "epsdiluted": 3.19,
    "weightedAverageShsOut": 8113700000,
    "weightedAverageShsOutDil": 8167500000,
    "link": "https://www.sec.gov/Archives/edgar/data/70858/000007085823000092/0000070858-23-000092-index.htm",
    "finalLink": "https://www.sec.gov/Archives/edgar/data/70858/000007085823000092/bac-20221231.htm"
  },
  {
    "date": "2021-12-31",
    "symbol": "BAC",
    "reportedCurrency": "USD",
    "cik": "0000070858",
    "fillingDate": "2022-02-22",
    "acceptedDate": "2022-02-22 17:15:02",
    "calendarYear": "2021",
    "period": "FY",
    "revenue": 93851000000,
    "costOfRevenue": 144000000,
    "grossProfit": 93707000000,
    "grossProfitRatio": 0.998465653,
    "researchAndDevelopmentExpenses": 0,
    "generalAndAdministrativeExpenses": 39229000000,
    "sellingAndMarketingExpenses": 5820000000,
    "sellingGeneralAndAdministrativeExpenses": 45049000000,
    "otherExpenses": 14682000000,
    "operatingExpenses": 59731000000,
    "costAndExpenses": 59875000000,
    "interestIncome": 47672000000,
    "interestExpense": 4738000000,
    "depreciationAndAmortization": 1898000000,
    "ebitda": 35874000000,
    "ebitdaratio": 0.3822441956,
    "operatingIncome": 33976000000,
    "operatingIncomeRatio": 0.3620206498,
    "totalOtherIncomeExpensesNet": 0,
    "incomeBeforeTax": 33976000000,
    "incomeBeforeTaxRatio": 0.3620206498,
    "incomeTaxExpense": 1998000000,
    "netIncome": 31978000000,
    "netIncomeRatio": 0.3407315852,
    "eps": 3.6,
    "epsdiluted": 3.57,
    "weightedAverageShsOut": 8493299999,
    "weightedAverageShsOutDil": 8558400000,
    "link": "https://www.sec.gov/Archives/edgar/data/70858/000007085822000062/0000070858-22-000062-index.htm",
    "finalLink": "https://www.sec.gov/Archives/edgar/data/70858/000007085822000062/bac-20211231.htm"
  },
  {
    "date": "2020-12-31",
    "symbol": "BAC",
    "reportedCurrency": "USD",
    "cik": "0000070858",
    "fillingDate": "2021-02-24",
    "acceptedDate": "2021-02-24 16:56:31",
    "calendarYear": "2020",
    "period": "FY",
    "revenue": 93753000000,
    "costOfRevenue": 19545000000,
    "grossProfit": 74208000000,
    "grossProfitRatio": 0.7915266711,
    "researchAndDevelopmentExpenses": 0,
    "generalAndAdministrativeExpenses": 36022000000,
    "sellingAndMarketingExpenses": 5134000000,
    "sellingGeneralAndAdministrativeExpenses": 41156000000,
    "otherExpenses": 14057000000,
    "operatingExpenses": 55213000000,
    "costAndExpenses": 74758000000,
    "interestIncome": 51585000000,
    "interestExpense": 8225000000,
    "depreciationAndAmortization": 1843000000,
    "ebitda": 20838000000,
    "ebitdaratio": 0.2222648875,
    "operatingIncome": 18995000000,
    "operatingIncomeRatio": 0.2026068499,
    "totalOtherIncomeExpensesNet": 0,
    "incomeBeforeTax": 18995000000,
    "incomeBeforeTaxRatio": 0.2026068499,
    "incomeTaxExpense": 1101000000,
    "netIncome": 17894000000,
    "netIncomeRatio": 0.1908632257,
    "eps": 1.88,
    "epsdiluted": 1.87,
    "weightedAverageShsOut": 8753200000,
    "weightedAverageShsOutDil": 8796900000,
    "link": "https://www.sec.gov/Archives/edgar/data/70858/000007085821000023/0000070858-21-000023-index.htm",
    "finalLink": "https://www.sec.gov/Archives/edgar/data/70858/000007085821000023/bac-20201231.htm"
  },
  {
    "date": "2019-12-31",
    "symbol": "BAC",
    "reportedCurrency": "USD",
    "cik": "0000070858",
    "fillingDate": "2020-02-19",
    "acceptedDate": "2020-02-19 16:18:13",
    "calendarYear": "2019",
    "period": "FY",
    "revenue": 113589000000,
    "costOfRevenue": 25935000000,
    "grossProfit": 87654000000,
    "grossProfitRatio": 0.7716768349,
    "researchAndDevelopmentExpenses": 0,
    "generalAndAdministrativeExpenses": 37373000000,
    "sellingAndMarketingExpenses": 4696000000,
    "sellingGeneralAndAdministrativeExpenses": 42069000000,
    "otherExpenses": 12831000000,
    "operatingExpenses": 54900000000,
    "costAndExpenses": 80835000000,
    "interestIncome": 71236000000,
    "interestExpense": 22345000000,
    "depreciationAndAmortization": 1729000000,
    "ebitda": 34483000000,
    "ebitdaratio": 0.3035769309,
    "operatingIncome": 32754000000,
    "operatingIncomeRatio": 0.2883553865,
    "totalOtherIncomeExpensesNet": 0,
    "incomeBeforeTax": 32754000000,
    "incomeBeforeTaxRatio": 0.2883553865,
    "incomeTaxExpense": 5324000000,
    "netIncome": 27430000000,
    "netIncomeRatio": 0.2414846508,
    "eps": 2.77,
    "epsdiluted": 2.75,
    "weightedAverageShsOut": 9390500000,
    "weightedAverageShsOutDil": 9442900000,
    "link": "https://www.sec.gov/Archives/edgar/data/70858/000007085820000011/0000070858-20-000011-index.htm",
    "finalLink": "https://www.sec.gov/Archives/edgar/data/70858/000007085820000011/bac-1231201910xk.htm"
  },
  {
    "date": "2018-12-31",
    "symbol": "BAC",
    "reportedCurrency": "USD",
    "cik": "0000070858",
    "fillingDate": "2019-02-26",
    "acceptedDate": "2019-02-26 16:38:01",
    "calendarYear": "2018",
    "period": "FY",
    "revenue": 109627000000,
    "costOfRevenue": 21889000000,
    "grossProfit": 87738000000,
    "grossProfitRatio": 0.800332035,
    "researchAndDevelopmentExpenses": 0,
    "generalAndAdministrativeExpenses": 35989000000,
    "sellingAndMarketingExpenses": 4531000000,
    "sellingGeneralAndAdministrativeExpenses": 40520000000,
    "otherExpenses": 12634000000,
    "operatingExpenses": 53154000000,
    "costAndExpenses": 75043000000,
    "interestIncome": 66769000000,
    "interestExpense": 18607000000,
    "depreciationAndAmortization": 2063000000,
    "ebitda": 36647000000,
    "ebitdaratio": 0.334288086,
    "operatingIncome": 34584000000,
    "operatingIncomeRatio": 0.3154697292,
    "totalOtherIncomeExpensesNet": 0,
    "incomeBeforeTax": 34584000000,
    "incomeBeforeTaxRatio": 0.3154697292,
    "incomeTaxExpense": 6437000000,
    "netIncome": 28147000000,
    "netIncomeRatio": 0.2567524424,
    "eps": 2.64,
    "epsdiluted": 2.61,
    "weightedAverageShsOut": 10096500000,
    "weightedAverageShsOutDil": 10236900000,
    "link": "https://www.sec.gov/Archives/edgar/data/70858/000007085819000012/0000070858-19-000012-index.htm",
    "finalLink": "https://www.sec.gov/Archives/edgar/data/70858/000007085819000012/bac-1231201810xk.htm"
  },
  {
    "date": "2017-12-31",
    "symbol": "BAC",
    "reportedCurrency": "USD",
    "cik": "0000070858",
    "fillingDate": "2018-02-22",
    "acceptedDate": "2018-02-22 16:10:05",
    "calendarYear": "2017",
    "period": "FY",
    "revenue": 99466000000,
    "costOfRevenue": 15736000000,
    "grossProfit": 83730000000,
    "grossProfitRatio": 0.8417951863,
    "researchAndDevelopmentExpenses": 0,
    "generalAndAdministrativeExpenses": 37048000000,
    "sellingAndMarketingExpenses": 4787000000,
    "sellingGeneralAndAdministrativeExpenses": 41835000000,
    "otherExpenses": 12682000000,
    "operatingExpenses": 54517000000,
    "costAndExpenses": 70253000000,
    "interestIncome": 57579000000,
    "interestExpense": 12340000000,
    "depreciationAndAmortization": 2103000000,
    "ebitda": 31316000000,
    "ebitdaratio": 0.3148412523,
    "operatingIncome": 29213000000,
    "operatingIncomeRatio": 0.2936983492,
    "totalOtherIncomeExpensesNet": 0,
    "incomeBeforeTax": 29213000000,
    "incomeBeforeTaxRatio": 0.2936983492,
    "incomeTaxExpense": 10981000000,
    "netIncome": 18232000000,
    "netIncomeRatio": 0.1832988157,
    "eps": 1.63,
    "epsdiluted": 1.56,
    "weightedAverageShsOut": 10195600000,
    "weightedAverageShsOutDil": 10778400000,
    "link": "https://www.sec.gov/Archives/edgar/data/70858/000007085818000009/0000070858-18-000009-index.htm",
    "finalLink": "https://www.sec.gov/Archives/edgar/data/70858/000007085818000009/bac-1231201710xk.htm"
  },
  {
    "date": "2016-12-31",
    "symbol": "BAC",
    "reportedCurrency": "USD",
    "cik": "0000070858",
    "fillingDate": "2017-02-23",
    "acceptedDate": "2017-02-23 16:11:19",
    "calendarYear": "2016",
    "period": "FY",
    "revenue": 93662000000,
    "costOfRevenue": 13558000000,
    "grossProfit": 80104000000,
    "grossProfitRatio": 0.8552454571,
    "researchAndDevelopmentExpenses": 0,
    "generalAndAdministrativeExpenses": 41814000000,
    "sellingAndMarketingExpenses": 1703000000,
    "sellingGeneralAndAdministrativeExpenses": 43517000000,
    "otherExpenses": 11566000000,
    "operatingExpenses": 55083000000,
    "costAndExpenses": 68641000000,
    "interestIncome": 51057000000,
    "interestExpense": 9961000000,
    "depreciationAndAmortization": 2241000000,
    "ebitda": 27262000000,
    "ebitdaratio": 0.2910678824,
    "operatingIncome": 25021000000,
    "operatingIncomeRatio": 0.2671414234,
    "totalOtherIncomeExpensesNet": 0,
    "incomeBeforeTax": 25021000000,
    "incomeBeforeTaxRatio": 0.2671414234,
    "incomeTaxExpense": 7199000000,
    "netIncome": 17822000000,
    "netIncomeRatio": 0.1902799428,
    "eps": 1.58,
    "epsdiluted": 1.5,
    "weightedAverageShsOut": 10284100000,
    "weightedAverageShsOutDil": 11046800000,
    "link": "https://www.sec.gov/Archives/edgar/data/70858/000007085817000013/0000070858-17-000013-index.htm",
    "finalLink": "https://www.sec.gov/Archives/edgar/data/70858/000007085817000013/bac-1231201610xk.htm"
  },
  {
    "date": "2015-12-31",
    "symbol": "BAC",
    "reportedCurrency": "USD",
    "cik": "0000070858",
    "fillingDate": "2016-02-24",
    "acceptedDate": "2016-02-24 16:47:44",
    "calendarYear": "2015",
    "period": "FY",
    "revenue": 93514000000,
    "costOfRevenue": 13710000000,
    "grossProfit": 79804000000,
    "grossProfitRatio": 0.8533909361,
    "researchAndDevelopmentExpenses": 0,
    "generalAndAdministrativeExpenses": 43472000000,
    "sellingAndMarketingExpenses": 1811000000,
    "sellingGeneralAndAdministrativeExpenses": 45283000000,
    "otherExpenses": 12334000000,
    "operatingExpenses": 57617000000,
    "costAndExpenses": 71327000000,
    "interestIncome": 49507000000,
    "interestExpense": 10549000000,
    "depreciationAndAmortization": 2389000000,
    "ebitda": 24576000000,
    "ebitdaratio": 0.2628055692,
    "operatingIncome": 22187000000,
    "operatingIncomeRatio": 0.2372585923,
    "totalOtherIncomeExpensesNet": 0,
    "incomeBeforeTax": 22187000000,
    "incomeBeforeTaxRatio": 0.2372585923,
    "incomeTaxExpense": 6277000000,
    "netIncome": 15910000000,
    "netIncomeRatio": 0.1701349531,
    "eps": 1.38,
    "epsdiluted": 1.31,
    "weightedAverageShsOut": 10462282000,
    "weightedAverageShsOutDil": 11236230000,
    "link": "https://www.sec.gov/Archives/edgar/data/70858/000007085816000137/0000070858-16-000137-index.htm",
    "finalLink": "https://www.sec.gov/Archives/edgar/data/70858/000007085816000137/bac-1231201510xk.htm"
  },
  {
    "date": "2014-12-31",
    "symbol": "BAC",
    "reportedCurrency": "USD",
    "cik": "0000070858",
    "fillingDate": "2015-02-25",
    "acceptedDate": "2015-02-25 16:06:24",
    "calendarYear": "2014",
    "period": "FY",
    "revenue": 96829000000,
    "costOfRevenue": 13210000000,
    "grossProfit": 83619000000,
    "grossProfitRatio": 0.8635739293,
    "researchAndDevelopmentExpenses": 0,
    "generalAndAdministrativeExpenses": 59631000000,
    "sellingAndMarketingExpenses": 1829000000,
    "sellingGeneralAndAdministrativeExpenses": 61460000000,
    "otherExpenses": 14196000000,
    "operatingExpenses": 75656000000,
    "costAndExpenses": 88866000000,
    "interestIncome": 51714000000,
    "interestExpense": 10935000000,
    "depreciationAndAmortization": 2522000000,
    "ebitda": 10485000000,
    "ebitdaratio": 0.1082836753,
    "operatingIncome": 7963000000,
    "operatingIncomeRatio": 0.0822377593,
    "totalOtherIncomeExpensesNet": 0,
    "incomeBeforeTax": 7963000000,
    "incomeBeforeTaxRatio": 0.0822377593,
    "incomeTaxExpense": 2443000000,
    "netIncome": 5520000000,
    "netIncomeRatio": 0.0570077146,
    "eps": 0.36,
    "epsdiluted": 0.36,
    "weightedAverageShsOut": 10527818000,
    "weightedAverageShsOutDil": 10584535000,
    "link": "https://www.sec.gov/Archives/edgar/data/70858/000007085815000008/0000070858-15-000008-index.htm",
    "finalLink": "https://www.sec.gov/Archives/edgar/data/70858/000007085815000008/bac-12312014x10k.htm"
  },
  {
    "date": "2013-12-31",
    "symbol": "BAC",
    "reportedCurrency": "USD",
    "cik": "0000070858",
    "fillingDate": "2014-02-25",
    "acceptedDate": "2014-02-25 16:07:46",
    "calendarYear": "2013",
    "period": "FY",
    "revenue": 98796000000,
    "costOfRevenue": 16311000000,
    "grossProfit": 82485000000,
    "grossProfitRatio": 0.8349022228,
    "researchAndDevelopmentExpenses": 0,
    "generalAndAdministrativeExpenses": 52026000000,
    "sellingAndMarketingExpenses": 1834000000,
    "sellingGeneralAndAdministrativeExpenses": 53860000000,
    "otherExpenses": 12453000000,
    "operatingExpenses": 66313000000,
    "costAndExpenses": 82624000000,
    "interestIncome": 55020000000,
    "interestExpense": 12755000000,
    "depreciationAndAmortization": 2683000000,
    "ebitda": 18855000000,
    "ebitdaratio": 0.1908478076,
    "operatingIncome": 16172000000,
    "operatingIncomeRatio": 0.1636908377,
    "totalOtherIncomeExpensesNet": 0,
    "incomeBeforeTax": 16172000000,
    "incomeBeforeTaxRatio": 0.1636908377,
    "incomeTaxExpense": 4741000000,
    "netIncome": 11431000000,
    "netIncomeRatio": 0.1157030649,
    "eps": 0.94,
    "epsdiluted": 0.9,
    "weightedAverageShsOut": 10731165000,
    "weightedAverageShsOutDil": 11491418000,
    "link": "https://www.sec.gov/Archives/edgar/data/70858/000007085814000012/0000070858-14-000012-index.htm",
    "finalLink": "https://www.sec.gov/Archives/edgar/data/70858/000007085814000012/bac-12312013x10k.htm"
  },
  {
    "date": "2012-12-31",
    "symbol": "BAC",
    "reportedCurrency": "USD",
    "cik": "0000070858",
    "fillingDate": "2013-02-28",
    "acceptedDate": "2013-02-28 16:03:27",
    "calendarYear": "2012",
    "period": "FY",
    "revenue": 98008000000,
    "costOfRevenue": 24913000000,
    "grossProfit": 73095000000,
    "grossProfitRatio": 0.7458064648,
    "researchAndDevelopmentExpenses": 0,
    "generalAndAdministrativeExpenses": 49722000000,
    "sellingAndMarketingExpenses": 1873000000,
    "sellingGeneralAndAdministrativeExpenses": 51595000000,
    "otherExpenses": 18428000000,
    "operatingExpenses": 70023000000,
    "costAndExpenses": 94936000000,
    "interestIncome": 57400000000,
    "interestExpense": 16744000000,
    "depreciationAndAmortization": 3038000000,
    "ebitda": 6110000000,
    "ebitdaratio": 0.0623418496,
    "operatingIncome": 3072000000,
    "operatingIncomeRatio": 0.0313443801,
    "totalOtherIncomeExpensesNet": 0,
    "incomeBeforeTax": 3072000000,
    "incomeBeforeTaxRatio": 0.0313443801,
    "incomeTaxExpense": -1116000000,
    "netIncome": 4188000000,
    "netIncomeRatio": 0.0427312056,
    "eps": 0.26,
    "epsdiluted": 0.25,
    "weightedAverageShsOut": 10746028000,
    "weightedAverageShsOutDil": 10840854000,
    "link": "https://www.sec.gov/Archives/edgar/data/70858/000007085813000097/0000070858-13-000097-index.htm",
    "finalLink": "https://www.sec.gov/Archives/edgar/data/70858/000007085813000097/bac-12312012x10k.htm"
  },
  {
    "date": "2011-12-31",
    "symbol": "BAC",
    "reportedCurrency": "USD",
    "cik": "0000070858",
    "fillingDate": "2012-02-23",
    "acceptedDate": "2012-02-23 16:13:53",
    "calendarYear": "2011",
    "period": "FY",
    "revenue": 107714000000,
    "costOfRevenue": 35030000000,
    "grossProfit": 72684000000,
    "grossProfitRatio": 0.6747869358,
    "researchAndDevelopmentExpenses": 0,
    "generalAndAdministrativeExpenses": 58066000000,
    "sellingAndMarketingExpenses": 2203000000,
    "sellingGeneralAndAdministrativeExpenses": 60269000000,
    "otherExpenses": 12645000000,
    "operatingExpenses": 72914000000,
    "costAndExpenses": 107944000000,
    "interestIncome": 66236000000,
    "interestExpense": 21620000000,
    "depreciationAndAmortization": 3485000000,
    "ebitda": 3255000000,
    "ebitdaratio": 0.030218913,
    "operatingIncome": -230000000,
    "operatingIncomeRatio": -0.0021352842,
    "totalOtherIncomeExpensesNet": 0,
    "incomeBeforeTax": -230000000,
    "incomeBeforeTaxRatio": -0.0021352842,
    "incomeTaxExpense": -1676000000,
    "netIncome": 1446000000,
    "netIncomeRatio": 0.0134244388,
    "eps": 0.01,
    "epsdiluted": 0.01,
    "weightedAverageShsOut": 10142625000,
    "weightedAverageShsOutDil": 10254824000,
    "link": "https://www.sec.gov/Archives/edgar/data/70858/000007085812000155/0000070858-12-000155-index.htm",
    "finalLink": "https://www.sec.gov/Archives/edgar/data/70858/000007085812000155/bac-12312011x10k.htm"
  },
  {
    "date": "2010-12-31",
    "symbol": "BAC",
    "reportedCurrency": "USD",
    "cik": "0000070858",
    "fillingDate": "2011-02-25",
    "acceptedDate": "2011-02-25 16:27:28",
    "calendarYear": "2010",
    "period": "FY",
    "revenue": 128934000000,
    "costOfRevenue": 52409000000,
    "grossProfit": 76525000000,
    "grossProfitRatio": 0.593520716,
    "researchAndDevelopmentExpenses": 0,
    "generalAndAdministrativeExpenses": 51371000000,
    "sellingAndMarketingExpenses": 1963000000,
    "sellingGeneralAndAdministrativeExpenses": 53334000000,
    "otherExpenses": 24514000000,
    "operatingExpenses": 77848000000,
    "costAndExpenses": 130257000000,
    "interestIncome": 75497000000,
    "interestExpense": 23974000000,
    "depreciationAndAmortization": 3912000000,
    "ebitda": 2589000000,
    "ebitdaratio": 0.020080041,
    "operatingIncome": -1323000000,
    "operatingIncomeRatio": -0.0102610638,
    "totalOtherIncomeExpensesNet": 0,
    "incomeBeforeTax": -1323000000,
    "incomeBeforeTaxRatio": -0.0102610638,
    "incomeTaxExpense": 915000000,
    "netIncome": -2238000000,
    "netIncomeRatio": -0.0173577179,
    "eps": -0.37,
    "epsdiluted": -0.37,
    "weightedAverageShsOut": 9790472000,
    "weightedAverageShsOutDil": 9790472000,
    "link": "https://www.sec.gov/Archives/edgar/data/70858/000095012311018743/0000950123-11-018743-index.htm",
    "finalLink": "https://www.sec.gov/Archives/edgar/data/70858/000095012311018743/g25571e10vk.htm"
  },
  {
    "date": "2009-12-31",
    "symbol": "BAC",
    "reportedCurrency": "USD",
    "cik": "0000070858",
    "fillingDate": "2010-02-26",
    "acceptedDate": "2010-02-26 07:51:04",
    "calendarYear": "2009",
    "period": "FY",
    "revenue": 140436000000,
    "costOfRevenue": 79377000000,
    "grossProfit": 61059000000,
    "grossProfitRatio": 0.4347816799,
    "researchAndDevelopmentExpenses": 0,
    "generalAndAdministrativeExpenses": 46519000000,
    "sellingAndMarketingExpenses": 1933000000,
    "sellingGeneralAndAdministrativeExpenses": 48452000000,
    "otherExpenses": 8247000000,
    "operatingExpenses": 56699000000,
    "costAndExpenses": 136076000000,
    "interestIncome": 77916000000,
    "interestExpense": 30807000000,
    "depreciationAndAmortization": 4314000000,
    "ebitda": 8674000000,
    "ebitdaratio": 0.0617647897,
    "operatingIncome": 4360000000,
    "operatingIncomeRatio": 0.0310461705,
    "totalOtherIncomeExpensesNet": 0,
    "incomeBeforeTax": 4360000000,
    "incomeBeforeTaxRatio": 0.0310461705,
    "incomeTaxExpense": -1916000000,
    "netIncome": 6276000000,
    "netIncomeRatio": 0.0446893959,
    "eps": -0.29,
    "epsdiluted": -0.29,
    "weightedAverageShsOut": 7728570000,
    "weightedAverageShsOutDil": 7728570000,
    "link": "https://www.sec.gov/Archives/edgar/data/70858/000119312510041666/0001193125-10-041666-index.htm",
    "finalLink": "https://www.sec.gov/Archives/edgar/data/70858/000119312510041666/d10k.htm"
  },
  {
    "date": "2008-12-31",
    "symbol": "BAC",
    "reportedCurrency": "USD",
    "cik": "0000070858",
    "fillingDate": "2009-02-27",
    "acceptedDate": "2009-02-27 16:56:02",
    "calendarYear": "2008",
    "period": "FY",
    "revenue": 112567000000,
    "costOfRevenue": 67149000000,
    "grossProfit": 45418000000,
    "grossProfitRatio": 0.4034752636,
    "researchAndDevelopmentExpenses": 0,
    "generalAndAdministrativeExpenses": 25867000000,
    "sellingAndMarketingExpenses": 2368000000,
    "sellingGeneralAndAdministrativeExpenses": 28235000000,
    "otherExpenses": 12755000000,
    "operatingExpenses": 40990000000,
    "costAndExpenses": 108139000000,
    "interestIncome": 85684000000,
    "interestExpense": 40324000000,
    "depreciationAndAmortization": 3319000000,
    "ebitda": 7747000000,
    "ebitdaratio": 0.0688212354,
    "operatingIncome": 4428000000,
    "operatingIncomeRatio": 0.0393365729,
    "totalOtherIncomeExpensesNet": 0,
    "incomeBeforeTax": 4428000000,
    "incomeBeforeTaxRatio": 0.0393365729,
    "incomeTaxExpense": 420000000,
    "netIncome": 4008000000,
    "netIncomeRatio": 0.0356054616,
    "eps": 0.56,
    "epsdiluted": 0.55,
    "weightedAverageShsOut": 4592085000,
    "weightedAverageShsOutDil": 7327993500,
    "link": "https://www.sec.gov/Archives/edgar/data/70858/000119312509041126/0001193125-09-041126-index.htm",
    "finalLink": "https://www.sec.gov/Archives/edgar/data/70858/000119312509041126/d10k.htm"
  },
  {
    "date": "2007-12-31",
    "symbol": "BAC",
    "reportedCurrency": "USD",
    "cik": "0000070858",
    "fillingDate": "2008-02-28",
    "acceptedDate": "2008-02-28 15:41:45",
    "calendarYear": "2007",
    "period": "FY",
    "revenue": 115632000000,
    "costOfRevenue": 61248000000,
    "grossProfit": 54384000000,
    "grossProfitRatio": 0.4703196347,
    "researchAndDevelopmentExpenses": 0,
    "generalAndAdministrativeExpenses": 24504000000,
    "sellingAndMarketingExpenses": 2356000000,
    "sellingGeneralAndAdministrativeExpenses": 26860000000,
    "otherExpenses": 6600000000,
    "operatingExpenses": 33460000000,
    "costAndExpenses": 94708000000,
    "interestIncome": 87304000000,
    "interestExpense": 52863000000,
    "depreciationAndAmortization": 2844000000,
    "ebitda": 23768000000,
    "ebitdaratio": 0.2055486371,
    "operatingIncome": 20924000000,
    "operatingIncomeRatio": 0.1809533693,
    "totalOtherIncomeExpensesNet": 0,
    "incomeBeforeTax": 20924000000,
    "incomeBeforeTaxRatio": 0.1809533693,
    "incomeTaxExpense": 5942000000,
    "netIncome": 14982000000,
    "netIncomeRatio": 0.12956621,
    "eps": 3.32,
    "epsdiluted": 2.04,
    "weightedAverageShsOut": 4423579000,
    "weightedAverageShsOutDil": 7327993500,
    "link": "https://www.sec.gov/Archives/edgar/data/70858/000119312508041665/0001193125-08-041665-index.htm",
    "finalLink": "https://www.sec.gov/Archives/edgar/data/70858/000119312508041665/d10k.htm"
  },
  {
    "date": "2006-12-31",
    "symbol": "BAC",
    "reportedCurrency": "USD",
    "cik": "0000070858",
    "fillingDate": "2007-02-28",
    "acceptedDate": "2007-02-28 10:31:30",
    "calendarYear": "2006",
    "period": "FY",
    "revenue": 113578000000,
    "costOfRevenue": 49001000000,
    "grossProfit": 64577000000,
    "grossProfitRatio": 0.5685696174,
    "researchAndDevelopmentExpenses": 0,
    "generalAndAdministrativeExpenses": 22987000000,
    "sellingAndMarketingExpenses": 2336000000,
    "sellingGeneralAndAdministrativeExpenses": 25323000000,
    "otherExpenses": 7281000000,
    "operatingExpenses": 32604000000,
    "costAndExpenses": 81605000000,
    "interestIncome": 78585000000,
    "interestExpense": 43991000000,
    "depreciationAndAmortization": 2869000000,
    "ebitda": 34842000000,
    "ebitdaratio": 0.3067671556,
    "operatingIncome": 31973000000,
    "operatingIncomeRatio": 0.281506982,
    "totalOtherIncomeExpensesNet": 0,
    "incomeBeforeTax": 31973000000,
    "incomeBeforeTaxRatio": 0.281506982,
    "incomeTaxExpense": 10840000000,
    "netIncome": 21133000000,
    "netIncomeRatio": 0.1860659635,
    "eps": 4.66,
    "epsdiluted": 2.88,
    "weightedAverageShsOut": 4526637000,
    "weightedAverageShsOutDil": 7327993500,
    "link": "https://www.sec.gov/Archives/edgar/data/70858/000119312507042036/0001193125-07-042036-index.htm",
    "finalLink": "https://www.sec.gov/Archives/edgar/data/70858/000119312507042036/d10k.htm"
  },
  {
    "date": "2005-12-31",
    "symbol": "BAC",
    "reportedCurrency": "USD",
    "cik": "0000070858",
    "fillingDate": "2006-03-16",
    "acceptedDate": "2006-03-16 10:48:00",
    "calendarYear": "2005",
    "period": "FY",
    "revenue": 82852000000,
    "costOfRevenue": 31903000000,
    "grossProfit": 50949000000,
    "grossProfitRatio": 0.6149398928,
    "researchAndDevelopmentExpenses": 0,
    "generalAndAdministrativeExpenses": 19174000000,
    "sellingAndMarketingExpenses": 1255000000,
    "sellingGeneralAndAdministrativeExpenses": 20429000000,
    "otherExpenses": 6040000000,
    "operatingExpenses": 26469000000,
    "costAndExpenses": 58372000000,
    "interestIncome": 58626000000,
    "interestExpense": 27889000000,
    "depreciationAndAmortization": 1768000000,
    "ebitda": 26248000000,
    "ebitdaratio": 0.3168058707,
    "operatingIncome": 24480000000,
    "operatingIncomeRatio": 0.2954666152,
    "totalOtherIncomeExpensesNet": 0,
    "incomeBeforeTax": 24480000000,
    "incomeBeforeTaxRatio": 0.2954666152,
    "incomeTaxExpense": 8015000000,
    "netIncome": 16465000000,
    "netIncomeRatio": 0.1987278521,
    "eps": 4.1,
    "epsdiluted": 2.25,
    "weightedAverageShsOut": 4008688000,
    "weightedAverageShsOutDil": 7327993500,
    "link": "https://www.sec.gov/Archives/edgar/data/70858/000119312506056053/0001193125-06-056053-index.htm",
    "finalLink": "https://www.sec.gov/Archives/edgar/data/70858/000119312506056053/d10k.htm"
  },
  {
    "date": "2004-12-31",
    "symbol": "BAC",
    "reportedCurrency": "USD",
    "cik": "0000070858",
    "fillingDate": "2005-03-01",
    "acceptedDate": "2005-03-01 16:46:19",
    "calendarYear": "2004",
    "period": "FY",
    "revenue": 64658000000,
    "costOfRevenue": 17762000000,
    "grossProfit": 46896000000,
    "grossProfitRatio": 0.7252930805,
    "researchAndDevelopmentExpenses": 0,
    "generalAndAdministrativeExpenses": 17892000000,
    "sellingAndMarketingExpenses": 1349000000,
    "sellingGeneralAndAdministrativeExpenses": 19241000000,
    "otherExpenses": 6747000000,
    "operatingExpenses": 25988000000,
    "costAndExpenses": 43750000000,
    "interestIncome": 42953000000,
    "interestExpense": 14993000000,
    "depreciationAndAmortization": 1636000000,
    "ebitda": 22544000000,
    "ebitdaratio": 0.348665285,
    "operatingIncome": 20908000000,
    "operatingIncomeRatio": 0.3233629249,
    "totalOtherIncomeExpensesNet": 0,
    "incomeBeforeTax": 20908000000,
    "incomeBeforeTaxRatio": 0.3233629249,
    "incomeTaxExpense": 6961000000,
    "netIncome": 13947000000,
    "netIncomeRatio": 0.2157041665,
    "eps": 3.71,
    "epsdiluted": 1.9,
    "weightedAverageShsOut": 3758507000,
    "weightedAverageShsOutDil": 7327993500,
    "link": "https://www.sec.gov/Archives/edgar/data/70858/000119312505039878/0001193125-05-039878-index.htm",
    "finalLink": "https://www.sec.gov/Archives/edgar/data/70858/000119312505039878/d10k.htm"
  },
  {
    "date": "2003-12-31",
    "symbol": "BAC",
    "reportedCurrency": "USD",
    "cik": "0000070858",
    "fillingDate": "2004-03-01",
    "acceptedDate": "2004-03-01 16:38:59",
    "calendarYear": "2003",
    "period": "FY",
    "revenue": 49006000000,
    "costOfRevenue": 13018000000,
    "grossProfit": 35988000000,
    "grossProfitRatio": 0.7343590581,
    "researchAndDevelopmentExpenses": 0,
    "generalAndAdministrativeExpenses": 10446000000,
    "sellingAndMarketingExpenses": 985000000,
    "sellingGeneralAndAdministrativeExpenses": 11431000000,
    "otherExpenses": 8696000000,
    "operatingExpenses": 20127000000,
    "costAndExpenses": 33145000000,
    "interestIncome": 31643000000,
    "interestExpense": 10179000000,
    "depreciationAndAmortization": 1107000000,
    "ebitda": 16968000000,
    "ebitdaratio": 0.3462433171,
    "operatingIncome": 15861000000,
    "operatingIncomeRatio": 0.3236542464,
    "totalOtherIncomeExpensesNet": 0,
    "incomeBeforeTax": 15861000000,
    "incomeBeforeTaxRatio": 0.3236542464,
    "incomeTaxExpense": 5051000000,
    "netIncome": 10810000000,
    "netIncomeRatio": 0.2205852345,
    "eps": 3.64,
    "epsdiluted": 3.57,
    "weightedAverageShsOut": 2973406000,
    "weightedAverageShsOutDil": 3030356000,
    "link": "https://www.sec.gov/Archives/edgar/data/70858/000119312504032312/0001193125-04-032312-index.htm",
    "finalLink": "https://www.sec.gov/Archives/edgar/data/70858/000119312504032312/d10k.htm"
  },
  {
    "date": "2002-12-31",
    "symbol": "BAC",
    "reportedCurrency": "USD",
    "cik": "0000070858",
    "fillingDate": "2003-03-03",
    "acceptedDate": "2003-03-03 17:00:32",
    "calendarYear": "2002",
    "period": "FY",
    "revenue": 46362000000,
    "costOfRevenue": 14935000000,
    "grossProfit": 31427000000,
    "grossProfitRatio": 0.6778611794,
    "researchAndDevelopmentExpenses": 0,
    "generalAndAdministrativeExpenses": 9682000000,
    "sellingAndMarketingExpenses": 753000000,
    "sellingGeneralAndAdministrativeExpenses": 10435000000,
    "otherExpenses": 8001000000,
    "operatingExpenses": 18436000000,
    "costAndExpenses": 33371000000,
    "interestIncome": 32161000000,
    "interestExpense": 11238000000,
    "depreciationAndAmortization": 1104000000,
    "ebitda": 14095000000,
    "ebitdaratio": 0.3040205341,
    "operatingIncome": 12991000000,
    "operatingIncomeRatio": 0.2802079289,
    "totalOtherIncomeExpensesNet": 0,
    "incomeBeforeTax": 12991000000,
    "incomeBeforeTaxRatio": 0.2802079289,
    "incomeTaxExpense": 3742000000,
    "netIncome": 9249000000,
    "netIncomeRatio": 0.1994952763,
    "eps": 3.04,
    "epsdiluted": 2.96,
    "weightedAverageShsOut": 3040084000,
    "weightedAverageShsOutDil": 3130934000,
    "link": "https://www.sec.gov/Archives/edgar/data/70858/000102140803003673/0001021408-03-003673-index.htm",
    "finalLink": "https://www.sec.gov/Archives/edgar/data/70858/000102140803003673/d10k.htm"
  },
  {
    "date": "2001-12-31",
    "symbol": "BAC",
    "reportedCurrency": "USD",
    "cik": "0000070858",
    "fillingDate": "2002-03-27",
    "acceptedDate": "2002-03-27 00:00:00",
    "calendarYear": "2001",
    "period": "FY",
    "revenue": 53116000000,
    "costOfRevenue": 22290000000,
    "grossProfit": 30826000000,
    "grossProfitRatio": 0.5803524362,
    "researchAndDevelopmentExpenses": 0,
    "generalAndAdministrativeExpenses": 9829000000,
    "sellingAndMarketingExpenses": 682000000,
    "sellingGeneralAndAdministrativeExpenses": 10511000000,
    "otherExpenses": 10198000000,
    "operatingExpenses": 20709000000,
    "costAndExpenses": 42999000000,
    "interestIncome": 38293000000,
    "interestExpense": 18003000000,
    "depreciationAndAmortization": 1732000000,
    "ebitda": 11849000000,
    "ebitdaratio": 0.223077792,
    "operatingIncome": 10117000000,
    "operatingIncomeRatio": 0.1904699149,
    "totalOtherIncomeExpensesNet": 0,
    "incomeBeforeTax": 10117000000,
    "incomeBeforeTaxRatio": 0.1904699149,
    "incomeTaxExpense": 3325000000,
    "netIncome": 6792000000,
    "netIncomeRatio": 0.1278710746,
    "eps": 2.13,
    "epsdiluted": 2.09,
    "weightedAverageShsOut": 3189914000,
    "weightedAverageShsOutDil": 3247368421,
    "link": "https://www.sec.gov/Archives/edgar/data/70858/000095016802000551/0000950168-02-000551-index.htm",
    "finalLink": "https://www.sec.gov/Archives/edgar/data/70858/000095016802000551/d10k.txt"
  },
  {
    "date": "2000-12-31",
    "symbol": "BAC",
    "reportedCurrency": "USD",
    "cik": "0000070858",
    "fillingDate": "2001-03-19",
    "acceptedDate": "2001-03-19 00:00:00",
    "calendarYear": "2000",
    "period": "FY",
    "revenue": 57772000000,
    "costOfRevenue": 27351000000,
    "grossProfit": 30421000000,
    "grossProfitRatio": 0.5265699647,
    "researchAndDevelopmentExpenses": 0,
    "generalAndAdministrativeExpenses": 9400000000,
    "sellingAndMarketingExpenses": 621000000,
    "sellingGeneralAndAdministrativeExpenses": 10021000000,
    "otherExpenses": 8612000000,
    "operatingExpenses": 18633000000,
    "costAndExpenses": 45984000000,
    "interestIncome": 43165000000,
    "interestExpense": 24816000000,
    "depreciationAndAmortization": 1784000000,
    "ebitda": 13572000000,
    "ebitdaratio": 0.2349234923,
    "operatingIncome": 11788000000,
    "operatingIncomeRatio": 0.2040434813,
    "totalOtherIncomeExpensesNet": 0,
    "incomeBeforeTax": 11788000000,
    "incomeBeforeTaxRatio": 0.2040434813,
    "incomeTaxExpense": 4271000000,
    "netIncome": 7517000000,
    "netIncomeRatio": 0.1301149346,
    "eps": 2.28,
    "epsdiluted": 2.26,
    "weightedAverageShsOut": 3292796000,
    "weightedAverageShsOutDil": 3323451327,
    "link": "https://www.sec.gov/Archives/edgar/data/70858/000095016801000538/0000950168-01-000538-index.htm",
    "finalLink": "https://www.sec.gov/Archives/edgar/data/70858/000095016801000538/0000950168-01-000538-0001.txt"
  },
  {
    "date": "1999-12-31",
    "symbol": "BAC",
    "reportedCurrency": "USD",
    "cik": "0000070858",
    "fillingDate": "2000-03-20",
    "acceptedDate": "2000-03-20 00:00:00",
    "calendarYear": "1999",
    "period": "FY",
    "revenue": 51632000000,
    "costOfRevenue": 20906000000,
    "grossProfit": 30726000000,
    "grossProfitRatio": 0.5950960645,
    "researchAndDevelopmentExpenses": 0,
    "generalAndAdministrativeExpenses": 9308000000,
    "sellingAndMarketingExpenses": 537000000,
    "sellingGeneralAndAdministrativeExpenses": 9845000000,
    "otherExpenses": 8666000000,
    "operatingExpenses": 18511000000,
    "costAndExpenses": 39417000000,
    "interestIncome": 37323000000,
    "interestExpense": 19086000000,
    "depreciationAndAmortization": 1917000000,
    "ebitda": 14132000000,
    "ebitdaratio": 0.2737062287,
    "operatingIncome": 12215000000,
    "operatingIncomeRatio": 0.2365780911,
    "totalOtherIncomeExpensesNet": 0,
    "incomeBeforeTax": 12215000000,
    "incomeBeforeTaxRatio": 0.2365780911,
    "incomeTaxExpense": 4333000000,
    "netIncome": 7882000000,
    "netIncomeRatio": 0.1526572668,
    "eps": 2.28,
    "epsdiluted": 2.24,
    "weightedAverageShsOut": 3452012000,
    "weightedAverageShsOutDil": 3516071429,
    "link": "https://www.sec.gov/Archives/edgar/data/70858/000095016800000621/0000950168-00-000621-index.htm",
    "finalLink": "https://www.sec.gov/Archives/edgar/data/70858/000095016800000621/0000950168-00-000621.txt"
  },
  {
    "date": "1998-12-31",
    "symbol": "BAC",
    "reportedCurrency": "USD",
    "cik": "0000070858",
    "fillingDate": "1999-03-23",
    "acceptedDate": "1999-03-23 00:00:00",
    "calendarYear": "1998",
    "period": "FY",
    "revenue": 51794000000,
    "costOfRevenue": 23210000000,
    "grossProfit": 28584000000,
    "grossProfitRatio": 0.551878596,
    "researchAndDevelopmentExpenses": 0,
    "generalAndAdministrativeExpenses": 9412000000,
    "sellingAndMarketingExpenses": 581000000,
    "sellingGeneralAndAdministrativeExpenses": 9993000000,
    "otherExpenses": 10543000000,
    "operatingExpenses": 20536000000,
    "costAndExpenses": 43746000000,
    "interestIncome": 38588000000,
    "interestExpense": 20290000000,
    "depreciationAndAmortization": 1998000000,
    "ebitda": 10046000000,
    "ebitdaratio": 0.1939606904,
    "operatingIncome": 8048000000,
    "operatingIncomeRatio": 0.1553847936,
    "totalOtherIncomeExpensesNet": 0,
    "incomeBeforeTax": 8048000000,
    "incomeBeforeTaxRatio": 0.1553847936,
    "incomeTaxExpense": 2883000000,
    "netIncome": 5165000000,
    "netIncomeRatio": 0.0997219755,
    "eps": 1.49,
    "epsdiluted": 1.45,
    "weightedAverageShsOut": 1143157620,
    "weightedAverageShsOutDil": 1169793103,
    "link": "https://www.sec.gov/Archives/edgar/data/70858/000095016899000807/0000950168-99-000807-index.htm",
    "finalLink": "https://www.sec.gov/Archives/edgar/data/70858/000095016899000807/"
  },
  {
    "date": "1997-12-31",
    "symbol": "BAC",
    "reportedCurrency": "USD",
    "cik": "0000070858",
    "fillingDate": "1998-03-13",
    "acceptedDate": "1998-03-13 00:00:00",
    "calendarYear": "1997",
    "period": "FY",
    "revenue": 49360000000,
    "costOfRevenue": 20805000000,
    "grossProfit": 28555000000,
    "grossProfitRatio": 0.5785048622,
    "researchAndDevelopmentExpenses": 0,
    "generalAndAdministrativeExpenses": 8703000000,
    "sellingAndMarketingExpenses": 655000000,
    "sellingGeneralAndAdministrativeExpenses": 9358000000,
    "otherExpenses": 8641000000,
    "operatingExpenses": 17999000000,
    "costAndExpenses": 38804000000,
    "interestIncome": 37333000000,
    "interestExpense": 18901000000,
    "depreciationAndAmortization": 1963000000,
    "ebitda": 12519000000,
    "ebitdaratio": 0.2536264182,
    "operatingIncome": 10556000000,
    "operatingIncomeRatio": 0.2138573744,
    "totalOtherIncomeExpensesNet": 0,
    "incomeBeforeTax": 10556000000,
    "incomeBeforeTaxRatio": 0.2138573744,
    "incomeTaxExpense": 4014000000,
    "netIncome": 6542000000,
    "netIncomeRatio": 0.1325364668,
    "eps": 1.86,
    "epsdiluted": 1.81,
    "weightedAverageShsOut": 1143908040,
    "weightedAverageShsOutDil": 1143908040,
    "link": "https://www.sec.gov/Archives/edgar/data/70858/000095016898000724/0000950168-98-000724-index.htm",
    "finalLink": "https://www.sec.gov/Archives/edgar/data/70858/0000950168-98-000724.txt"
  },
  {
    "date": "1996-12-31",
    "symbol": "BAC",
    "reportedCurrency": "USD",
    "cik": "0000070858",
    "fillingDate": "1997-03-28",
    "acceptedDate": "1997-03-28 00:00:00",
    "calendarYear": "1996",
    "period": "FY",
    "revenue": 43387000000,
    "costOfRevenue": 18327000000,
    "grossProfit": 25060000000,
    "grossProfitRatio": 0.5775923664,
    "researchAndDevelopmentExpenses": 0,
    "generalAndAdministrativeExpenses": 7501000000,
    "sellingAndMarketingExpenses": 589000000,
    "sellingGeneralAndAdministrativeExpenses": 8090000000,
    "otherExpenses": 7659000000,
    "operatingExpenses": 15749000000,
    "costAndExpenses": 34076000000,
    "interestIncome": 33636000000,
    "interestExpense": 16682000000,
    "depreciationAndAmortization": 1527000000,
    "ebitda": 10838000000,
    "ebitdaratio": 0.2497983267,
    "operatingIncome": 9311000000,
    "operatingIncomeRatio": 0.2146034526,
    "totalOtherIncomeExpensesNet": 0,
    "incomeBeforeTax": 9311000000,
    "incomeBeforeTaxRatio": 0.2146034526,
    "incomeTaxExpense": 3498000000,
    "netIncome": 5813000000,
    "netIncomeRatio": 0.1339802245,
    "eps": 2,
    "epsdiluted": 1.96,
    "weightedAverageShsOut": 1180432000,
    "weightedAverageShsOutDil": 1202777778,
    "link": "https://www.sec.gov/Archives/edgar/data/70858/000095016897000739/0000950168-97-000739-index.htm",
    "finalLink": "https://www.sec.gov/Archives/edgar/data/70858/0000950168-97-000739.txt"
  },
  {
    "date": "1995-12-31",
    "symbol": "BAC",
    "reportedCurrency": "USD",
    "cik": "0000070858",
    "fillingDate": "1996-03-29",
    "acceptedDate": "1996-03-29 00:00:00",
    "calendarYear": "1995",
    "period": "FY",
    "revenue": 16309000000,
    "costOfRevenue": 8155000000,
    "grossProfit": 8154000000,
    "grossProfitRatio": 0.4999693421,
    "researchAndDevelopmentExpenses": 0,
    "generalAndAdministrativeExpenses": 0,
    "sellingAndMarketingExpenses": 0,
    "sellingGeneralAndAdministrativeExpenses": 0,
    "otherExpenses": 5163000000,
    "operatingExpenses": 5163000000,
    "costAndExpenses": 13318000000,
    "interestIncome": 13220000000,
    "interestExpense": 7773000000,
    "depreciationAndAmortization": 399000000,
    "ebitda": 3390000000,
    "ebitdaratio": 0.2078606904,
    "operatingIncome": 2991000000,
    "operatingIncomeRatio": 0.1833956711,
    "totalOtherIncomeExpensesNet": 0,
    "incomeBeforeTax": 2991000000,
    "incomeBeforeTaxRatio": 0.1833956711,
    "incomeTaxExpense": 1041000000,
    "netIncome": 1950000000,
    "netIncomeRatio": 0.1195658839,
    "eps": 1.78,
    "epsdiluted": 1.76,
    "weightedAverageShsOut": 1089918000,
    "weightedAverageShsOutDil": 1103409091,
    "link": "https://www.sec.gov/Archives/edgar/data/70858/000095016896000536/0000950168-96-000536-index.htm",
    "finalLink": "https://www.sec.gov/Archives/edgar/data/70858/0000950168-96-000536.txt"
  },
  {
    "date": "1994-12-31",
    "symbol": "BAC",
    "reportedCurrency": "USD",
    "cik": "0000070858",
    "fillingDate": "1995-03-30",
    "acceptedDate": "1995-03-30 00:00:00",
    "calendarYear": "1994",
    "period": "FY",
    "revenue": 13125000000,
    "costOfRevenue": 5628000000,
    "grossProfit": 7497000000,
    "grossProfitRatio": 0.5712,
    "researchAndDevelopmentExpenses": 0,
    "generalAndAdministrativeExpenses": 0,
    "sellingAndMarketingExpenses": 0,
    "sellingGeneralAndAdministrativeExpenses": 0,
    "otherExpenses": 4942000000,
    "operatingExpenses": 4942000000,
    "costAndExpenses": 10570000000,
    "interestIncome": 10529000000,
    "interestExpense": 5318000000,
    "depreciationAndAmortization": 406000000,
    "ebitda": 2961000000,
    "ebitdaratio": 0.2256,
    "operatingIncome": 2555000000,
    "operatingIncomeRatio": 0.1946666667,
    "totalOtherIncomeExpensesNet": 0,
    "incomeBeforeTax": 2555000000,
    "incomeBeforeTaxRatio": 0.1946666667,
    "incomeTaxExpense": 865000000,
    "netIncome": 1690000000,
    "netIncomeRatio": 0.1287619048,
    "eps": 1.53,
    "epsdiluted": 1.52,
    "weightedAverageShsOut": 1098624000,
    "weightedAverageShsOutDil": 1108910891,
    "link": "https://www.sec.gov/Archives/edgar/data/70858/000095016895000247/0000950168-95-000247-index.htm",
    "finalLink": "https://www.sec.gov/Archives/edgar/data/70858/000095016895000247/"
  },
  {
    "date": "1993-12-31",
    "symbol": "BAC",
    "reportedCurrency": "USD",
    "cik": "0000070858",
    "fillingDate": "1994-03-30",
    "acceptedDate": "1994-03-30 00:00:00",
    "calendarYear": "1993",
    "period": "FY",
    "revenue": 10392000000,
    "costOfRevenue": 4000000000,
    "grossProfit": 6392000000,
    "grossProfitRatio": 0.6150885296,
    "researchAndDevelopmentExpenses": 0,
    "generalAndAdministrativeExpenses": 0,
    "sellingAndMarketingExpenses": 0,
    "sellingGeneralAndAdministrativeExpenses": 0,
    "otherExpenses": 4401000000,
    "operatingExpenses": 4401000000,
    "costAndExpenses": 8401000000,
    "interestIncome": 8207000000,
    "interestExpense": 3570000000,
    "depreciationAndAmortization": 352000000,
    "ebitda": 2343000000,
    "ebitdaratio": 0.2254618938,
    "operatingIncome": 1991000000,
    "operatingIncomeRatio": 0.1915896844,
    "totalOtherIncomeExpensesNet": 0,
    "incomeBeforeTax": 1991000000,
    "incomeBeforeTaxRatio": 0.1915896844,
    "incomeTaxExpense": 690000000,
    "netIncome": 1501000000,
    "netIncomeRatio": 0.1444380293,
    "eps": 1.45,
    "epsdiluted": 1.43,
    "weightedAverageShsOut": 1031833910,
    "weightedAverageShsOutDil": 1042657343,
    "link": "https://www.sec.gov/Archives/edgar/data/70858/000095016894000099/0000950168-94-000099-index.htm",
    "finalLink": "https://www.sec.gov/Archives/edgar/data/70858/0000950168-94-000099.txt"
  },
  {
    "date": "1992-12-31",
    "symbol": "BAC",
    "reportedCurrency": "USD",
    "cik": "0000070858",
    "fillingDate": "1992-12-31",
    "acceptedDate": "1992-12-31 00:00:00",
    "calendarYear": "1992",
    "period": "FY",
    "revenue": 9942000000,
    "costOfRevenue": 4397000000,
    "grossProfit": 5545000000,
    "grossProfitRatio": 0.5577348622,
    "researchAndDevelopmentExpenses": 0,
    "generalAndAdministrativeExpenses": 0,
    "sellingAndMarketingExpenses": 0,
    "sellingGeneralAndAdministrativeExpenses": 0,
    "otherExpenses": 4149000000,
    "operatingExpenses": 4149000000,
    "costAndExpenses": 8546000000,
    "interestIncome": 7780000000,
    "interestExpense": 3682000000,
    "depreciationAndAmortization": 339000000,
    "ebitda": 1735000000,
    "ebitdaratio": 0.1745121706,
    "operatingIncome": 1396000000,
    "operatingIncomeRatio": 0.1404144035,
    "totalOtherIncomeExpensesNet": 0,
    "incomeBeforeTax": 1396000000,
    "incomeBeforeTaxRatio": 0.1404144035,
    "incomeTaxExpense": 251000000,
    "netIncome": 1145000000,
    "netIncomeRatio": 0.1151679743,
    "eps": 1.15,
    "epsdiluted": 1.13,
    "weightedAverageShsOut": 974782609,
    "weightedAverageShsOutDil": 992035398,
    "link": null,
    "finalLink": null
  }
]