[
  {
    "date": "2025-06-30",
    "symbol": "BALL",
    "reportedCurrency": "USD",
    "cik": "0000009389",
    "fillingDate": "2025-08-05",
    "acceptedDate": "2025-08-05 12:30:53",
    "calendarYear": "2025",
    "period": "Q2",
    "revenue": 3338000000,
    "costOfRevenue": 2690000000,
    "grossProfit": 648000000,
    "grossProfitRatio": 0.1941282205,
    "researchAndDevelopmentExpenses": 0,
    "generalAndAdministrativeExpenses": 0,
    "sellingAndMarketingExpenses": 0,
    "sellingGeneralAndAdministrativeExpenses": 137000000,
    "otherExpenses": 155000000,
    "operatingExpenses": 292000000,
    "costAndExpenses": 2982000000,
    "interestIncome": 5000000,
    "interestExpense": 81000000,
    "depreciationAndAmortization": 155000000,
    "ebitda": 504000000,
    "ebitdaratio": 0.1509886159,
    "operatingIncome": 356000000,
    "operatingIncomeRatio": 0.106650689,
    "totalOtherIncomeExpensesNet": -88000000,
    "incomeBeforeTax": 268000000,
    "incomeBeforeTaxRatio": 0.0802875974,
    "incomeTaxExpense": 61000000,
    "netIncome": 212000000,
    "netIncomeRatio": 0.0635110845,
    "eps": 0.77,
    "epsdiluted": 0.76,
    "weightedAverageShsOut": 276102000,
    "weightedAverageShsOutDil": 277771000,
    "link": "https://www.sec.gov/Archives/edgar/data/9389/000155837025010234/0001558370-25-010234-index.htm",
    "finalLink": "https://www.sec.gov/Archives/edgar/data/9389/000155837025010234/ball-20250630x10q.htm"
  },
  {
    "date": "2025-03-31",
    "symbol": "BALL",
    "reportedCurrency": "USD",
    "cik": "0000009389",
    "fillingDate": "2025-05-06",
    "acceptedDate": "2025-05-06 12:57:50",
    "calendarYear": "2025",
    "period": "Q1",
    "revenue": 3097000000,
    "costOfRevenue": 2493000000,
    "grossProfit": 604000000,
    "grossProfitRatio": 0.1950274459,
    "researchAndDevelopmentExpenses": 0,
    "generalAndAdministrativeExpenses": 0,
    "sellingAndMarketingExpenses": 0,
    "sellingGeneralAndAdministrativeExpenses": 149000000,
    "otherExpenses": 150000000,
    "operatingExpenses": 299000000,
    "costAndExpenses": 2792000000,
    "interestIncome": 7000000,
    "interestExpense": 70000000,
    "depreciationAndAmortization": 150000000,
    "ebitda": 449000000,
    "ebitdaratio": 0.1449790119,
    "operatingIncome": 305000000,
    "operatingIncomeRatio": 0.0984824023,
    "totalOtherIncomeExpensesNet": -76000000,
    "incomeBeforeTax": 234000000,
    "incomeBeforeTaxRatio": 0.0755569906,
    "incomeTaxExpense": 53000000,
    "netIncome": 179000000,
    "netIncomeRatio": 0.0577978689,
    "eps": 0.63,
    "epsdiluted": 0.63,
    "weightedAverageShsOut": 283292000,
    "weightedAverageShsOutDil": 285067000,
    "link": "https://www.sec.gov/Archives/edgar/data/9389/000155837025006439/0001558370-25-006439-index.htm",
    "finalLink": "https://www.sec.gov/Archives/edgar/data/9389/000155837025006439/ball-20250331x10q.htm"
  },
  {
    "date": "2024-12-31",
    "symbol": "BALL",
    "reportedCurrency": "USD",
    "cik": "0000009389",
    "fillingDate": "2025-02-20",
    "acceptedDate": "2025-02-20 11:12:47",
    "calendarYear": "2024",
    "period": "Q4",
    "revenue": 2880000000,
    "costOfRevenue": 2289000000,
    "grossProfit": 591000000,
    "grossProfitRatio": 0.2052083333,
    "researchAndDevelopmentExpenses": 0,
    "generalAndAdministrativeExpenses": 0,
    "sellingAndMarketingExpenses": 0,
    "sellingGeneralAndAdministrativeExpenses": 129000000,
    "otherExpenses": 151000000,
    "operatingExpenses": 280000000,
    "costAndExpenses": 2569000000,
    "interestIncome": 10000000,
    "interestExpense": 65000000,
    "depreciationAndAmortization": 151000000,
    "ebitda": 223000000,
    "ebitdaratio": 0.0774305556,
    "operatingIncome": 311000000,
    "operatingIncomeRatio": 0.1079861111,
    "totalOtherIncomeExpensesNet": -304000000,
    "incomeBeforeTax": 14000000,
    "incomeBeforeTaxRatio": 0.0048611111,
    "incomeTaxExpense": 15000000,
    "netIncome": -32000000,
    "netIncomeRatio": -0.0111111111,
    "eps": -0.11,
    "epsdiluted": -0.11,
    "weightedAverageShsOut": 295356000,
    "weightedAverageShsOutDil": 295356000,
    "link": "https://www.sec.gov/Archives/edgar/data/9389/000155837025001190/0001558370-25-001190-index.htm",
    "finalLink": "https://www.sec.gov/Archives/edgar/data/9389/000155837025001190/ball-20241231x10k.htm"
  },
  {
    "date": "2024-09-30",
    "symbol": "BALL",
    "reportedCurrency": "USD",
    "cik": "0000009389",
    "fillingDate": "2024-10-31",
    "acceptedDate": "2024-10-31 13:25:58",
    "calendarYear": "2024",
    "period": "Q3",
    "revenue": 3082000000,
    "costOfRevenue": 2425000000,
    "grossProfit": 657000000,
    "grossProfitRatio": 0.2131732641,
    "researchAndDevelopmentExpenses": 0,
    "generalAndAdministrativeExpenses": 0,
    "sellingAndMarketingExpenses": 0,
    "sellingGeneralAndAdministrativeExpenses": 142000000,
    "otherExpenses": 150000000,
    "operatingExpenses": 292000000,
    "costAndExpenses": 2717000000,
    "interestIncome": 14000000,
    "interestExpense": 67000000,
    "depreciationAndAmortization": 150000000,
    "ebitda": 444000000,
    "ebitdaratio": 0.1440622972,
    "operatingIncome": 365000000,
    "operatingIncomeRatio": 0.1184295912,
    "totalOtherIncomeExpensesNet": -138000000,
    "incomeBeforeTax": 235000000,
    "incomeBeforeTaxRatio": 0.0762491888,
    "incomeTaxExpense": 42000000,
    "netIncome": 197000000,
    "netIncomeRatio": 0.0639195328,
    "eps": 0.65,
    "epsdiluted": 0.65,
    "weightedAverageShsOut": 302406000,
    "weightedAverageShsOutDil": 305219000,
    "link": "https://www.sec.gov/Archives/edgar/data/9389/000155837024014033/0001558370-24-014033-index.htm",
    "finalLink": "https://www.sec.gov/Archives/edgar/data/9389/000155837024014033/ball-20240930x10q.htm"
  },
  {
    "date": "2024-06-30",
    "symbol": "BALL",
    "reportedCurrency": "USD",
    "cik": "0000009389",
    "fillingDate": "2024-08-01",
    "acceptedDate": "2024-08-01 12:27:41",
    "calendarYear": "2024",
    "period": "Q2",
    "revenue": 2959000000,
    "costOfRevenue": 2357000000,
    "grossProfit": 602000000,
    "grossProfitRatio": 0.2034471105,
    "researchAndDevelopmentExpenses": 0,
    "generalAndAdministrativeExpenses": 0,
    "sellingAndMarketingExpenses": 0,
    "sellingGeneralAndAdministrativeExpenses": 139000000,
    "otherExpenses": 152000000,
    "operatingExpenses": 291000000,
    "costAndExpenses": 2648000000,
    "interestIncome": 18000000,
    "interestExpense": 68000000,
    "depreciationAndAmortization": 152000000,
    "ebitda": 420000000,
    "ebitdaratio": 0.1419398445,
    "operatingIncome": 311000000,
    "operatingIncomeRatio": 0.1051030754,
    "totalOtherIncomeExpensesNet": -111000000,
    "incomeBeforeTax": 200000000,
    "incomeBeforeTaxRatio": 0.0675904022,
    "incomeTaxExpense": 49000000,
    "netIncome": 158000000,
    "netIncomeRatio": 0.0533964177,
    "eps": 0.51,
    "epsdiluted": 0.51,
    "weightedAverageShsOut": 309269000,
    "weightedAverageShsOutDil": 311964000,
    "link": "https://www.sec.gov/Archives/edgar/data/9389/000155837024010565/0001558370-24-010565-index.htm",
    "finalLink": "https://www.sec.gov/Archives/edgar/data/9389/000155837024010565/ball-20240630x10q.htm"
  },
  {
    "date": "2024-03-31",
    "symbol": "BALL",
    "reportedCurrency": "USD",
    "cik": "0000009389",
    "fillingDate": "2024-05-07",
    "acceptedDate": "2024-05-07 13:10:42",
    "calendarYear": "2024",
    "period": "Q1",
    "revenue": 2874000000,
    "costOfRevenue": 2283000000,
    "grossProfit": 591000000,
    "grossProfitRatio": 0.2056367432,
    "researchAndDevelopmentExpenses": 0,
    "generalAndAdministrativeExpenses": 0,
    "sellingAndMarketingExpenses": 0,
    "sellingGeneralAndAdministrativeExpenses": 237000000,
    "otherExpenses": 158000000,
    "operatingExpenses": 395000000,
    "costAndExpenses": 2678000000,
    "interestIncome": 26000000,
    "interestExpense": 93000000,
    "depreciationAndAmortization": 167000000,
    "ebitda": 361000000,
    "ebitdaratio": 0.1256089074,
    "operatingIncome": 196000000,
    "operatingIncomeRatio": 0.068197634,
    "totalOtherIncomeExpensesNet": -95000000,
    "incomeBeforeTax": 101000000,
    "incomeBeforeTaxRatio": 0.0351426583,
    "incomeTaxExpense": 27000000,
    "netIncome": 3685000000,
    "netIncomeRatio": 1.2821851079,
    "eps": 11.7,
    "epsdiluted": 11.7,
    "weightedAverageShsOut": 314950000,
    "weightedAverageShsOutDil": 314950000,
    "link": "https://www.sec.gov/Archives/edgar/data/9389/000155837024006975/0001558370-24-006975-index.htm",
    "finalLink": "https://www.sec.gov/Archives/edgar/data/9389/000155837024006975/ball-20240331x10q.htm"
  },
  {
    "date": "2023-12-31",
    "symbol": "BALL",
    "reportedCurrency": "USD",
    "cik": "0000009389",
    "fillingDate": "2024-02-20",
    "acceptedDate": "2024-02-20 12:45:05",
    "calendarYear": "2023",
    "period": "Q4",
    "revenue": 3403000000,
    "costOfRevenue": 2704000000,
    "grossProfit": 699000000,
    "grossProfitRatio": 0.2054069938,
    "researchAndDevelopmentExpenses": 0,
    "generalAndAdministrativeExpenses": 0,
    "sellingAndMarketingExpenses": 0,
    "sellingGeneralAndAdministrativeExpenses": 130000000,
    "otherExpenses": 177000000,
    "operatingExpenses": 307000000,
    "costAndExpenses": 3011000000,
    "interestIncome": 0,
    "interestExpense": 109000000,
    "depreciationAndAmortization": 177000000,
    "ebitda": 477000000,
    "ebitdaratio": 0.1401704378,
    "operatingIncome": 392000000,
    "operatingIncomeRatio": 0.1151924772,
    "totalOtherIncomeExpensesNet": -201000000,
    "incomeBeforeTax": 191000000,
    "incomeBeforeTaxRatio": 0.0561269468,
    "incomeTaxExpense": 44000000,
    "netIncome": 154000000,
    "netIncomeRatio": 0.0452541875,
    "eps": 0.49,
    "epsdiluted": 0.49,
    "weightedAverageShsOut": 315306000,
    "weightedAverageShsOutDil": 317306000,
    "link": "https://www.sec.gov/Archives/edgar/data/9389/000155837024001349/0001558370-24-001349-index.htm",
    "finalLink": "https://www.sec.gov/Archives/edgar/data/9389/000155837024001349/ball-20231231x10k.htm"
  },
  {
    "date": "2023-09-30",
    "symbol": "BALL",
    "reportedCurrency": "USD",
    "cik": "0000009389",
    "fillingDate": "2023-11-02",
    "acceptedDate": "2023-11-02 15:19:32",
    "calendarYear": "2023",
    "period": "Q3",
    "revenue": 3111000000,
    "costOfRevenue": 2512000000,
    "grossProfit": 599000000,
    "grossProfitRatio": 0.1925425908,
    "researchAndDevelopmentExpenses": 0,
    "generalAndAdministrativeExpenses": 0,
    "sellingAndMarketingExpenses": 0,
    "sellingGeneralAndAdministrativeExpenses": 133000000,
    "otherExpenses": 466000000,
    "operatingExpenses": 599000000,
    "costAndExpenses": 3111000000,
    "interestIncome": 12000000,
    "interestExpense": 122000000,
    "depreciationAndAmortization": 173000000,
    "ebitda": 470000000,
    "ebitdaratio": 0.1510768242,
    "operatingIncome": 0,
    "operatingIncomeRatio": 0,
    "totalOtherIncomeExpensesNet": 175000000,
    "incomeBeforeTax": 175000000,
    "incomeBeforeTaxRatio": 0.056252009,
    "incomeTaxExpense": 45000000,
    "netIncome": 203000000,
    "netIncomeRatio": 0.0652523304,
    "eps": 0.64,
    "epsdiluted": 0.64,
    "weightedAverageShsOut": 314983000,
    "weightedAverageShsOutDil": 317296000,
    "link": "https://www.sec.gov/Archives/edgar/data/9389/000155837023017394/0001558370-23-017394-index.htm",
    "finalLink": "https://www.sec.gov/Archives/edgar/data/9389/000155837023017394/ball-20230930x10q.htm"
  },
  {
    "date": "2023-06-30",
    "symbol": "BALL",
    "reportedCurrency": "USD",
    "cik": "0000009389",
    "fillingDate": "2023-08-03",
    "acceptedDate": "2023-08-03 12:52:27",
    "calendarYear": "2023",
    "period": "Q2",
    "revenue": 3067000000,
    "costOfRevenue": 2506000000,
    "grossProfit": 561000000,
    "grossProfitRatio": 0.1829149006,
    "researchAndDevelopmentExpenses": 0,
    "generalAndAdministrativeExpenses": 0,
    "sellingAndMarketingExpenses": 0,
    "sellingGeneralAndAdministrativeExpenses": 157000000,
    "otherExpenses": 150000000,
    "operatingExpenses": 307000000,
    "costAndExpenses": 2813000000,
    "interestIncome": 7000000,
    "interestExpense": 116000000,
    "depreciationAndAmortization": 170000000,
    "ebitda": 437000000,
    "ebitdaratio": 0.1424845126,
    "operatingIncome": 254000000,
    "operatingIncomeRatio": 0.0828170851,
    "totalOtherIncomeExpensesNet": -103000000,
    "incomeBeforeTax": 151000000,
    "incomeBeforeTaxRatio": 0.0492337789,
    "incomeTaxExpense": 29000000,
    "netIncome": 173000000,
    "netIncomeRatio": 0.0564069123,
    "eps": 0.55,
    "epsdiluted": 0.55,
    "weightedAverageShsOut": 314561000,
    "weightedAverageShsOutDil": 316867000,
    "link": "https://www.sec.gov/Archives/edgar/data/9389/000155837023013128/0001558370-23-013128-index.htm",
    "finalLink": "https://www.sec.gov/Archives/edgar/data/9389/000155837023013128/ball-20230630x10q.htm"
  },
  {
    "date": "2023-03-31",
    "symbol": "BALL",
    "reportedCurrency": "USD",
    "cik": "0000009389",
    "fillingDate": "2023-05-04",
    "acceptedDate": "2023-05-04 12:30:44",
    "calendarYear": "2023",
    "period": "Q1",
    "revenue": 2981000000,
    "costOfRevenue": 2432000000,
    "grossProfit": 549000000,
    "grossProfitRatio": 0.1841663871,
    "researchAndDevelopmentExpenses": 0,
    "generalAndAdministrativeExpenses": 0,
    "sellingAndMarketingExpenses": 0,
    "sellingGeneralAndAdministrativeExpenses": 115000000,
    "otherExpenses": 147000000,
    "operatingExpenses": 262000000,
    "costAndExpenses": 2694000000,
    "interestIncome": 0,
    "interestExpense": 113000000,
    "depreciationAndAmortization": 166000000,
    "ebitda": 433000000,
    "ebitdaratio": 0.1452532707,
    "operatingIncome": 287000000,
    "operatingIncomeRatio": 0.0962764173,
    "totalOtherIncomeExpensesNet": -133000000,
    "incomeBeforeTax": 154000000,
    "incomeBeforeTaxRatio": 0.0516605166,
    "incomeTaxExpense": 33000000,
    "netIncome": 177000000,
    "netIncomeRatio": 0.0593760483,
    "eps": 0.56,
    "epsdiluted": 0.56,
    "weightedAverageShsOut": 314236000,
    "weightedAverageShsOutDil": 316667000,
    "link": "https://www.sec.gov/Archives/edgar/data/9389/000155837023008025/0001558370-23-008025-index.htm",
    "finalLink": "https://www.sec.gov/Archives/edgar/data/9389/000155837023008025/bll-20230331x10q.htm"
  },
  {
    "date": "2022-12-31",
    "symbol": "BALL",
    "reportedCurrency": "USD",
    "cik": "0000009389",
    "fillingDate": "2023-02-21",
    "acceptedDate": "2023-02-21 13:06:17",
    "calendarYear": "2022",
    "period": "Q4",
    "revenue": 3548000000,
    "costOfRevenue": 3030000000,
    "grossProfit": 518000000,
    "grossProfitRatio": 0.1459977452,
    "researchAndDevelopmentExpenses": 0,
    "generalAndAdministrativeExpenses": 0,
    "sellingAndMarketingExpenses": 0,
    "sellingGeneralAndAdministrativeExpenses": 120000000,
    "otherExpenses": 162000000,
    "operatingExpenses": 282000000,
    "costAndExpenses": 3312000000,
    "interestIncome": 0,
    "interestExpense": 96000000,
    "depreciationAndAmortization": 162000000,
    "ebitda": 334000000,
    "ebitdaratio": 0.0941375423,
    "operatingIncome": 236000000,
    "operatingIncomeRatio": 0.0665163472,
    "totalOtherIncomeExpensesNet": -160000000,
    "incomeBeforeTax": 76000000,
    "incomeBeforeTaxRatio": 0.0214205186,
    "incomeTaxExpense": 20000000,
    "netIncome": 55000000,
    "netIncomeRatio": 0.0155016911,
    "eps": 0.18,
    "epsdiluted": 0.17,
    "weightedAverageShsOut": 313873000,
    "weightedAverageShsOutDil": 316127000,
    "link": "https://www.sec.gov/Archives/edgar/data/9389/000000938923000011/0000009389-23-000011-index.htm",
    "finalLink": "https://www.sec.gov/Archives/edgar/data/9389/000000938923000011/bll-20221231x10k.htm"
  },
  {
    "date": "2022-09-30",
    "symbol": "BALL",
    "reportedCurrency": "USD",
    "cik": "0000009389",
    "fillingDate": "2022-11-03",
    "acceptedDate": "2022-11-03 16:40:54",
    "calendarYear": "2022",
    "period": "Q3",
    "revenue": 3951000000,
    "costOfRevenue": 3275000000,
    "grossProfit": 676000000,
    "grossProfitRatio": 0.1710959251,
    "researchAndDevelopmentExpenses": 0,
    "generalAndAdministrativeExpenses": 0,
    "sellingAndMarketingExpenses": 0,
    "sellingGeneralAndAdministrativeExpenses": 159000000,
    "otherExpenses": 157000000,
    "operatingExpenses": 316000000,
    "costAndExpenses": 3591000000,
    "interestIncome": 0,
    "interestExpense": 79000000,
    "depreciationAndAmortization": 157000000,
    "ebitda": 680000000,
    "ebitdaratio": 0.172108327,
    "operatingIncome": 360000000,
    "operatingIncomeRatio": 0.0911161731,
    "totalOtherIncomeExpensesNet": 84000000,
    "incomeBeforeTax": 444000000,
    "incomeBeforeTaxRatio": 0.1123766135,
    "incomeTaxExpense": 38000000,
    "netIncome": 392000000,
    "netIncomeRatio": 0.0992153885,
    "eps": 1.25,
    "epsdiluted": 1.24,
    "weightedAverageShsOut": 314054000,
    "weightedAverageShsOutDil": 317061000,
    "link": "https://www.sec.gov/Archives/edgar/data/9389/000155837022016282/0001558370-22-016282-index.htm",
    "finalLink": "https://www.sec.gov/Archives/edgar/data/9389/000155837022016282/bll-20220930x10q.htm"
  },
  {
    "date": "2022-06-30",
    "symbol": "BALL",
    "reportedCurrency": "USD",
    "cik": "0000009389",
    "fillingDate": "2022-08-04",
    "acceptedDate": "2022-08-04 16:51:19",
    "calendarYear": "2022",
    "period": "Q2",
    "revenue": 4134000000,
    "costOfRevenue": 3445000000,
    "grossProfit": 689000000,
    "grossProfitRatio": 0.1666666667,
    "researchAndDevelopmentExpenses": 0,
    "generalAndAdministrativeExpenses": 0,
    "sellingAndMarketingExpenses": 0,
    "sellingGeneralAndAdministrativeExpenses": 161000000,
    "otherExpenses": 168000000,
    "operatingExpenses": 329000000,
    "costAndExpenses": 3774000000,
    "interestIncome": 0,
    "interestExpense": 68000000,
    "depreciationAndAmortization": 168000000,
    "ebitda": 59000000,
    "ebitdaratio": 0.0142718916,
    "operatingIncome": 360000000,
    "operatingIncomeRatio": 0.0870827286,
    "totalOtherIncomeExpensesNet": -537000000,
    "incomeBeforeTax": -177000000,
    "incomeBeforeTaxRatio": -0.0428156749,
    "incomeTaxExpense": 1000000,
    "netIncome": -174000000,
    "netIncomeRatio": -0.0420899855,
    "eps": -0.55,
    "epsdiluted": -0.55,
    "weightedAverageShsOut": 316363636,
    "weightedAverageShsOutDil": 317006000,
    "link": "https://www.sec.gov/Archives/edgar/data/9389/000155837022012269/0001558370-22-012269-index.htm",
    "finalLink": "https://www.sec.gov/Archives/edgar/data/9389/000155837022012269/bll-20220630x10q.htm"
  },
  {
    "date": "2022-03-31",
    "symbol": "BALL",
    "reportedCurrency": "USD",
    "cik": "0000009389",
    "fillingDate": "2022-05-05",
    "acceptedDate": "2022-05-04 18:20:57",
    "calendarYear": "2022",
    "period": "Q1",
    "revenue": 3716000000,
    "costOfRevenue": 3016000000,
    "grossProfit": 700000000,
    "grossProfitRatio": 0.1883745963,
    "researchAndDevelopmentExpenses": 0,
    "generalAndAdministrativeExpenses": 0,
    "sellingAndMarketingExpenses": 0,
    "sellingGeneralAndAdministrativeExpenses": 186000000,
    "otherExpenses": 185000000,
    "operatingExpenses": 371000000,
    "costAndExpenses": 3387000000,
    "interestIncome": 0,
    "interestExpense": 69000000,
    "depreciationAndAmortization": 185000000,
    "ebitda": 795000000,
    "ebitdaratio": 0.2139397201,
    "operatingIncome": 329000000,
    "operatingIncomeRatio": 0.0885360603,
    "totalOtherIncomeExpensesNet": 212000000,
    "incomeBeforeTax": 541000000,
    "incomeBeforeTaxRatio": 0.1455866523,
    "incomeTaxExpense": 100000000,
    "netIncome": 446000000,
    "netIncomeRatio": 0.1200215285,
    "eps": 1.39,
    "epsdiluted": 1.37,
    "weightedAverageShsOut": 320904000,
    "weightedAverageShsOutDil": 325916000,
    "link": "https://www.sec.gov/Archives/edgar/data/9389/000155837022007145/0001558370-22-007145-index.htm",
    "finalLink": "https://www.sec.gov/Archives/edgar/data/9389/000155837022007145/bll-20220331x10q.htm"
  },
  {
    "date": "2021-12-31",
    "symbol": "BALL",
    "reportedCurrency": "USD",
    "cik": "0000009389",
    "fillingDate": "2022-02-16",
    "acceptedDate": "2022-02-16 13:16:10",
    "calendarYear": "2021",
    "period": "Q4",
    "revenue": 3674000000,
    "costOfRevenue": 2981000000,
    "grossProfit": 693000000,
    "grossProfitRatio": 0.1886227545,
    "researchAndDevelopmentExpenses": 0,
    "generalAndAdministrativeExpenses": 0,
    "sellingAndMarketingExpenses": 0,
    "sellingGeneralAndAdministrativeExpenses": 122000000,
    "otherExpenses": 185000000,
    "operatingExpenses": 307000000,
    "costAndExpenses": 3288000000,
    "interestIncome": 0,
    "interestExpense": 69000000,
    "depreciationAndAmortization": 185000000,
    "ebitda": 553000000,
    "ebitdaratio": 0.1505171475,
    "operatingIncome": 386000000,
    "operatingIncomeRatio": 0.1050626021,
    "totalOtherIncomeExpensesNet": -87000000,
    "incomeBeforeTax": 299000000,
    "incomeBeforeTaxRatio": 0.0813826892,
    "incomeTaxExpense": 10000000,
    "netIncome": 297000000,
    "netIncomeRatio": 0.0808383234,
    "eps": 0.92,
    "epsdiluted": 0.9,
    "weightedAverageShsOut": 322700000,
    "weightedAverageShsOutDil": 328218000,
    "link": "https://www.sec.gov/Archives/edgar/data/9389/000155837022001251/0001558370-22-001251-index.htm",
    "finalLink": "https://www.sec.gov/Archives/edgar/data/9389/000155837022001251/bll-20211231x10k.htm"
  },
  {
    "date": "2021-09-30",
    "symbol": "BALL",
    "reportedCurrency": "USD",
    "cik": "0000009389",
    "fillingDate": "2021-11-05",
    "acceptedDate": "2021-11-05 13:48:30",
    "calendarYear": "2021",
    "period": "Q3",
    "revenue": 3553000000,
    "costOfRevenue": 2851000000,
    "grossProfit": 702000000,
    "grossProfitRatio": 0.1975795103,
    "researchAndDevelopmentExpenses": 0,
    "generalAndAdministrativeExpenses": 0,
    "sellingAndMarketingExpenses": 0,
    "sellingGeneralAndAdministrativeExpenses": 148000000,
    "otherExpenses": 175000000,
    "operatingExpenses": 323000000,
    "costAndExpenses": 3174000000,
    "interestIncome": 0,
    "interestExpense": 68000000,
    "depreciationAndAmortization": 175000000,
    "ebitda": 412000000,
    "ebitdaratio": 0.1159583451,
    "operatingIncome": 379000000,
    "operatingIncomeRatio": 0.1066704194,
    "totalOtherIncomeExpensesNet": -210000000,
    "incomeBeforeTax": 169000000,
    "incomeBeforeTaxRatio": 0.0475654377,
    "incomeTaxExpense": -2000000,
    "netIncome": 179000000,
    "netIncomeRatio": 0.0503799606,
    "eps": 0.55,
    "epsdiluted": 0.54,
    "weightedAverageShsOut": 325876000,
    "weightedAverageShsOutDil": 331595000,
    "link": "https://www.sec.gov/Archives/edgar/data/9389/000155837021014796/0001558370-21-014796-index.htm",
    "finalLink": "https://www.sec.gov/Archives/edgar/data/9389/000155837021014796/bll-20210930x10q.htm"
  },
  {
    "date": "2021-06-30",
    "symbol": "BALL",
    "reportedCurrency": "USD",
    "cik": "0000009389",
    "fillingDate": "2021-08-06",
    "acceptedDate": "2021-08-06 13:57:23",
    "calendarYear": "2021",
    "period": "Q2",
    "revenue": 3459000000,
    "costOfRevenue": 2760000000,
    "grossProfit": 699000000,
    "grossProfitRatio": 0.2020815265,
    "researchAndDevelopmentExpenses": 0,
    "generalAndAdministrativeExpenses": 0,
    "sellingAndMarketingExpenses": 0,
    "sellingGeneralAndAdministrativeExpenses": 166000000,
    "otherExpenses": 172000000,
    "operatingExpenses": 338000000,
    "costAndExpenses": 3098000000,
    "interestIncome": 0,
    "interestExpense": 66000000,
    "depreciationAndAmortization": 172000000,
    "ebitda": 545000000,
    "ebitdaratio": 0.1575599884,
    "operatingIncome": 361000000,
    "operatingIncomeRatio": 0.1043654235,
    "totalOtherIncomeExpensesNet": -54000000,
    "incomeBeforeTax": 307000000,
    "incomeBeforeTaxRatio": 0.0887539751,
    "incomeTaxExpense": 116000000,
    "netIncome": 202000000,
    "netIncomeRatio": 0.058398381,
    "eps": 0.62,
    "epsdiluted": 0.61,
    "weightedAverageShsOut": 327625000,
    "weightedAverageShsOutDil": 333378000,
    "link": "https://www.sec.gov/Archives/edgar/data/9389/000155837021010779/0001558370-21-010779-index.htm",
    "finalLink": "https://www.sec.gov/Archives/edgar/data/9389/000155837021010779/bll-20210630x10q.htm"
  },
  {
    "date": "2021-03-31",
    "symbol": "BALL",
    "reportedCurrency": "USD",
    "cik": "0000009389",
    "fillingDate": "2021-05-07",
    "acceptedDate": "2021-05-07 14:39:24",
    "calendarYear": "2021",
    "period": "Q1",
    "revenue": 3125000000,
    "costOfRevenue": 2493000000,
    "grossProfit": 632000000,
    "grossProfitRatio": 0.20224,
    "researchAndDevelopmentExpenses": 0,
    "generalAndAdministrativeExpenses": 0,
    "sellingAndMarketingExpenses": 0,
    "sellingGeneralAndAdministrativeExpenses": 157000000,
    "otherExpenses": 168000000,
    "operatingExpenses": 325000000,
    "costAndExpenses": 2818000000,
    "interestIncome": 0,
    "interestExpense": 67000000,
    "depreciationAndAmortization": 168000000,
    "ebitda": 468000000,
    "ebitdaratio": 0.14976,
    "operatingIncome": 307000000,
    "operatingIncomeRatio": 0.09824,
    "totalOtherIncomeExpensesNet": -74000000,
    "incomeBeforeTax": 233000000,
    "incomeBeforeTaxRatio": 0.07456,
    "incomeTaxExpense": 32000000,
    "netIncome": 200000000,
    "netIncomeRatio": 0.064,
    "eps": 0.61,
    "epsdiluted": 0.6,
    "weightedAverageShsOut": 327811000,
    "weightedAverageShsOutDil": 333673000,
    "link": "https://www.sec.gov/Archives/edgar/data/9389/000155837021006461/0001558370-21-006461-index.htm",
    "finalLink": "https://www.sec.gov/Archives/edgar/data/9389/000155837021006461/bll-20210331x10q.htm"
  },
  {
    "date": "2020-12-31",
    "symbol": "BALL",
    "reportedCurrency": "USD",
    "cik": "0000009389",
    "fillingDate": "2021-02-17",
    "acceptedDate": "2021-02-17 12:02:34",
    "calendarYear": "2020",
    "period": "Q4",
    "revenue": 3102000000,
    "costOfRevenue": 2448000000,
    "grossProfit": 654000000,
    "grossProfitRatio": 0.2108317215,
    "researchAndDevelopmentExpenses": 0,
    "generalAndAdministrativeExpenses": 0,
    "sellingAndMarketingExpenses": 0,
    "sellingGeneralAndAdministrativeExpenses": 162000000,
    "otherExpenses": 169000000,
    "operatingExpenses": 331000000,
    "costAndExpenses": 2779000000,
    "interestIncome": 0,
    "interestExpense": 69000000,
    "depreciationAndAmortization": 169000000,
    "ebitda": 465000000,
    "ebitdaratio": 0.1499032882,
    "operatingIncome": 323000000,
    "operatingIncomeRatio": 0.1041263701,
    "totalOtherIncomeExpensesNet": -96000000,
    "incomeBeforeTax": 227000000,
    "incomeBeforeTaxRatio": 0.0731785945,
    "incomeTaxExpense": 7000000,
    "netIncome": 227000000,
    "netIncomeRatio": 0.0731785945,
    "eps": 0.69,
    "epsdiluted": 0.68,
    "weightedAverageShsOut": 327137000,
    "weightedAverageShsOutDil": 333898000,
    "link": "https://www.sec.gov/Archives/edgar/data/9389/000155837021001121/0001558370-21-001121-index.htm",
    "finalLink": "https://www.sec.gov/Archives/edgar/data/9389/000155837021001121/bll-20201231x10k.htm"
  },
  {
    "date": "2020-09-30",
    "symbol": "BALL",
    "reportedCurrency": "USD",
    "cik": "0000009389",
    "fillingDate": "2020-11-06",
    "acceptedDate": "2020-11-06 12:27:51",
    "calendarYear": "2020",
    "period": "Q3",
    "revenue": 3093000000,
    "costOfRevenue": 2430000000,
    "grossProfit": 663000000,
    "grossProfitRatio": 0.2143549952,
    "researchAndDevelopmentExpenses": 0,
    "generalAndAdministrativeExpenses": 0,
    "sellingAndMarketingExpenses": 0,
    "sellingGeneralAndAdministrativeExpenses": 121000000,
    "otherExpenses": 160000000,
    "operatingExpenses": 281000000,
    "costAndExpenses": 2711000000,
    "interestIncome": 0,
    "interestExpense": 68000000,
    "depreciationAndAmortization": 160000000,
    "ebitda": 533000000,
    "ebitdaratio": 0.1723246039,
    "operatingIncome": 382000000,
    "operatingIncomeRatio": 0.123504688,
    "totalOtherIncomeExpensesNet": -77000000,
    "incomeBeforeTax": 305000000,
    "incomeBeforeTaxRatio": 0.098609764,
    "incomeTaxExpense": 73000000,
    "netIncome": 241000000,
    "netIncomeRatio": 0.0779178791,
    "eps": 0.74,
    "epsdiluted": 0.72,
    "weightedAverageShsOut": 326549000,
    "weightedAverageShsOutDil": 332654000,
    "link": "https://www.sec.gov/Archives/edgar/data/9389/000155837020013072/0001558370-20-013072-index.htm",
    "finalLink": "https://www.sec.gov/Archives/edgar/data/9389/000155837020013072/bll-20200930x10q.htm"
  },
  {
    "date": "2020-06-30",
    "symbol": "BALL",
    "reportedCurrency": "USD",
    "cik": "0000009389",
    "fillingDate": "2020-08-07",
    "acceptedDate": "2020-08-07 14:47:59",
    "calendarYear": "2020",
    "period": "Q2",
    "revenue": 2801000000,
    "costOfRevenue": 2230000000,
    "grossProfit": 571000000,
    "grossProfitRatio": 0.2038557658,
    "researchAndDevelopmentExpenses": 0,
    "generalAndAdministrativeExpenses": 0,
    "sellingAndMarketingExpenses": 0,
    "sellingGeneralAndAdministrativeExpenses": 111000000,
    "otherExpenses": 170000000,
    "operatingExpenses": 281000000,
    "costAndExpenses": 2511000000,
    "interestIncome": 0,
    "interestExpense": 67000000,
    "depreciationAndAmortization": 170000000,
    "ebitda": 348000000,
    "ebitdaratio": 0.1242413424,
    "operatingIncome": 290000000,
    "operatingIncomeRatio": 0.103534452,
    "totalOtherIncomeExpensesNet": -179000000,
    "incomeBeforeTax": 111000000,
    "incomeBeforeTaxRatio": 0.039628704,
    "incomeTaxExpense": 23000000,
    "netIncome": 94000000,
    "netIncomeRatio": 0.0335594431,
    "eps": 0.29,
    "epsdiluted": 0.28,
    "weightedAverageShsOut": 325994000,
    "weightedAverageShsOutDil": 331717000,
    "link": "https://www.sec.gov/Archives/edgar/data/9389/000155837020009904/0001558370-20-009904-index.htm",
    "finalLink": "https://www.sec.gov/Archives/edgar/data/9389/000155837020009904/bll-20200630x10q.htm"
  },
  {
    "date": "2020-03-31",
    "symbol": "BALL",
    "reportedCurrency": "USD",
    "cik": "0000009389",
    "fillingDate": "2020-05-08",
    "acceptedDate": "2020-05-08 15:43:33",
    "calendarYear": "2020",
    "period": "Q1",
    "revenue": 2785000000,
    "costOfRevenue": 2215000000,
    "grossProfit": 570000000,
    "grossProfitRatio": 0.2046678636,
    "researchAndDevelopmentExpenses": 0,
    "generalAndAdministrativeExpenses": 0,
    "sellingAndMarketingExpenses": 0,
    "sellingGeneralAndAdministrativeExpenses": 131000000,
    "otherExpenses": 169000000,
    "operatingExpenses": 300000000,
    "costAndExpenses": 2515000000,
    "interestIncome": 0,
    "interestExpense": 71000000,
    "depreciationAndAmortization": 169000000,
    "ebitda": 284000000,
    "ebitdaratio": 0.1019748654,
    "operatingIncome": 270000000,
    "operatingIncomeRatio": 0.0969479354,
    "totalOtherIncomeExpensesNet": -226000000,
    "incomeBeforeTax": 44000000,
    "incomeBeforeTaxRatio": 0.0157989228,
    "incomeTaxExpense": -4000000,
    "netIncome": 23000000,
    "netIncomeRatio": 0.0082585278,
    "eps": 0.07,
    "epsdiluted": 0.07,
    "weightedAverageShsOut": 325346000,
    "weightedAverageShsOutDil": 332326000,
    "link": "https://www.sec.gov/Archives/edgar/data/9389/000155837020005980/0001558370-20-005980-index.htm",
    "finalLink": "https://www.sec.gov/Archives/edgar/data/9389/000155837020005980/bll-20200508x10q.htm"
  },
  {
    "date": "2019-12-31",
    "symbol": "BALL",
    "reportedCurrency": "USD",
    "cik": "0000009389",
    "fillingDate": "2020-02-19",
    "acceptedDate": "2020-02-19 17:20:47",
    "calendarYear": "2019",
    "period": "Q4",
    "revenue": 2719000000,
    "costOfRevenue": 2159000000,
    "grossProfit": 560000000,
    "grossProfitRatio": 0.2059580728,
    "researchAndDevelopmentExpenses": 0,
    "generalAndAdministrativeExpenses": 0,
    "sellingAndMarketingExpenses": 0,
    "sellingGeneralAndAdministrativeExpenses": 89000000,
    "otherExpenses": 168000000,
    "operatingExpenses": 257000000,
    "costAndExpenses": 2416000000,
    "interestIncome": 0,
    "interestExpense": 80000000,
    "depreciationAndAmortization": 168000000,
    "ebitda": 371000000,
    "ebitdaratio": 0.1364472232,
    "operatingIncome": 303000000,
    "operatingIncomeRatio": 0.1114380287,
    "totalOtherIncomeExpensesNet": -180000000,
    "incomeBeforeTax": 123000000,
    "incomeBeforeTaxRatio": 0.0452372196,
    "incomeTaxExpense": -2000000,
    "netIncome": 160000000,
    "netIncomeRatio": 0.0588451637,
    "eps": 0.49,
    "epsdiluted": 0.48,
    "weightedAverageShsOut": 326282000,
    "weightedAverageShsOutDil": 334860000,
    "link": "https://www.sec.gov/Archives/edgar/data/9389/000155837020001005/0001558370-20-001005-index.htm",
    "finalLink": "https://www.sec.gov/Archives/edgar/data/9389/000155837020001005/bll-20191231x10k1a847a.htm"
  },
  {
    "date": "2019-09-30",
    "symbol": "BALL",
    "reportedCurrency": "USD",
    "cik": "0000009389",
    "fillingDate": "2019-11-01",
    "acceptedDate": "2019-11-01 13:56:54",
    "calendarYear": "2019",
    "period": "Q3",
    "revenue": 2953000000,
    "costOfRevenue": 2363000000,
    "grossProfit": 590000000,
    "grossProfitRatio": 0.1997968168,
    "researchAndDevelopmentExpenses": 0,
    "generalAndAdministrativeExpenses": 0,
    "sellingAndMarketingExpenses": 0,
    "sellingGeneralAndAdministrativeExpenses": 90000000,
    "otherExpenses": 169000000,
    "operatingExpenses": 259000000,
    "costAndExpenses": 2622000000,
    "interestIncome": 0,
    "interestExpense": 79000000,
    "depreciationAndAmortization": 169000000,
    "ebitda": 367000000,
    "ebitdaratio": 0.1242803928,
    "operatingIncome": 331000000,
    "operatingIncomeRatio": 0.1120894006,
    "totalOtherIncomeExpensesNet": -212000000,
    "incomeBeforeTax": 119000000,
    "incomeBeforeTaxRatio": 0.040298002,
    "incomeTaxExpense": 32000000,
    "netIncome": 92000000,
    "netIncomeRatio": 0.0311547579,
    "eps": 0.28,
    "epsdiluted": 0.27,
    "weightedAverageShsOut": 331148000,
    "weightedAverageShsOutDil": 340632000,
    "link": "https://www.sec.gov/Archives/edgar/data/9389/000155837019009677/0001558370-19-009677-index.htm",
    "finalLink": "https://www.sec.gov/Archives/edgar/data/9389/000155837019009677/bll-20190930x10q3f1373.htm"
  },
  {
    "date": "2019-06-30",
    "symbol": "BALL",
    "reportedCurrency": "USD",
    "cik": "0000009389",
    "fillingDate": "2019-08-02",
    "acceptedDate": "2019-08-02 13:41:02",
    "calendarYear": "2019",
    "period": "Q2",
    "revenue": 3017000000,
    "costOfRevenue": 2428000000,
    "grossProfit": 589000000,
    "grossProfitRatio": 0.1952270467,
    "researchAndDevelopmentExpenses": 0,
    "generalAndAdministrativeExpenses": 0,
    "sellingAndMarketingExpenses": 0,
    "sellingGeneralAndAdministrativeExpenses": 111000000,
    "otherExpenses": 171000000,
    "operatingExpenses": 282000000,
    "costAndExpenses": 2710000000,
    "interestIncome": 0,
    "interestExpense": 81000000,
    "depreciationAndAmortization": 171000000,
    "ebitda": 478000000,
    "ebitdaratio": 0.158435532,
    "operatingIncome": 307000000,
    "operatingIncomeRatio": 0.101756712,
    "totalOtherIncomeExpensesNet": -81000000,
    "incomeBeforeTax": 226000000,
    "incomeBeforeTaxRatio": 0.0749088499,
    "incomeTaxExpense": 31000000,
    "netIncome": 197000000,
    "netIncomeRatio": 0.0652966523,
    "eps": 0.59,
    "epsdiluted": 0.58,
    "weightedAverageShsOut": 332825000,
    "weightedAverageShsOutDil": 341637000,
    "link": "https://www.sec.gov/Archives/edgar/data/9389/000155837019006925/0001558370-19-006925-index.htm",
    "finalLink": "https://www.sec.gov/Archives/edgar/data/9389/000155837019006925/bll-20190630x10q.htm"
  },
  {
    "date": "2019-03-31",
    "symbol": "BALL",
    "reportedCurrency": "USD",
    "cik": "0000009389",
    "fillingDate": "2019-05-03",
    "acceptedDate": "2019-05-03 13:39:11",
    "calendarYear": "2019",
    "period": "Q1",
    "revenue": 2785000000,
    "costOfRevenue": 2253000000,
    "grossProfit": 532000000,
    "grossProfitRatio": 0.1910233393,
    "researchAndDevelopmentExpenses": 0,
    "generalAndAdministrativeExpenses": 0,
    "sellingAndMarketingExpenses": 0,
    "sellingGeneralAndAdministrativeExpenses": 127000000,
    "otherExpenses": 170000000,
    "operatingExpenses": 297000000,
    "costAndExpenses": 2550000000,
    "interestIncome": 0,
    "interestExpense": 77000000,
    "depreciationAndAmortization": 170000000,
    "ebitda": 387000000,
    "ebitdaratio": 0.1389587074,
    "operatingIncome": 235000000,
    "operatingIncomeRatio": 0.0843806104,
    "totalOtherIncomeExpensesNet": -95000000,
    "incomeBeforeTax": 140000000,
    "incomeBeforeTaxRatio": 0.0502692998,
    "incomeTaxExpense": 10000000,
    "netIncome": 117000000,
    "netIncomeRatio": 0.042010772,
    "eps": 0.35,
    "epsdiluted": 0.34,
    "weightedAverageShsOut": 334239000,
    "weightedAverageShsOutDil": 342676000,
    "link": "https://www.sec.gov/Archives/edgar/data/9389/000155837019003945/0001558370-19-003945-index.htm",
    "finalLink": "https://www.sec.gov/Archives/edgar/data/9389/000155837019003945/bll-20190331x10q.htm"
  },
  {
    "date": "2018-12-31",
    "symbol": "BALL",
    "reportedCurrency": "USD",
    "cik": "0000009389",
    "fillingDate": "2019-02-22",
    "acceptedDate": "2019-02-22 15:17:23",
    "calendarYear": "2018",
    "period": "Q4",
    "revenue": 2803000000,
    "costOfRevenue": 2246000000,
    "grossProfit": 557000000,
    "grossProfitRatio": 0.1987156618,
    "researchAndDevelopmentExpenses": 0,
    "generalAndAdministrativeExpenses": 0,
    "sellingAndMarketingExpenses": 0,
    "sellingGeneralAndAdministrativeExpenses": 126000000,
    "otherExpenses": 173000000,
    "operatingExpenses": 299000000,
    "costAndExpenses": 2545000000,
    "interestIncome": 0,
    "interestExpense": 75000000,
    "depreciationAndAmortization": 173000000,
    "ebitda": 371000000,
    "ebitdaratio": 0.1323581877,
    "operatingIncome": 258000000,
    "operatingIncomeRatio": 0.0920442383,
    "totalOtherIncomeExpensesNet": -135000000,
    "incomeBeforeTax": 123000000,
    "incomeBeforeTaxRatio": 0.0438815555,
    "incomeTaxExpense": -35000000,
    "netIncome": 151000000,
    "netIncomeRatio": 0.0538708527,
    "eps": 0.45,
    "epsdiluted": 0.44,
    "weightedAverageShsOut": 337922000,
    "weightedAverageShsOutDil": 346274000,
    "link": "https://www.sec.gov/Archives/edgar/data/9389/000155837019000909/0001558370-19-000909-index.htm",
    "finalLink": "https://www.sec.gov/Archives/edgar/data/9389/000155837019000909/bll-20181231x10k.htm"
  },
  {
    "date": "2018-09-30",
    "symbol": "BALL",
    "reportedCurrency": "USD",
    "cik": "0000009389",
    "fillingDate": "2018-11-02",
    "acceptedDate": "2018-11-02 13:08:47",
    "calendarYear": "2018",
    "period": "Q3",
    "revenue": 2946000000,
    "costOfRevenue": 2362000000,
    "grossProfit": 584000000,
    "grossProfitRatio": 0.1982348948,
    "researchAndDevelopmentExpenses": 0,
    "generalAndAdministrativeExpenses": 0,
    "sellingAndMarketingExpenses": 0,
    "sellingGeneralAndAdministrativeExpenses": 113000000,
    "otherExpenses": 171000000,
    "operatingExpenses": 284000000,
    "costAndExpenses": 2646000000,
    "interestIncome": 0,
    "interestExpense": 76000000,
    "depreciationAndAmortization": 171000000,
    "ebitda": 439000000,
    "ebitdaratio": 0.1490156144,
    "operatingIncome": 300000000,
    "operatingIncomeRatio": 0.1018329939,
    "totalOtherIncomeExpensesNet": -108000000,
    "incomeBeforeTax": 192000000,
    "incomeBeforeTaxRatio": 0.0651731161,
    "incomeTaxExpense": 140000000,
    "netIncome": 59000000,
    "netIncomeRatio": 0.0200271555,
    "eps": 0.17,
    "epsdiluted": 0.17,
    "weightedAverageShsOut": 342982000,
    "weightedAverageShsOutDil": 349709000,
    "link": "https://www.sec.gov/Archives/edgar/data/9389/000155837018008348/0001558370-18-008348-index.htm",
    "finalLink": "https://www.sec.gov/Archives/edgar/data/9389/000155837018008348/bll-20180930x10q.htm"
  },
  {
    "date": "2018-06-30",
    "symbol": "BALL",
    "reportedCurrency": "USD",
    "cik": "0000009389",
    "fillingDate": "2018-08-03",
    "acceptedDate": "2018-08-03 15:26:53",
    "calendarYear": "2018",
    "period": "Q2",
    "revenue": 3101000000,
    "costOfRevenue": 2484000000,
    "grossProfit": 617000000,
    "grossProfitRatio": 0.1989680748,
    "researchAndDevelopmentExpenses": 0,
    "generalAndAdministrativeExpenses": 0,
    "sellingAndMarketingExpenses": 0,
    "sellingGeneralAndAdministrativeExpenses": 127000000,
    "otherExpenses": 178000000,
    "operatingExpenses": 305000000,
    "costAndExpenses": 2789000000,
    "interestIncome": 0,
    "interestExpense": 77000000,
    "depreciationAndAmortization": 178000000,
    "ebitda": 421000000,
    "ebitdaratio": 0.1357626572,
    "operatingIncome": 312000000,
    "operatingIncomeRatio": 0.1006127056,
    "totalOtherIncomeExpensesNet": -146000000,
    "incomeBeforeTax": 166000000,
    "incomeBeforeTaxRatio": 0.053531119,
    "incomeTaxExpense": 46000000,
    "netIncome": 119000000,
    "netIncomeRatio": 0.0383747178,
    "eps": 0.34,
    "epsdiluted": 0.34,
    "weightedAverageShsOut": 348221000,
    "weightedAverageShsOutDil": 354904000,
    "link": "https://www.sec.gov/Archives/edgar/data/9389/000155837018006348/0001558370-18-006348-index.htm",
    "finalLink": "https://www.sec.gov/Archives/edgar/data/9389/000155837018006348/bll-20180630x10q.htm"
  },
  {
    "date": "2018-03-31",
    "symbol": "BALL",
    "reportedCurrency": "USD",
    "cik": "0000009389",
    "fillingDate": "2018-05-04",
    "acceptedDate": "2018-05-04 16:00:07",
    "calendarYear": "2018",
    "period": "Q1",
    "revenue": 2785000000,
    "costOfRevenue": 2237000000,
    "grossProfit": 548000000,
    "grossProfitRatio": 0.1967684022,
    "researchAndDevelopmentExpenses": 0,
    "generalAndAdministrativeExpenses": 0,
    "sellingAndMarketingExpenses": 0,
    "sellingGeneralAndAdministrativeExpenses": 112000000,
    "otherExpenses": 180000000,
    "operatingExpenses": 292000000,
    "costAndExpenses": 2529000000,
    "interestIncome": 0,
    "interestExpense": 73000000,
    "depreciationAndAmortization": 180000000,
    "ebitda": 405000000,
    "ebitdaratio": 0.1454219031,
    "operatingIncome": 256000000,
    "operatingIncomeRatio": 0.0919210054,
    "totalOtherIncomeExpensesNet": -104000000,
    "incomeBeforeTax": 152000000,
    "incomeBeforeTaxRatio": 0.0545780969,
    "incomeTaxExpense": 34000000,
    "netIncome": 125000000,
    "netIncomeRatio": 0.0448833034,
    "eps": 0.36,
    "epsdiluted": 0.35,
    "weightedAverageShsOut": 350215000,
    "weightedAverageShsOutDil": 357552000,
    "link": "https://www.sec.gov/Archives/edgar/data/9389/000155837018004021/0001558370-18-004021-index.htm",
    "finalLink": "https://www.sec.gov/Archives/edgar/data/9389/000155837018004021/bll-20180331x10q.htm"
  },
  {
    "date": "2017-12-31",
    "symbol": "BALL",
    "reportedCurrency": "USD",
    "cik": "0000009389",
    "fillingDate": "2018-03-01",
    "acceptedDate": "2018-02-28 21:58:22",
    "calendarYear": "2017",
    "period": "Q4",
    "revenue": 2747000000,
    "costOfRevenue": 2134000000,
    "grossProfit": 613000000,
    "grossProfitRatio": 0.22315253,
    "researchAndDevelopmentExpenses": 0,
    "generalAndAdministrativeExpenses": 0,
    "sellingAndMarketingExpenses": 0,
    "sellingGeneralAndAdministrativeExpenses": 116000000,
    "otherExpenses": 190000000,
    "operatingExpenses": 306000000,
    "costAndExpenses": 2440000000,
    "interestIncome": 0,
    "interestExpense": 69000000,
    "depreciationAndAmortization": 190000000,
    "ebitda": 527000000,
    "ebitdaratio": 0.1918456498,
    "operatingIncome": 307000000,
    "operatingIncomeRatio": 0.1117582818,
    "totalOtherIncomeExpensesNet": -39000000,
    "incomeBeforeTax": 268000000,
    "incomeBeforeTaxRatio": 0.0975609756,
    "incomeTaxExpense": 117000000,
    "netIncome": 159000000,
    "netIncomeRatio": 0.0578813251,
    "eps": 0.53,
    "epsdiluted": 0.52,
    "weightedAverageShsOut": 349639000,
    "weightedAverageShsOutDil": 356384000,
    "link": "https://www.sec.gov/Archives/edgar/data/9389/000155837018001345/0001558370-18-001345-index.htm",
    "finalLink": "https://www.sec.gov/Archives/edgar/data/9389/000155837018001345/bll-20171231x10k.htm"
  },
  {
    "date": "2017-09-30",
    "symbol": "BALL",
    "reportedCurrency": "USD",
    "cik": "0000009389",
    "fillingDate": "2017-11-06",
    "acceptedDate": "2017-11-06 15:50:58",
    "calendarYear": "2017",
    "period": "Q3",
    "revenue": 2908000000,
    "costOfRevenue": 2338000000,
    "grossProfit": 570000000,
    "grossProfitRatio": 0.1960110041,
    "researchAndDevelopmentExpenses": 0,
    "generalAndAdministrativeExpenses": 0,
    "sellingAndMarketingExpenses": 0,
    "sellingGeneralAndAdministrativeExpenses": 127000000,
    "otherExpenses": 162000000,
    "operatingExpenses": 289000000,
    "costAndExpenses": 2627000000,
    "interestIncome": 0,
    "interestExpense": 74000000,
    "depreciationAndAmortization": 162000000,
    "ebitda": 286000000,
    "ebitdaratio": 0.098349381,
    "operatingIncome": 281000000,
    "operatingIncomeRatio": 0.0966299862,
    "totalOtherIncomeExpensesNet": -231000000,
    "incomeBeforeTax": 50000000,
    "incomeBeforeTaxRatio": 0.0171939477,
    "incomeTaxExpense": 4000000,
    "netIncome": 48000000,
    "netIncomeRatio": 0.0165061898,
    "eps": 0.14,
    "epsdiluted": 0.13,
    "weightedAverageShsOut": 350327000,
    "weightedAverageShsOutDil": 358556000,
    "link": "https://www.sec.gov/Archives/edgar/data/9389/000155837017008225/0001558370-17-008225-index.htm",
    "finalLink": "https://www.sec.gov/Archives/edgar/data/9389/000155837017008225/bll-20170930x10q.htm"
  },
  {
    "date": "2017-06-30",
    "symbol": "BALL",
    "reportedCurrency": "USD",
    "cik": "0000009389",
    "fillingDate": "2017-08-09",
    "acceptedDate": "2017-08-09 16:29:37",
    "calendarYear": "2017",
    "period": "Q2",
    "revenue": 2855000000,
    "costOfRevenue": 2270000000,
    "grossProfit": 585000000,
    "grossProfitRatio": 0.2049036778,
    "researchAndDevelopmentExpenses": 0,
    "generalAndAdministrativeExpenses": 0,
    "sellingAndMarketingExpenses": 0,
    "sellingGeneralAndAdministrativeExpenses": 128000000,
    "otherExpenses": 229000000,
    "operatingExpenses": 357000000,
    "costAndExpenses": 2627000000,
    "interestIncome": 0,
    "interestExpense": 74000000,
    "depreciationAndAmortization": 229000000,
    "ebitda": 415000000,
    "ebitdaratio": 0.1453590193,
    "operatingIncome": 228000000,
    "operatingIncomeRatio": 0.0798598949,
    "totalOtherIncomeExpensesNet": -116000000,
    "incomeBeforeTax": 112000000,
    "incomeBeforeTaxRatio": 0.0392294221,
    "incomeTaxExpense": 22000000,
    "netIncome": 99000000,
    "netIncomeRatio": 0.034676007,
    "eps": 0.28,
    "epsdiluted": 0.28,
    "weightedAverageShsOut": 351066000,
    "weightedAverageShsOutDil": 358979000,
    "link": "https://www.sec.gov/Archives/edgar/data/9389/000155837017006434/0001558370-17-006434-index.htm",
    "finalLink": "https://www.sec.gov/Archives/edgar/data/9389/000155837017006434/bll-20170630x10q.htm"
  },
  {
    "date": "2017-03-31",
    "symbol": "BALL",
    "reportedCurrency": "USD",
    "cik": "0000009389",
    "fillingDate": "2017-05-08",
    "acceptedDate": "2017-05-05 18:43:18",
    "calendarYear": "2017",
    "period": "Q1",
    "revenue": 2473000000,
    "costOfRevenue": 1975000000,
    "grossProfit": 498000000,
    "grossProfitRatio": 0.2013748484,
    "researchAndDevelopmentExpenses": 0,
    "generalAndAdministrativeExpenses": 0,
    "sellingAndMarketingExpenses": 0,
    "sellingGeneralAndAdministrativeExpenses": 143000000,
    "otherExpenses": 148000000,
    "operatingExpenses": 291000000,
    "costAndExpenses": 2266000000,
    "interestIncome": 0,
    "interestExpense": 68000000,
    "depreciationAndAmortization": 148000000,
    "ebitda": 300000000,
    "ebitdaratio": 0.1213101496,
    "operatingIncome": 207000000,
    "operatingIncomeRatio": 0.0837040032,
    "totalOtherIncomeExpensesNet": -123000000,
    "incomeBeforeTax": 84000000,
    "incomeBeforeTaxRatio": 0.0339668419,
    "incomeTaxExpense": 22000000,
    "netIncome": 68000000,
    "netIncomeRatio": 0.0274969672,
    "eps": 0.2,
    "epsdiluted": 0.19,
    "weightedAverageShsOut": 350048000,
    "weightedAverageShsOutDil": 357934000,
    "link": "https://www.sec.gov/Archives/edgar/data/9389/000155837017003696/0001558370-17-003696-index.htm",
    "finalLink": "https://www.sec.gov/Archives/edgar/data/9389/000155837017003696/bll-20170331x10q.htm"
  },
  {
    "date": "2016-12-31",
    "symbol": "BALL",
    "reportedCurrency": "USD",
    "cik": "0000009389",
    "fillingDate": "2017-03-02",
    "acceptedDate": "2017-03-02 17:21:35",
    "calendarYear": "2016",
    "period": "Q4",
    "revenue": 2461000000,
    "costOfRevenue": 1945000000,
    "grossProfit": 516000000,
    "grossProfitRatio": 0.2096708655,
    "researchAndDevelopmentExpenses": 0,
    "generalAndAdministrativeExpenses": 0,
    "sellingAndMarketingExpenses": 0,
    "sellingGeneralAndAdministrativeExpenses": 164000000,
    "otherExpenses": 154000000,
    "operatingExpenses": 318000000,
    "costAndExpenses": 2263000000,
    "interestIncome": 0,
    "interestExpense": 70000000,
    "depreciationAndAmortization": 154000000,
    "ebitda": 333000000,
    "ebitdaratio": 0.1353108492,
    "operatingIncome": 198000000,
    "operatingIncomeRatio": 0.0804550996,
    "totalOtherIncomeExpensesNet": -89000000,
    "incomeBeforeTax": 109000000,
    "incomeBeforeTaxRatio": 0.0442909386,
    "incomeTaxExpense": 65000000,
    "netIncome": 53000000,
    "netIncomeRatio": 0.021535961,
    "eps": 0.15,
    "epsdiluted": 0.15,
    "weightedAverageShsOut": 349424000,
    "weightedAverageShsOutDil": 355540000,
    "link": "https://www.sec.gov/Archives/edgar/data/9389/000155837017001300/0001558370-17-001300-index.htm",
    "finalLink": "https://www.sec.gov/Archives/edgar/data/9389/000155837017001300/bll-20161231x10k.htm"
  },
  {
    "date": "2016-09-30",
    "symbol": "BALL",
    "reportedCurrency": "USD",
    "cik": "0000009389",
    "fillingDate": "2016-11-08",
    "acceptedDate": "2016-11-08 16:39:21",
    "calendarYear": "2016",
    "period": "Q3",
    "revenue": 2752000000,
    "costOfRevenue": 2275000000,
    "grossProfit": 477000000,
    "grossProfitRatio": 0.1733284884,
    "researchAndDevelopmentExpenses": 0,
    "generalAndAdministrativeExpenses": 0,
    "sellingAndMarketingExpenses": 0,
    "sellingGeneralAndAdministrativeExpenses": 135000000,
    "otherExpenses": 147000000,
    "operatingExpenses": 282000000,
    "costAndExpenses": 2557000000,
    "interestIncome": 0,
    "interestExpense": 80000000,
    "depreciationAndAmortization": 146000000,
    "ebitda": 277000000,
    "ebitdaratio": 0.1006540698,
    "operatingIncome": 195000000,
    "operatingIncomeRatio": 0.0708575581,
    "totalOtherIncomeExpensesNet": -145000000,
    "incomeBeforeTax": 50000000,
    "incomeBeforeTaxRatio": 0.0181686047,
    "incomeTaxExpense": 23000000,
    "netIncome": 31000000,
    "netIncomeRatio": 0.0112645349,
    "eps": 0.0974,
    "epsdiluted": 0.0957,
    "weightedAverageShsOut": 349128000,
    "weightedAverageShsOutDil": 355404000,
    "link": "https://www.sec.gov/Archives/edgar/data/9389/000155837016009692/0001558370-16-009692-index.htm",
    "finalLink": "https://www.sec.gov/Archives/edgar/data/9389/000155837016009692/bll-20160930x10q.htm"
  },
  {
    "date": "2016-06-30",
    "symbol": "BALL",
    "reportedCurrency": "USD",
    "cik": "0000009389",
    "fillingDate": "2016-08-12",
    "acceptedDate": "2016-08-11 19:41:28",
    "calendarYear": "2016",
    "period": "Q2",
    "revenue": 2030000000,
    "costOfRevenue": 1596000000,
    "grossProfit": 434000000,
    "grossProfitRatio": 0.2137931034,
    "researchAndDevelopmentExpenses": 0,
    "generalAndAdministrativeExpenses": 0,
    "sellingAndMarketingExpenses": 0,
    "sellingGeneralAndAdministrativeExpenses": 105000000,
    "otherExpenses": 78000000,
    "operatingExpenses": 183000000,
    "costAndExpenses": 1779000000,
    "interestIncome": 0,
    "interestExpense": 41000000,
    "depreciationAndAmortization": 78000000,
    "ebitda": 311000000,
    "ebitdaratio": 0.1532019704,
    "operatingIncome": 251000000,
    "operatingIncomeRatio": 0.1236453202,
    "totalOtherIncomeExpensesNet": -59000000,
    "incomeBeforeTax": 192000000,
    "incomeBeforeTaxRatio": 0.0945812808,
    "incomeTaxExpense": -114000000,
    "netIncome": 307000000,
    "netIncomeRatio": 0.1512315271,
    "eps": 1.3,
    "epsdiluted": 1.27,
    "weightedAverageShsOut": 284076000,
    "weightedAverageShsOutDil": 290454000,
    "link": "https://www.sec.gov/Archives/edgar/data/9389/000155837016007939/0001558370-16-007939-index.htm",
    "finalLink": "https://www.sec.gov/Archives/edgar/data/9389/000155837016007939/bll-20160630x10q.htm"
  },
  {
    "date": "2016-03-31",
    "symbol": "BALL",
    "reportedCurrency": "USD",
    "cik": "0000009389",
    "fillingDate": "2016-04-29",
    "acceptedDate": "2016-04-29 15:42:54",
    "calendarYear": "2016",
    "period": "Q1",
    "revenue": 1756000000,
    "costOfRevenue": 1416000000,
    "grossProfit": 340000000,
    "grossProfitRatio": 0.1936218679,
    "researchAndDevelopmentExpenses": 0,
    "generalAndAdministrativeExpenses": 0,
    "sellingAndMarketingExpenses": 0,
    "sellingGeneralAndAdministrativeExpenses": 108000000,
    "otherExpenses": 75000000,
    "operatingExpenses": 183000000,
    "costAndExpenses": 1599000000,
    "interestIncome": 0,
    "interestExpense": 38000000,
    "depreciationAndAmortization": 75000000,
    "ebitda": -96000000,
    "ebitdaratio": -0.0546697039,
    "operatingIncome": 157000000,
    "operatingIncomeRatio": 0.0894077449,
    "totalOtherIncomeExpensesNet": -366000000,
    "incomeBeforeTax": -209000000,
    "incomeBeforeTaxRatio": -0.1190205011,
    "incomeTaxExpense": -83000000,
    "netIncome": -127000000,
    "netIncomeRatio": -0.0723234624,
    "eps": -0.45,
    "epsdiluted": -0.45,
    "weightedAverageShsOut": 282222222,
    "weightedAverageShsOutDil": 283586000,
    "link": "https://www.sec.gov/Archives/edgar/data/9389/000110465916116161/0001104659-16-116161-index.htm",
    "finalLink": "https://www.sec.gov/Archives/edgar/data/9389/000110465916116161/a16-6556_110q.htm"
  },
  {
    "date": "2015-12-31",
    "symbol": "BALL",
    "reportedCurrency": "USD",
    "cik": "0000009389",
    "fillingDate": "2016-02-16",
    "acceptedDate": "2016-02-16 16:54:03",
    "calendarYear": "2015",
    "period": "Q4",
    "revenue": 1804600000,
    "costOfRevenue": 1434000000,
    "grossProfit": 370600000,
    "grossProfitRatio": 0.2053640696,
    "researchAndDevelopmentExpenses": 0,
    "generalAndAdministrativeExpenses": 0,
    "sellingAndMarketingExpenses": 0,
    "sellingGeneralAndAdministrativeExpenses": 110800000,
    "otherExpenses": 74000000,
    "operatingExpenses": 184800000,
    "costAndExpenses": 1618800000,
    "interestIncome": 0,
    "interestExpense": 36200000,
    "depreciationAndAmortization": 74000000,
    "ebitda": 172800000,
    "ebitdaratio": 0.095755292,
    "operatingIncome": 185800000,
    "operatingIncomeRatio": 0.1029591045,
    "totalOtherIncomeExpensesNet": -123200000,
    "incomeBeforeTax": 62600000,
    "incomeBeforeTaxRatio": 0.0346891278,
    "incomeTaxExpense": -900000,
    "netIncome": 55300000,
    "netIncomeRatio": 0.03064391,
    "eps": 0.2,
    "epsdiluted": 0.2,
    "weightedAverageShsOut": 273952000,
    "weightedAverageShsOutDil": 281050000,
    "link": "https://www.sec.gov/Archives/edgar/data/9389/000110465916097390/0001104659-16-097390-index.htm",
    "finalLink": "https://www.sec.gov/Archives/edgar/data/9389/000110465916097390/a15-23354_110k.htm"
  },
  {
    "date": "2015-09-30",
    "symbol": "BALL",
    "reportedCurrency": "USD",
    "cik": "0000009389",
    "fillingDate": "2015-10-30",
    "acceptedDate": "2015-10-30 16:14:02",
    "calendarYear": "2015",
    "period": "Q3",
    "revenue": 2097000000,
    "costOfRevenue": 1690000000,
    "grossProfit": 407000000,
    "grossProfitRatio": 0.1940867907,
    "researchAndDevelopmentExpenses": 0,
    "generalAndAdministrativeExpenses": 0,
    "sellingAndMarketingExpenses": 0,
    "sellingGeneralAndAdministrativeExpenses": 107000000,
    "otherExpenses": 72000000,
    "operatingExpenses": 179000000,
    "costAndExpenses": 1869000000,
    "interestIncome": 0,
    "interestExpense": 38000000,
    "depreciationAndAmortization": 73000000,
    "ebitda": 128000000,
    "ebitdaratio": 0.0610395804,
    "operatingIncome": 228000000,
    "operatingIncomeRatio": 0.1087267525,
    "totalOtherIncomeExpensesNet": -211000000,
    "incomeBeforeTax": 17000000,
    "incomeBeforeTaxRatio": 0.0081068193,
    "incomeTaxExpense": -31000000,
    "netIncome": 45000000,
    "netIncomeRatio": 0.0214592275,
    "eps": 0.16,
    "epsdiluted": 0.16,
    "weightedAverageShsOut": 274674000,
    "weightedAverageShsOutDil": 281716000,
    "link": "https://www.sec.gov/Archives/edgar/data/9389/000110465915074526/0001104659-15-074526-index.htm",
    "finalLink": "https://www.sec.gov/Archives/edgar/data/9389/000110465915074526/a15-17915_110q.htm"
  },
  {
    "date": "2015-06-30",
    "symbol": "BALL",
    "reportedCurrency": "USD",
    "cik": "0000009389",
    "fillingDate": "2015-07-31",
    "acceptedDate": "2015-07-31 16:40:59",
    "calendarYear": "2015",
    "period": "Q2",
    "revenue": 2172000000,
    "costOfRevenue": 1775000000,
    "grossProfit": 397000000,
    "grossProfitRatio": 0.1827808471,
    "researchAndDevelopmentExpenses": 0,
    "generalAndAdministrativeExpenses": 0,
    "sellingAndMarketingExpenses": 0,
    "sellingGeneralAndAdministrativeExpenses": 118000000,
    "otherExpenses": 71000000,
    "operatingExpenses": 189000000,
    "costAndExpenses": 1964000000,
    "interestIncome": 0,
    "interestExpense": 31000000,
    "depreciationAndAmortization": 71000000,
    "ebitda": 340000000,
    "ebitdaratio": 0.1565377532,
    "operatingIncome": 208000000,
    "operatingIncomeRatio": 0.0957642726,
    "totalOtherIncomeExpensesNet": 30000000,
    "incomeBeforeTax": 238000000,
    "incomeBeforeTaxRatio": 0.1095764273,
    "incomeTaxExpense": 79000000,
    "netIncome": 160000000,
    "netIncomeRatio": 0.073664825,
    "eps": 0.58,
    "epsdiluted": 0.56,
    "weightedAverageShsOut": 275602000,
    "weightedAverageShsOutDil": 283080000,
    "link": "https://www.sec.gov/Archives/edgar/data/9389/000110465915055260/0001104659-15-055260-index.htm",
    "finalLink": "https://www.sec.gov/Archives/edgar/data/9389/000110465915055260/a15-12006_110q.htm"
  },
  {
    "date": "2015-03-31",
    "symbol": "BALL",
    "reportedCurrency": "USD",
    "cik": "0000009389",
    "fillingDate": "2015-05-08",
    "acceptedDate": "2015-05-08 17:23:23",
    "calendarYear": "2015",
    "period": "Q1",
    "revenue": 1923000000,
    "costOfRevenue": 1561000000,
    "grossProfit": 362000000,
    "grossProfitRatio": 0.1882475299,
    "researchAndDevelopmentExpenses": 0,
    "generalAndAdministrativeExpenses": 0,
    "sellingAndMarketingExpenses": 0,
    "sellingGeneralAndAdministrativeExpenses": 116000000,
    "otherExpenses": 68000000,
    "operatingExpenses": 184000000,
    "costAndExpenses": 1745000000,
    "interestIncome": 0,
    "interestExpense": 38000000,
    "depreciationAndAmortization": 68000000,
    "ebitda": 134000000,
    "ebitdaratio": 0.0696827873,
    "operatingIncome": 178000000,
    "operatingIncomeRatio": 0.0925637025,
    "totalOtherIncomeExpensesNet": -150000000,
    "incomeBeforeTax": 28000000,
    "incomeBeforeTaxRatio": 0.0145605824,
    "incomeTaxExpense": 1000000,
    "netIncome": 21000000,
    "netIncomeRatio": 0.0109204368,
    "eps": 0.075,
    "epsdiluted": 0.075,
    "weightedAverageShsOut": 274172000,
    "weightedAverageShsOutDil": 282152000,
    "link": "https://www.sec.gov/Archives/edgar/data/9389/000110465915036329/0001104659-15-036329-index.htm",
    "finalLink": "https://www.sec.gov/Archives/edgar/data/9389/000110465915036329/a15-7411_110q.htm"
  },
  {
    "date": "2014-12-31",
    "symbol": "BALL",
    "reportedCurrency": "USD",
    "cik": "0000009389",
    "fillingDate": "2015-02-20",
    "acceptedDate": "2015-02-20 15:05:26",
    "calendarYear": "2014",
    "period": "Q4",
    "revenue": 2032400000,
    "costOfRevenue": 1636900000,
    "grossProfit": 395500000,
    "grossProfitRatio": 0.1945975202,
    "researchAndDevelopmentExpenses": 0,
    "generalAndAdministrativeExpenses": 0,
    "sellingAndMarketingExpenses": 0,
    "sellingGeneralAndAdministrativeExpenses": 124300000,
    "otherExpenses": 71200000,
    "operatingExpenses": 195500000,
    "costAndExpenses": 1832400000,
    "interestIncome": 0,
    "interestExpense": 39000000,
    "depreciationAndAmortization": 71200000,
    "ebitda": 208500000,
    "ebitdaratio": 0.1025880732,
    "operatingIncome": 200000000,
    "operatingIncomeRatio": 0.0984058256,
    "totalOtherIncomeExpensesNet": -101700000,
    "incomeBeforeTax": 98300000,
    "incomeBeforeTaxRatio": 0.0483664633,
    "incomeTaxExpense": 10300000,
    "netIncome": 76000000,
    "netIncomeRatio": 0.0373942137,
    "eps": 0.28,
    "epsdiluted": 0.27,
    "weightedAverageShsOut": 273306000,
    "weightedAverageShsOutDil": 281492000,
    "link": "https://www.sec.gov/Archives/edgar/data/9389/000110465915012578/0001104659-15-012578-index.htm",
    "finalLink": "https://www.sec.gov/Archives/edgar/data/9389/000110465915012578/a14-26052_110k.htm"
  },
  {
    "date": "2014-09-30",
    "symbol": "BALL",
    "reportedCurrency": "USD",
    "cik": "0000009389",
    "fillingDate": "2014-11-03",
    "acceptedDate": "2014-11-03 13:20:50",
    "calendarYear": "2014",
    "period": "Q3",
    "revenue": 2238900000,
    "costOfRevenue": 1807300000,
    "grossProfit": 431600000,
    "grossProfitRatio": 0.1927732369,
    "researchAndDevelopmentExpenses": 0,
    "generalAndAdministrativeExpenses": 0,
    "sellingAndMarketingExpenses": 0,
    "sellingGeneralAndAdministrativeExpenses": 123100000,
    "otherExpenses": 71300000,
    "operatingExpenses": 194400000,
    "costAndExpenses": 2001700000,
    "interestIncome": 0,
    "interestExpense": 40100000,
    "depreciationAndAmortization": 71300000,
    "ebitda": 299300000,
    "ebitdaratio": 0.1336817187,
    "operatingIncome": 237200000,
    "operatingIncomeRatio": 0.1059448836,
    "totalOtherIncomeExpensesNet": -49300000,
    "incomeBeforeTax": 187900000,
    "incomeBeforeTaxRatio": 0.0839251418,
    "incomeTaxExpense": 39800000,
    "netIncome": 147400000,
    "netIncomeRatio": 0.0658359016,
    "eps": 0.54,
    "epsdiluted": 0.52,
    "weightedAverageShsOut": 276020000,
    "weightedAverageShsOutDil": 284180000,
    "link": "https://www.sec.gov/Archives/edgar/data/9389/000110465914075893/0001104659-14-075893-index.htm",
    "finalLink": "https://www.sec.gov/Archives/edgar/data/9389/000110465914075893/a14-19689_110q.htm"
  },
  {
    "date": "2014-06-30",
    "symbol": "BALL",
    "reportedCurrency": "USD",
    "cik": "0000009389",
    "fillingDate": "2014-08-11",
    "acceptedDate": "2014-08-11 14:15:05",
    "calendarYear": "2014",
    "period": "Q2",
    "revenue": 2291900000,
    "costOfRevenue": 1846400000,
    "grossProfit": 445500000,
    "grossProfitRatio": 0.1943802086,
    "researchAndDevelopmentExpenses": 0,
    "generalAndAdministrativeExpenses": 0,
    "sellingAndMarketingExpenses": 0,
    "sellingGeneralAndAdministrativeExpenses": 111400000,
    "otherExpenses": 69600000,
    "operatingExpenses": 181000000,
    "costAndExpenses": 2027400000,
    "interestIncome": 0,
    "interestExpense": 40600000,
    "depreciationAndAmortization": 69600000,
    "ebitda": 325500000,
    "ebitdaratio": 0.1420219032,
    "operatingIncome": 264500000,
    "operatingIncomeRatio": 0.1154064313,
    "totalOtherIncomeExpensesNet": -49200000,
    "incomeBeforeTax": 215300000,
    "incomeBeforeTaxRatio": 0.0939395262,
    "incomeTaxExpense": 60200000,
    "netIncome": 153100000,
    "netIncomeRatio": 0.0668004712,
    "eps": 0.55,
    "epsdiluted": 0.54,
    "weightedAverageShsOut": 278024000,
    "weightedAverageShsOutDil": 285720000,
    "link": "https://www.sec.gov/Archives/edgar/data/9389/000110465914059306/0001104659-14-059306-index.htm",
    "finalLink": "https://www.sec.gov/Archives/edgar/data/9389/000110465914059306/a14-13948_110q.htm"
  },
  {
    "date": "2014-03-31",
    "symbol": "BALL",
    "reportedCurrency": "USD",
    "cik": "0000009389",
    "fillingDate": "2014-05-02",
    "acceptedDate": "2014-05-02 16:01:59",
    "calendarYear": "2014",
    "period": "Q1",
    "revenue": 2006800000,
    "costOfRevenue": 1612900000,
    "grossProfit": 393900000,
    "grossProfitRatio": 0.196282639,
    "researchAndDevelopmentExpenses": 0,
    "generalAndAdministrativeExpenses": 0,
    "sellingAndMarketingExpenses": 0,
    "sellingGeneralAndAdministrativeExpenses": 107700000,
    "otherExpenses": 68800000,
    "operatingExpenses": 176500000,
    "costAndExpenses": 1789400000,
    "interestIncome": 0,
    "interestExpense": 40200000,
    "depreciationAndAmortization": 68800000,
    "ebitda": 253100000,
    "ebitdaratio": 0.126121188,
    "operatingIncome": 217400000,
    "operatingIncomeRatio": 0.1083316723,
    "totalOtherIncomeExpensesNet": -73300000,
    "incomeBeforeTax": 144100000,
    "incomeBeforeTaxRatio": 0.0718058601,
    "incomeTaxExpense": 39600000,
    "netIncome": 93500000,
    "netIncomeRatio": 0.0465915886,
    "eps": 0.34,
    "epsdiluted": 0.33,
    "weightedAverageShsOut": 280810000,
    "weightedAverageShsOutDil": 288116000,
    "link": "https://www.sec.gov/Archives/edgar/data/9389/000110465914034088/0001104659-14-034088-index.htm",
    "finalLink": "https://www.sec.gov/Archives/edgar/data/9389/000110465914034088/a14-9060_110q.htm"
  },
  {
    "date": "2013-12-31",
    "symbol": "BALL",
    "reportedCurrency": "USD",
    "cik": "0000009389",
    "fillingDate": "2014-02-24",
    "acceptedDate": "2014-02-24 13:11:42",
    "calendarYear": "2013",
    "period": "Q4",
    "revenue": 1996800000,
    "costOfRevenue": 1586100000,
    "grossProfit": 410700000,
    "grossProfitRatio": 0.2056790865,
    "researchAndDevelopmentExpenses": 0,
    "generalAndAdministrativeExpenses": 0,
    "sellingAndMarketingExpenses": 0,
    "sellingGeneralAndAdministrativeExpenses": 107400000,
    "otherExpenses": 76300000,
    "operatingExpenses": 183700000,
    "costAndExpenses": 1769800000,
    "interestIncome": 0,
    "interestExpense": 45800000,
    "depreciationAndAmortization": 76300000,
    "ebitda": 313600000,
    "ebitdaratio": 0.1570512821,
    "operatingIncome": 227000000,
    "operatingIncomeRatio": 0.113681891,
    "totalOtherIncomeExpensesNet": -35500000,
    "incomeBeforeTax": 191500000,
    "incomeBeforeTaxRatio": 0.0959034455,
    "incomeTaxExpense": 56600000,
    "netIncome": 124500000,
    "netIncomeRatio": 0.0623497596,
    "eps": 0.44,
    "epsdiluted": 0.43,
    "weightedAverageShsOut": 286144000,
    "weightedAverageShsOutDil": 293270000,
    "link": "https://www.sec.gov/Archives/edgar/data/9389/000110465914012614/0001104659-14-012614-index.htm",
    "finalLink": "https://www.sec.gov/Archives/edgar/data/9389/000110465914012614/a13-25784_110k.htm"
  },
  {
    "date": "2013-09-30",
    "symbol": "BALL",
    "reportedCurrency": "USD",
    "cik": "0000009389",
    "fillingDate": "2013-10-30",
    "acceptedDate": "2013-10-30 15:26:34",
    "calendarYear": "2013",
    "period": "Q3",
    "revenue": 2277900000,
    "costOfRevenue": 1846900000,
    "grossProfit": 431000000,
    "grossProfitRatio": 0.1892093595,
    "researchAndDevelopmentExpenses": 0,
    "generalAndAdministrativeExpenses": 0,
    "sellingAndMarketingExpenses": 0,
    "sellingGeneralAndAdministrativeExpenses": 99000000,
    "otherExpenses": 76600000,
    "operatingExpenses": 175600000,
    "costAndExpenses": 2022500000,
    "interestIncome": 0,
    "interestExpense": 45500000,
    "depreciationAndAmortization": 76600000,
    "ebitda": 286900000,
    "ebitdaratio": 0.1259493393,
    "operatingIncome": 255400000,
    "operatingIncomeRatio": 0.112120813,
    "totalOtherIncomeExpensesNet": -90600000,
    "incomeBeforeTax": 164800000,
    "incomeBeforeTaxRatio": 0.0723473375,
    "incomeTaxExpense": 44100000,
    "netIncome": 115200000,
    "netIncomeRatio": 0.0505728961,
    "eps": 0.4,
    "epsdiluted": 0.39,
    "weightedAverageShsOut": 289428000,
    "weightedAverageShsOutDil": 295790000,
    "link": "https://www.sec.gov/Archives/edgar/data/9389/000110465913079205/0001104659-13-079205-index.htm",
    "finalLink": "https://www.sec.gov/Archives/edgar/data/9389/000110465913079205/a13-19103_110q.htm"
  },
  {
    "date": "2013-06-30",
    "symbol": "BALL",
    "reportedCurrency": "USD",
    "cik": "0000009389",
    "fillingDate": "2013-08-05",
    "acceptedDate": "2013-08-05 17:09:57",
    "calendarYear": "2013",
    "period": "Q2",
    "revenue": 2202400000,
    "costOfRevenue": 1798900000,
    "grossProfit": 403500000,
    "grossProfitRatio": 0.1832092263,
    "researchAndDevelopmentExpenses": 0,
    "generalAndAdministrativeExpenses": 0,
    "sellingAndMarketingExpenses": 0,
    "sellingGeneralAndAdministrativeExpenses": 102900000,
    "otherExpenses": 74500000,
    "operatingExpenses": 177400000,
    "costAndExpenses": 1976300000,
    "interestIncome": 0,
    "interestExpense": 47700000,
    "depreciationAndAmortization": 74500000,
    "ebitda": 251300000,
    "ebitdaratio": 0.1141027969,
    "operatingIncome": 226100000,
    "operatingIncomeRatio": 0.1026607337,
    "totalOtherIncomeExpensesNet": -97000000,
    "incomeBeforeTax": 129100000,
    "incomeBeforeTaxRatio": 0.0586178714,
    "incomeTaxExpense": 30800000,
    "netIncome": 95100000,
    "netIncomeRatio": 0.0431801671,
    "eps": 0.33,
    "epsdiluted": 0.32,
    "weightedAverageShsOut": 294176000,
    "weightedAverageShsOutDil": 300610000,
    "link": "https://www.sec.gov/Archives/edgar/data/9389/000110465913059917/0001104659-13-059917-index.htm",
    "finalLink": "https://www.sec.gov/Archives/edgar/data/9389/000110465913059917/a13-13654_110q.htm"
  },
  {
    "date": "2013-03-31",
    "symbol": "BALL",
    "reportedCurrency": "USD",
    "cik": "0000009389",
    "fillingDate": "2013-05-06",
    "acceptedDate": "2013-05-06 11:12:28",
    "calendarYear": "2013",
    "period": "Q1",
    "revenue": 1991000000,
    "costOfRevenue": 1643500000,
    "grossProfit": 347500000,
    "grossProfitRatio": 0.1745354093,
    "researchAndDevelopmentExpenses": 0,
    "generalAndAdministrativeExpenses": 0,
    "sellingAndMarketingExpenses": 0,
    "sellingGeneralAndAdministrativeExpenses": 109300000,
    "otherExpenses": 72500000,
    "operatingExpenses": 181800000,
    "costAndExpenses": 1825300000,
    "interestIncome": 0,
    "interestExpense": 44800000,
    "depreciationAndAmortization": 72500000,
    "ebitda": 215500000,
    "ebitdaratio": 0.1082370668,
    "operatingIncome": 165700000,
    "operatingIncomeRatio": 0.0832245103,
    "totalOtherIncomeExpensesNet": -67500000,
    "incomeBeforeTax": 98200000,
    "incomeBeforeTaxRatio": 0.0493219488,
    "incomeTaxExpense": 18100000,
    "netIncome": 72000000,
    "netIncomeRatio": 0.0361627323,
    "eps": 0.24,
    "epsdiluted": 0.24,
    "weightedAverageShsOut": 297952000,
    "weightedAverageShsOutDil": 304632000,
    "link": "https://www.sec.gov/Archives/edgar/data/9389/000110465913037474/0001104659-13-037474-index.htm",
    "finalLink": "https://www.sec.gov/Archives/edgar/data/9389/000110465913037474/a13-8272_110q.htm"
  },
  {
    "date": "2012-12-31",
    "symbol": "BALL",
    "reportedCurrency": "USD",
    "cik": "0000009389",
    "fillingDate": "2013-02-22",
    "acceptedDate": "2013-02-22 13:48:42",
    "calendarYear": "2012",
    "period": "Q4",
    "revenue": 2114200000,
    "costOfRevenue": 1729400000,
    "grossProfit": 384800000,
    "grossProfitRatio": 0.1820073787,
    "researchAndDevelopmentExpenses": 0,
    "generalAndAdministrativeExpenses": 0,
    "sellingAndMarketingExpenses": 0,
    "sellingGeneralAndAdministrativeExpenses": 57000000,
    "otherExpenses": 72700000,
    "operatingExpenses": 129700000,
    "costAndExpenses": 1859100000,
    "interestIncome": 0,
    "interestExpense": 45600000,
    "depreciationAndAmortization": 72700000,
    "ebitda": 225000000,
    "ebitdaratio": 0.1064232334,
    "operatingIncome": 255100000,
    "operatingIncomeRatio": 0.120660297,
    "totalOtherIncomeExpensesNet": -148400000,
    "incomeBeforeTax": 106700000,
    "incomeBeforeTaxRatio": 0.0504682622,
    "incomeTaxExpense": 35300000,
    "netIncome": 60600000,
    "netIncomeRatio": 0.0286633242,
    "eps": 0.2,
    "epsdiluted": 0.2,
    "weightedAverageShsOut": 303862000,
    "weightedAverageShsOutDil": 310984000,
    "link": "https://www.sec.gov/Archives/edgar/data/9389/000110465913013165/0001104659-13-013165-index.htm",
    "finalLink": "https://www.sec.gov/Archives/edgar/data/9389/000110465913013165/a12-28116_110k.htm"
  },
  {
    "date": "2012-09-30",
    "symbol": "BALL",
    "reportedCurrency": "USD",
    "cik": "0000009389",
    "fillingDate": "2012-11-09",
    "acceptedDate": "2012-11-09 13:06:15",
    "calendarYear": "2012",
    "period": "Q3",
    "revenue": 2282500000,
    "costOfRevenue": 1866100000,
    "grossProfit": 416400000,
    "grossProfitRatio": 0.1824315444,
    "researchAndDevelopmentExpenses": 0,
    "generalAndAdministrativeExpenses": 0,
    "sellingAndMarketingExpenses": 0,
    "sellingGeneralAndAdministrativeExpenses": 86300000,
    "otherExpenses": 74700000,
    "operatingExpenses": 161000000,
    "costAndExpenses": 2027100000,
    "interestIncome": 0,
    "interestExpense": 44200000,
    "depreciationAndAmortization": 74700000,
    "ebitda": 293300000,
    "ebitdaratio": 0.1284994524,
    "operatingIncome": 255400000,
    "operatingIncomeRatio": 0.1118948521,
    "totalOtherIncomeExpensesNet": -81000000,
    "incomeBeforeTax": 174400000,
    "incomeBeforeTaxRatio": 0.076407448,
    "incomeTaxExpense": 51700000,
    "netIncome": 115100000,
    "netIncomeRatio": 0.0504271632,
    "eps": 0.38,
    "epsdiluted": 0.37,
    "weightedAverageShsOut": 307208000,
    "weightedAverageShsOutDil": 314216000,
    "link": "https://www.sec.gov/Archives/edgar/data/9389/000110465912076485/0001104659-12-076485-index.htm",
    "finalLink": "https://www.sec.gov/Archives/edgar/data/9389/000110465912076485/a12-19891_110q.htm"
  },
  {
    "date": "2012-07-01",
    "symbol": "BALL",
    "reportedCurrency": "USD",
    "cik": "0000009389",
    "fillingDate": "2012-08-03",
    "acceptedDate": "2012-08-03 14:26:48",
    "calendarYear": "2012",
    "period": "Q2",
    "revenue": 2296300000,
    "costOfRevenue": 1890800000,
    "grossProfit": 405500000,
    "grossProfitRatio": 0.1765884249,
    "researchAndDevelopmentExpenses": 0,
    "generalAndAdministrativeExpenses": 0,
    "sellingAndMarketingExpenses": 0,
    "sellingGeneralAndAdministrativeExpenses": 98600000,
    "otherExpenses": 66500000,
    "operatingExpenses": 165100000,
    "costAndExpenses": 2055900000,
    "interestIncome": 0,
    "interestExpense": 44700000,
    "depreciationAndAmortization": 66500000,
    "ebitda": 304100000,
    "ebitdaratio": 0.1324304316,
    "operatingIncome": 240400000,
    "operatingIncomeRatio": 0.1046901537,
    "totalOtherIncomeExpensesNet": -47500000,
    "incomeBeforeTax": 192900000,
    "incomeBeforeTaxRatio": 0.0840047032,
    "incomeTaxExpense": 50000000,
    "netIncome": 139500000,
    "netIncomeRatio": 0.060749902,
    "eps": 0.45,
    "epsdiluted": 0.44,
    "weightedAverageShsOut": 311052000,
    "weightedAverageShsOutDil": 317962000,
    "link": "https://www.sec.gov/Archives/edgar/data/9389/000110465912054099/0001104659-12-054099-index.htm",
    "finalLink": "https://www.sec.gov/Archives/edgar/data/9389/000110465912054099/a12-13672_110q.htm"
  },
  {
    "date": "2012-04-01",
    "symbol": "BALL",
    "reportedCurrency": "USD",
    "cik": "0000009389",
    "fillingDate": "2012-05-07",
    "acceptedDate": "2012-05-07 14:58:15",
    "calendarYear": "2012",
    "period": "Q1",
    "revenue": 2042700000,
    "costOfRevenue": 1687700000,
    "grossProfit": 355000000,
    "grossProfitRatio": 0.1737895922,
    "researchAndDevelopmentExpenses": 0,
    "generalAndAdministrativeExpenses": 0,
    "sellingAndMarketingExpenses": 0,
    "sellingGeneralAndAdministrativeExpenses": 99600000,
    "otherExpenses": 69000000,
    "operatingExpenses": 168600000,
    "costAndExpenses": 1856300000,
    "interestIncome": 0,
    "interestExpense": 45300000,
    "depreciationAndAmortization": 69000000,
    "ebitda": 235900000,
    "ebitdaratio": 0.1154844079,
    "operatingIncome": 186400000,
    "operatingIncomeRatio": 0.0912517746,
    "totalOtherIncomeExpensesNet": -64800000,
    "incomeBeforeTax": 121600000,
    "incomeBeforeTaxRatio": 0.0595290547,
    "incomeTaxExpense": 28000000,
    "netIncome": 88300000,
    "netIncomeRatio": 0.0432271014,
    "eps": 0.28,
    "epsdiluted": 0.28,
    "weightedAverageShsOut": 315060000,
    "weightedAverageShsOutDil": 321890000,
    "link": "https://www.sec.gov/Archives/edgar/data/9389/000110465912033750/0001104659-12-033750-index.htm",
    "finalLink": "https://www.sec.gov/Archives/edgar/data/9389/000110465912033750/a12-7122_110q.htm"
  },
  {
    "date": "2011-12-31",
    "symbol": "BALL",
    "reportedCurrency": "USD",
    "cik": "0000009389",
    "fillingDate": "2012-02-22",
    "acceptedDate": "2012-02-22 13:39:27",
    "calendarYear": "2011",
    "period": "Q4",
    "revenue": 2051700000,
    "costOfRevenue": 1702800000,
    "grossProfit": 348900000,
    "grossProfitRatio": 0.1700541015,
    "researchAndDevelopmentExpenses": 0,
    "generalAndAdministrativeExpenses": 0,
    "sellingAndMarketingExpenses": 0,
    "sellingGeneralAndAdministrativeExpenses": 99200000,
    "otherExpenses": 59200000,
    "operatingExpenses": 158400000,
    "costAndExpenses": 1861200000,
    "interestIncome": 0,
    "interestExpense": 42400000,
    "depreciationAndAmortization": 78900000,
    "ebitda": 239100000,
    "ebitdaratio": 0.1165375055,
    "operatingIncome": 190500000,
    "operatingIncomeRatio": 0.0928498318,
    "totalOtherIncomeExpensesNet": -72700000,
    "incomeBeforeTax": 117800000,
    "incomeBeforeTaxRatio": 0.0574158015,
    "incomeTaxExpense": 41100000,
    "netIncome": 77500000,
    "netIncomeRatio": 0.0377735536,
    "eps": 0.24,
    "epsdiluted": 0.24,
    "weightedAverageShsOut": 321362000,
    "weightedAverageShsOutDil": 327818000,
    "link": "https://www.sec.gov/Archives/edgar/data/9389/000110465912011588/0001104659-12-011588-index.htm",
    "finalLink": "https://www.sec.gov/Archives/edgar/data/9389/000110465912011588/a12-2233_110k.htm"
  },
  {
    "date": "2011-10-02",
    "symbol": "BALL",
    "reportedCurrency": "USD",
    "cik": "0000009389",
    "fillingDate": "2011-11-07",
    "acceptedDate": "2011-11-07 16:22:35",
    "calendarYear": "2011",
    "period": "Q3",
    "revenue": 2258300000,
    "costOfRevenue": 1862200000,
    "grossProfit": 396100000,
    "grossProfitRatio": 0.1753974228,
    "researchAndDevelopmentExpenses": 0,
    "generalAndAdministrativeExpenses": 0,
    "sellingAndMarketingExpenses": 0,
    "sellingGeneralAndAdministrativeExpenses": 93000000,
    "otherExpenses": 74500000,
    "operatingExpenses": 167500000,
    "costAndExpenses": 2029700000,
    "interestIncome": 0,
    "interestExpense": 43000000,
    "depreciationAndAmortization": 74500000,
    "ebitda": 303100000,
    "ebitdaratio": 0.1342160032,
    "operatingIncome": 228600000,
    "operatingIncomeRatio": 0.1012265864,
    "totalOtherIncomeExpensesNet": -43000000,
    "incomeBeforeTax": 185600000,
    "incomeBeforeTaxRatio": 0.0821857149,
    "incomeTaxExpense": 47600000,
    "netIncome": 132100000,
    "netIncomeRatio": 0.0584953283,
    "eps": 0.41,
    "epsdiluted": 0.4,
    "weightedAverageShsOut": 327796000,
    "weightedAverageShsOutDil": 334726000,
    "link": "https://www.sec.gov/Archives/edgar/data/9389/000110465911061640/0001104659-11-061640-index.htm",
    "finalLink": "https://www.sec.gov/Archives/edgar/data/9389/000110465911061640/a11-25453_110q.htm"
  },
  {
    "date": "2011-07-03",
    "symbol": "BALL",
    "reportedCurrency": "USD",
    "cik": "0000009389",
    "fillingDate": "2011-08-09",
    "acceptedDate": "2011-08-09 16:24:25",
    "calendarYear": "2011",
    "period": "Q2",
    "revenue": 2309700000,
    "costOfRevenue": 1885500000,
    "grossProfit": 424200000,
    "grossProfitRatio": 0.1836602156,
    "researchAndDevelopmentExpenses": 0,
    "generalAndAdministrativeExpenses": 0,
    "sellingAndMarketingExpenses": 0,
    "sellingGeneralAndAdministrativeExpenses": 96000000,
    "otherExpenses": 74100000,
    "operatingExpenses": 170100000,
    "costAndExpenses": 2055600000,
    "interestIncome": 0,
    "interestExpense": 45200000,
    "depreciationAndAmortization": 74100000,
    "ebitda": 328200000,
    "ebitdaratio": 0.1420963762,
    "operatingIncome": 254100000,
    "operatingIncomeRatio": 0.1100142876,
    "totalOtherIncomeExpensesNet": -45200000,
    "incomeBeforeTax": 208900000,
    "incomeBeforeTaxRatio": 0.0904446465,
    "incomeTaxExpense": 64600000,
    "netIncome": 143100000,
    "netIncomeRatio": 0.0619560982,
    "eps": 0.43,
    "epsdiluted": 0.42,
    "weightedAverageShsOut": 334394000,
    "weightedAverageShsOutDil": 341368000,
    "link": "https://www.sec.gov/Archives/edgar/data/9389/000110465911045389/0001104659-11-045389-index.htm",
    "finalLink": "https://www.sec.gov/Archives/edgar/data/9389/000110465911045389/a11-19314_110q.htm"
  },
  {
    "date": "2011-04-03",
    "symbol": "BALL",
    "reportedCurrency": "USD",
    "cik": "0000009389",
    "fillingDate": "2011-05-10",
    "acceptedDate": "2011-05-10 13:16:27",
    "calendarYear": "2011",
    "period": "Q1",
    "revenue": 2011200000,
    "costOfRevenue": 1630700000,
    "grossProfit": 380500000,
    "grossProfitRatio": 0.189190533,
    "researchAndDevelopmentExpenses": 0,
    "generalAndAdministrativeExpenses": 0,
    "sellingAndMarketingExpenses": 0,
    "sellingGeneralAndAdministrativeExpenses": 112900000,
    "otherExpenses": 73600000,
    "operatingExpenses": 186500000,
    "costAndExpenses": 1817200000,
    "interestIncome": 0,
    "interestExpense": 46500000,
    "depreciationAndAmortization": 73600000,
    "ebitda": 267600000,
    "ebitdaratio": 0.1330548926,
    "operatingIncome": 194000000,
    "operatingIncomeRatio": 0.096459825,
    "totalOtherIncomeExpensesNet": -46500000,
    "incomeBeforeTax": 147500000,
    "incomeBeforeTaxRatio": 0.0733392999,
    "incomeTaxExpense": 48000000,
    "netIncome": 91300000,
    "netIncomeRatio": 0.0453957836,
    "eps": 0.27,
    "epsdiluted": 0.27,
    "weightedAverageShsOut": 338378000,
    "weightedAverageShsOutDil": 345842000,
    "link": "https://www.sec.gov/Archives/edgar/data/9389/000000938911000025/0000009389-11-000025-index.htm",
    "finalLink": "https://www.sec.gov/Archives/edgar/data/9389/000000938911000025/f10q.htm"
  },
  {
    "date": "2010-12-31",
    "symbol": "BALL",
    "reportedCurrency": "USD",
    "cik": "0000009389",
    "fillingDate": "2011-02-28",
    "acceptedDate": "2011-02-28 16:50:48",
    "calendarYear": "2010",
    "period": "Q4",
    "revenue": 1995200000,
    "costOfRevenue": 1639400000,
    "grossProfit": 355800000,
    "grossProfitRatio": 0.1783279872,
    "researchAndDevelopmentExpenses": 0,
    "generalAndAdministrativeExpenses": 0,
    "sellingAndMarketingExpenses": 0,
    "sellingGeneralAndAdministrativeExpenses": 106900000,
    "otherExpenses": 73300000,
    "operatingExpenses": 180200000,
    "costAndExpenses": 1819600000,
    "interestIncome": 0,
    "interestExpense": 43400000,
    "depreciationAndAmortization": 73300000,
    "ebitda": 250100000,
    "ebitdaratio": 0.125350842,
    "operatingIncome": 175600000,
    "operatingIncomeRatio": 0.0880112269,
    "totalOtherIncomeExpensesNet": -42200000,
    "incomeBeforeTax": 133400000,
    "incomeBeforeTaxRatio": 0.0668604651,
    "incomeTaxExpense": 33600000,
    "netIncome": 92200000,
    "netIncomeRatio": 0.0462109062,
    "eps": 0.27,
    "epsdiluted": 0.27,
    "weightedAverageShsOut": 338378000,
    "weightedAverageShsOutDil": 345842000,
    "link": "https://www.sec.gov/Archives/edgar/data/9389/000000938911000014/0000009389-11-000014-index.htm",
    "finalLink": "https://www.sec.gov/Archives/edgar/data/9389/000000938911000014/f10-k.htm"
  },
  {
    "date": "2010-09-26",
    "symbol": "BALL",
    "reportedCurrency": "USD",
    "cik": "0000009389",
    "fillingDate": "2010-11-04",
    "acceptedDate": "2010-11-03 19:27:12",
    "calendarYear": "2010",
    "period": "Q3",
    "revenue": 2035000000,
    "costOfRevenue": 1653400000,
    "grossProfit": 381600000,
    "grossProfitRatio": 0.1875184275,
    "researchAndDevelopmentExpenses": 0,
    "generalAndAdministrativeExpenses": 0,
    "sellingAndMarketingExpenses": 0,
    "sellingGeneralAndAdministrativeExpenses": 93000000,
    "otherExpenses": 55500000,
    "operatingExpenses": 148500000,
    "costAndExpenses": 1801900000,
    "interestIncome": 0,
    "interestExpense": 36200000,
    "depreciationAndAmortization": 67100000,
    "ebitda": 300200000,
    "ebitdaratio": 0.1475184275,
    "operatingIncome": 233100000,
    "operatingIncomeRatio": 0.1145454545,
    "totalOtherIncomeExpensesNet": -36200000,
    "incomeBeforeTax": 196900000,
    "incomeBeforeTaxRatio": 0.0967567568,
    "incomeTaxExpense": 60500000,
    "netIncome": 227500000,
    "netIncomeRatio": 0.1117936118,
    "eps": 0.64,
    "epsdiluted": 0.63,
    "weightedAverageShsOut": 358528000,
    "weightedAverageShsOutDil": 364316000,
    "link": "https://www.sec.gov/Archives/edgar/data/9389/000000938910000045/0000009389-10-000045-index.htm",
    "finalLink": "https://www.sec.gov/Archives/edgar/data/9389/000000938910000045/f10-q.htm"
  },
  {
    "date": "2010-06-27",
    "symbol": "BALL",
    "reportedCurrency": "USD",
    "cik": "0000009389",
    "fillingDate": "2010-08-04",
    "acceptedDate": "2010-08-04 16:58:15",
    "calendarYear": "2010",
    "period": "Q2",
    "revenue": 2007500000,
    "costOfRevenue": 1643100000,
    "grossProfit": 364400000,
    "grossProfitRatio": 0.1815193026,
    "researchAndDevelopmentExpenses": 0,
    "generalAndAdministrativeExpenses": 0,
    "sellingAndMarketingExpenses": 0,
    "sellingGeneralAndAdministrativeExpenses": 79900000,
    "otherExpenses": 62400000,
    "operatingExpenses": 142300000,
    "costAndExpenses": 1785400000,
    "interestIncome": 0,
    "interestExpense": 36600000,
    "depreciationAndAmortization": 62400000,
    "ebitda": 276400000,
    "ebitdaratio": 0.1376836862,
    "operatingIncome": 222100000,
    "operatingIncomeRatio": 0.1106351183,
    "totalOtherIncomeExpensesNet": -44700000,
    "incomeBeforeTax": 177400000,
    "incomeBeforeTaxRatio": 0.0883686177,
    "incomeTaxExpense": 60800000,
    "netIncome": 69000000,
    "netIncomeRatio": 0.0343711083,
    "eps": 0.19,
    "epsdiluted": 0.19,
    "weightedAverageShsOut": 368400000,
    "weightedAverageShsOutDil": 373836000,
    "link": "https://www.sec.gov/Archives/edgar/data/9389/000000938910000038/0000009389-10-000038-index.htm",
    "finalLink": "https://www.sec.gov/Archives/edgar/data/9389/000000938910000038/f10q.htm"
  },
  {
    "date": "2010-03-28",
    "symbol": "BALL",
    "reportedCurrency": "USD",
    "cik": "0000009389",
    "fillingDate": "2010-04-30",
    "acceptedDate": "2010-04-30 15:28:12",
    "calendarYear": "2010",
    "period": "Q1",
    "revenue": 1592300000,
    "costOfRevenue": 1318200000,
    "grossProfit": 274100000,
    "grossProfitRatio": 0.1721409282,
    "researchAndDevelopmentExpenses": 0,
    "generalAndAdministrativeExpenses": 0,
    "sellingAndMarketingExpenses": 0,
    "sellingGeneralAndAdministrativeExpenses": 79300000,
    "otherExpenses": 62200000,
    "operatingExpenses": 141500000,
    "costAndExpenses": 1459700000,
    "interestIncome": 0,
    "interestExpense": 33900000,
    "depreciationAndAmortization": 62700000,
    "ebitda": 195300000,
    "ebitdaratio": 0.1226527664,
    "operatingIncome": 132600000,
    "operatingIncomeRatio": 0.0832757646,
    "totalOtherIncomeExpensesNet": -33900000,
    "incomeBeforeTax": 98700000,
    "incomeBeforeTaxRatio": 0.0619858067,
    "incomeTaxExpense": 20900000,
    "netIncome": 79300000,
    "netIncomeRatio": 0.049802173,
    "eps": 0.21,
    "epsdiluted": 0.21,
    "weightedAverageShsOut": 372212000,
    "weightedAverageShsOutDil": 377752000,
    "link": "https://www.sec.gov/Archives/edgar/data/9389/000000938910000020/0000009389-10-000020-index.htm",
    "finalLink": "https://www.sec.gov/Archives/edgar/data/9389/000000938910000020/f10_q.htm"
  },
  {
    "date": "2009-12-31",
    "symbol": "BALL",
    "reportedCurrency": "USD",
    "cik": "0000009389",
    "fillingDate": "2010-02-25",
    "acceptedDate": "2010-02-25 15:01:13",
    "calendarYear": "2009",
    "period": "Q4",
    "revenue": 1864400000,
    "costOfRevenue": 1556100000,
    "grossProfit": 308300000,
    "grossProfitRatio": 0.1653615104,
    "researchAndDevelopmentExpenses": 0,
    "generalAndAdministrativeExpenses": 0,
    "sellingAndMarketingExpenses": 0,
    "sellingGeneralAndAdministrativeExpenses": 88700000,
    "otherExpenses": 74400000,
    "operatingExpenses": 163100000,
    "costAndExpenses": 1719200000,
    "interestIncome": 0,
    "interestExpense": 37800000,
    "depreciationAndAmortization": 78700000,
    "ebitda": 226200000,
    "ebitdaratio": 0.1213258957,
    "operatingIncome": 145200000,
    "operatingIncomeRatio": 0.0778802832,
    "totalOtherIncomeExpensesNet": -35500000,
    "incomeBeforeTax": 109700000,
    "incomeBeforeTaxRatio": 0.0588393049,
    "incomeTaxExpense": 34000000,
    "netIncome": 81400000,
    "netIncomeRatio": 0.0436601588,
    "eps": 0.22,
    "epsdiluted": 0.22,
    "weightedAverageShsOut": 372212000,
    "weightedAverageShsOutDil": 377752000,
    "link": "https://www.sec.gov/Archives/edgar/data/9389/000000938910000007/0000009389-10-000007-index.htm",
    "finalLink": "https://www.sec.gov/Archives/edgar/data/9389/000000938910000007/f10-k_main.htm"
  },
  {
    "date": "2009-09-27",
    "symbol": "BALL",
    "reportedCurrency": "USD",
    "cik": "0000009389",
    "fillingDate": "2009-11-05",
    "acceptedDate": "2009-11-05 16:33:58",
    "calendarYear": "2009",
    "period": "Q3",
    "revenue": 1812300000,
    "costOfRevenue": 1471600000,
    "grossProfit": 340700000,
    "grossProfitRatio": 0.1879931579,
    "researchAndDevelopmentExpenses": 0,
    "generalAndAdministrativeExpenses": 0,
    "sellingAndMarketingExpenses": 0,
    "sellingGeneralAndAdministrativeExpenses": 83200000,
    "otherExpenses": 59900000,
    "operatingExpenses": 143100000,
    "costAndExpenses": 1614700000,
    "interestIncome": 0,
    "interestExpense": 28900000,
    "depreciationAndAmortization": 59900000,
    "ebitda": 247400000,
    "ebitdaratio": 0.1365116151,
    "operatingIncome": 197600000,
    "operatingIncomeRatio": 0.1090327209,
    "totalOtherIncomeExpensesNet": -39000000,
    "incomeBeforeTax": 158600000,
    "incomeBeforeTaxRatio": 0.0875131049,
    "incomeTaxExpense": 55100000,
    "netIncome": 103700000,
    "netIncomeRatio": 0.057220107,
    "eps": 0.28,
    "epsdiluted": 0.27,
    "weightedAverageShsOut": 375904000,
    "weightedAverageShsOutDil": 381404000,
    "link": "https://www.sec.gov/Archives/edgar/data/9389/000000938909000037/0000009389-09-000037-index.htm",
    "finalLink": "https://www.sec.gov/Archives/edgar/data/9389/000000938909000037/f10q.htm"
  },
  {
    "date": "2009-06-28",
    "symbol": "BALL",
    "reportedCurrency": "USD",
    "cik": "0000009389",
    "fillingDate": "2009-08-04",
    "acceptedDate": "2009-08-04 16:54:39",
    "calendarYear": "2009",
    "period": "Q2",
    "revenue": 1744600000,
    "costOfRevenue": 1436100000,
    "grossProfit": 308500000,
    "grossProfitRatio": 0.1768313654,
    "researchAndDevelopmentExpenses": 0,
    "generalAndAdministrativeExpenses": 0,
    "sellingAndMarketingExpenses": 0,
    "sellingGeneralAndAdministrativeExpenses": 72900000,
    "otherExpenses": 23800000,
    "operatingExpenses": 96700000,
    "costAndExpenses": 1532800000,
    "interestIncome": 0,
    "interestExpense": 24700000,
    "depreciationAndAmortization": 47700000,
    "ebitda": 263200000,
    "ebitdaratio": 0.1508655279,
    "operatingIncome": 211800000,
    "operatingIncomeRatio": 0.121403187,
    "totalOtherIncomeExpensesNet": -31900000,
    "incomeBeforeTax": 179900000,
    "incomeBeforeTaxRatio": 0.1031181933,
    "incomeTaxExpense": 50000000,
    "netIncome": 133300000,
    "netIncomeRatio": 0.0764071994,
    "eps": 0.36,
    "epsdiluted": 0.35,
    "weightedAverageShsOut": 375052000,
    "weightedAverageShsOutDil": 379924000,
    "link": "https://www.sec.gov/Archives/edgar/data/9389/000000938909000033/0000009389-09-000033-index.htm",
    "finalLink": "https://www.sec.gov/Archives/edgar/data/9389/000000938909000033/f10_q.htm"
  },
  {
    "date": "2009-03-29",
    "symbol": "BALL",
    "reportedCurrency": "USD",
    "cik": "0000009389",
    "fillingDate": "2009-05-07",
    "acceptedDate": "2009-05-07 17:26:45",
    "calendarYear": "2009",
    "period": "Q1",
    "revenue": 1585600000,
    "costOfRevenue": 1312500000,
    "grossProfit": 273100000,
    "grossProfitRatio": 0.1722376387,
    "researchAndDevelopmentExpenses": 0,
    "generalAndAdministrativeExpenses": 0,
    "sellingAndMarketingExpenses": 0,
    "sellingGeneralAndAdministrativeExpenses": 75200000,
    "otherExpenses": 66700000,
    "operatingExpenses": 141900000,
    "costAndExpenses": 1454400000,
    "interestIncome": 0,
    "interestExpense": 25800000,
    "depreciationAndAmortization": 66700000,
    "ebitda": 192900000,
    "ebitdaratio": 0.1216574168,
    "operatingIncome": 131200000,
    "operatingIncomeRatio": 0.0827447023,
    "totalOtherIncomeExpensesNet": -30800000,
    "incomeBeforeTax": 100400000,
    "incomeBeforeTaxRatio": 0.0633198789,
    "incomeTaxExpense": 28100000,
    "netIncome": 69500000,
    "netIncomeRatio": 0.0438319879,
    "eps": 0.19,
    "epsdiluted": 0.18,
    "weightedAverageShsOut": 374176000,
    "weightedAverageShsOutDil": 378692000,
    "link": "https://www.sec.gov/Archives/edgar/data/9389/000000938909000023/0000009389-09-000023-index.htm",
    "finalLink": "https://www.sec.gov/Archives/edgar/data/9389/000000938909000023/f10q.htm"
  },
  {
    "date": "2008-12-31",
    "symbol": "BALL",
    "reportedCurrency": "USD",
    "cik": "0000009389",
    "fillingDate": "2009-02-25",
    "acceptedDate": "2009-02-25 16:58:22",
    "calendarYear": "2008",
    "period": "Q4",
    "revenue": 1732800000,
    "costOfRevenue": 1484300000,
    "grossProfit": 248500000,
    "grossProfitRatio": 0.1434095106,
    "researchAndDevelopmentExpenses": 0,
    "generalAndAdministrativeExpenses": 0,
    "sellingAndMarketingExpenses": 0,
    "sellingGeneralAndAdministrativeExpenses": 60600000,
    "otherExpenses": 72700000,
    "operatingExpenses": 133300000,
    "costAndExpenses": 1617600000,
    "interestIncome": 0,
    "interestExpense": 0,
    "depreciationAndAmortization": 72700000,
    "ebitda": 187900000,
    "ebitdaratio": 0.1084372114,
    "operatingIncome": 115200000,
    "operatingIncomeRatio": 0.0664819945,
    "totalOtherIncomeExpensesNet": -65200000,
    "incomeBeforeTax": 50000000,
    "incomeBeforeTaxRatio": 0.0288550323,
    "incomeTaxExpense": 19000000,
    "netIncome": 33800000,
    "netIncomeRatio": 0.0195060018,
    "eps": 0.09,
    "epsdiluted": 0.089,
    "weightedAverageShsOut": 374176000,
    "weightedAverageShsOutDil": 378692000,
    "link": "https://www.sec.gov/Archives/edgar/data/9389/000000938909000006/0000009389-09-000006-index.htm",
    "finalLink": "https://www.sec.gov/Archives/edgar/data/9389/000000938909000006/f10k.htm"
  },
  {
    "date": "2008-09-28",
    "symbol": "BALL",
    "reportedCurrency": "USD",
    "cik": "0000009389",
    "fillingDate": "2008-11-05",
    "acceptedDate": "2008-11-05 17:07:28",
    "calendarYear": "2008",
    "period": "Q3",
    "revenue": 2008200000,
    "costOfRevenue": 1679900000,
    "grossProfit": 328300000,
    "grossProfitRatio": 0.1634797331,
    "researchAndDevelopmentExpenses": 0,
    "generalAndAdministrativeExpenses": 0,
    "sellingAndMarketingExpenses": 0,
    "sellingGeneralAndAdministrativeExpenses": 67500000,
    "otherExpenses": 73900000,
    "operatingExpenses": 141400000,
    "costAndExpenses": 1821300000,
    "interestIncome": 0,
    "interestExpense": 33100000,
    "depreciationAndAmortization": 73900000,
    "ebitda": 251700000,
    "ebitdaratio": 0.1253361219,
    "operatingIncome": 186900000,
    "operatingIncomeRatio": 0.0930684195,
    "totalOtherIncomeExpensesNet": -42200000,
    "incomeBeforeTax": 144700000,
    "incomeBeforeTaxRatio": 0.0720545762,
    "incomeTaxExpense": 45800000,
    "netIncome": 101900000,
    "netIncomeRatio": 0.050741958,
    "eps": 0.27,
    "epsdiluted": 0.26,
    "weightedAverageShsOut": 381472000,
    "weightedAverageShsOutDil": 386416000,
    "link": "https://www.sec.gov/Archives/edgar/data/9389/000000938908000321/0000009389-08-000321-index.htm",
    "finalLink": "https://www.sec.gov/Archives/edgar/data/9389/000000938908000321/f10-q.htm"
  },
  {
    "date": "2008-06-29",
    "symbol": "BALL",
    "reportedCurrency": "USD",
    "cik": "0000009389",
    "fillingDate": "2008-08-05",
    "acceptedDate": "2008-08-05 17:12:35",
    "calendarYear": "2008",
    "period": "Q2",
    "revenue": 2080300000,
    "costOfRevenue": 1738500000,
    "grossProfit": 341800000,
    "grossProfitRatio": 0.1643032255,
    "researchAndDevelopmentExpenses": 0,
    "generalAndAdministrativeExpenses": 0,
    "sellingAndMarketingExpenses": 0,
    "sellingGeneralAndAdministrativeExpenses": 78500000,
    "otherExpenses": 76200000,
    "operatingExpenses": 154700000,
    "costAndExpenses": 1893200000,
    "interestIncome": 0,
    "interestExpense": 34700000,
    "depreciationAndAmortization": 76200000,
    "ebitda": 251800000,
    "ebitdaratio": 0.1210402346,
    "operatingIncome": 187100000,
    "operatingIncomeRatio": 0.0899389511,
    "totalOtherIncomeExpensesNet": -46200000,
    "incomeBeforeTax": 140900000,
    "incomeBeforeTaxRatio": 0.0677306158,
    "incomeTaxExpense": 45400000,
    "netIncome": 100000000,
    "netIncomeRatio": 0.0480699899,
    "eps": 0.26,
    "epsdiluted": 0.26,
    "weightedAverageShsOut": 387644000,
    "weightedAverageShsOutDil": 393836000,
    "link": "https://www.sec.gov/Archives/edgar/data/9389/000000938908000309/0000009389-08-000309-index.htm",
    "finalLink": "https://www.sec.gov/Archives/edgar/data/9389/000000938908000309/f10-q.htm"
  },
  {
    "date": "2008-03-30",
    "symbol": "BALL",
    "reportedCurrency": "USD",
    "cik": "0000009389",
    "fillingDate": "2008-05-07",
    "acceptedDate": "2008-05-07 17:02:36",
    "calendarYear": "2008",
    "period": "Q1",
    "revenue": 1740200000,
    "costOfRevenue": 1437700000,
    "grossProfit": 302500000,
    "grossProfitRatio": 0.1738305942,
    "researchAndDevelopmentExpenses": 0,
    "generalAndAdministrativeExpenses": 0,
    "sellingAndMarketingExpenses": 0,
    "sellingGeneralAndAdministrativeExpenses": 81600000,
    "otherExpenses": 67500000,
    "operatingExpenses": 149100000,
    "costAndExpenses": 1586800000,
    "interestIncome": 0,
    "interestExpense": 36200000,
    "depreciationAndAmortization": 74600000,
    "ebitda": 228000000,
    "ebitdaratio": 0.1310194231,
    "operatingIncome": 153400000,
    "operatingIncomeRatio": 0.0881507873,
    "totalOtherIncomeExpensesNet": -36200000,
    "incomeBeforeTax": 117200000,
    "incomeBeforeTaxRatio": 0.0673485806,
    "incomeTaxExpense": 37200000,
    "netIncome": 83800000,
    "netIncomeRatio": 0.0481553844,
    "eps": 0.22,
    "epsdiluted": 0.21,
    "weightedAverageShsOut": 388796000,
    "weightedAverageShsOutDil": 394356000,
    "link": "https://www.sec.gov/Archives/edgar/data/9389/000000938908000180/0000009389-08-000180-index.htm",
    "finalLink": "https://www.sec.gov/Archives/edgar/data/9389/000000938908000180/f10-q.htm"
  },
  {
    "date": "2007-12-31",
    "symbol": "BALL",
    "reportedCurrency": "USD",
    "cik": "0000009389",
    "fillingDate": "2008-02-25",
    "acceptedDate": "2008-02-25 17:08:32",
    "calendarYear": "2007",
    "period": "Q4",
    "revenue": 1756200000,
    "costOfRevenue": 1490100000,
    "grossProfit": 266100000,
    "grossProfitRatio": 0.151520328,
    "researchAndDevelopmentExpenses": 0,
    "generalAndAdministrativeExpenses": 0,
    "sellingAndMarketingExpenses": 0,
    "sellingGeneralAndAdministrativeExpenses": 69900000,
    "otherExpenses": 74300000,
    "operatingExpenses": 144200000,
    "costAndExpenses": 1634300000,
    "interestIncome": 0,
    "interestExpense": 0,
    "depreciationAndAmortization": 74300000,
    "ebitda": 196200000,
    "ebitdaratio": 0.1117184831,
    "operatingIncome": 121900000,
    "operatingIncomeRatio": 0.0694112288,
    "totalOtherIncomeExpensesNet": -81800000,
    "incomeBeforeTax": 40100000,
    "incomeBeforeTaxRatio": 0.0228333903,
    "incomeTaxExpense": 9800000,
    "netIncome": 33300000,
    "netIncomeRatio": 0.0189613939,
    "eps": 0.086,
    "epsdiluted": 0.084,
    "weightedAverageShsOut": 388796000,
    "weightedAverageShsOutDil": 394356000,
    "link": "https://www.sec.gov/Archives/edgar/data/9389/000000938908000054/0000009389-08-000054-index.htm",
    "finalLink": "https://www.sec.gov/Archives/edgar/data/9389/000000938908000054/f10-k.htm"
  },
  {
    "date": "2007-09-30",
    "symbol": "BALL",
    "reportedCurrency": "USD",
    "cik": "0000009389",
    "fillingDate": "2007-11-07",
    "acceptedDate": "2007-11-07 16:26:34",
    "calendarYear": "2007",
    "period": "Q3",
    "revenue": 1906500000,
    "costOfRevenue": 1659500000,
    "grossProfit": 247000000,
    "grossProfitRatio": 0.1295567794,
    "researchAndDevelopmentExpenses": 0,
    "generalAndAdministrativeExpenses": 0,
    "sellingAndMarketingExpenses": 0,
    "sellingGeneralAndAdministrativeExpenses": 84300000,
    "otherExpenses": 71800000,
    "operatingExpenses": 156100000,
    "costAndExpenses": 1815600000,
    "interestIncome": 0,
    "interestExpense": 0,
    "depreciationAndAmortization": 71800000,
    "ebitda": 162700000,
    "ebitdaratio": 0.0853396276,
    "operatingIncome": 90900000,
    "operatingIncomeRatio": 0.0476789929,
    "totalOtherIncomeExpensesNet": -36200000,
    "incomeBeforeTax": 54700000,
    "incomeBeforeTaxRatio": 0.0286913192,
    "incomeTaxExpense": -3100000,
    "netIncome": 60900000,
    "netIncomeRatio": 0.0319433517,
    "eps": 0.15,
    "epsdiluted": 0.15,
    "weightedAverageShsOut": 405688000,
    "weightedAverageShsOutDil": 411988000,
    "link": "https://www.sec.gov/Archives/edgar/data/9389/000000938907000463/0000009389-07-000463-index.htm",
    "finalLink": "https://www.sec.gov/Archives/edgar/data/9389/000000938907000463/f10_main.htm"
  },
  {
    "date": "2007-07-01",
    "symbol": "BALL",
    "reportedCurrency": "USD",
    "cik": "0000009389",
    "fillingDate": "2007-08-01",
    "acceptedDate": "2007-08-01 16:45:32",
    "calendarYear": "2007",
    "period": "Q2",
    "revenue": 2032800000,
    "costOfRevenue": 1682600000,
    "grossProfit": 350200000,
    "grossProfitRatio": 0.172274695,
    "researchAndDevelopmentExpenses": 0,
    "generalAndAdministrativeExpenses": 0,
    "sellingAndMarketingExpenses": 0,
    "sellingGeneralAndAdministrativeExpenses": 87300000,
    "otherExpenses": 69900000,
    "operatingExpenses": 157200000,
    "costAndExpenses": 1839800000,
    "interestIncome": 0,
    "interestExpense": 0,
    "depreciationAndAmortization": 69900000,
    "ebitda": 262900000,
    "ebitdaratio": 0.1293290043,
    "operatingIncome": 193000000,
    "operatingIncomeRatio": 0.0949429359,
    "totalOtherIncomeExpensesNet": -38100000,
    "incomeBeforeTax": 154900000,
    "incomeBeforeTaxRatio": 0.0762003148,
    "incomeTaxExpense": 52300000,
    "netIncome": 105900000,
    "netIncomeRatio": 0.0520956316,
    "eps": 0.26,
    "epsdiluted": 0.26,
    "weightedAverageShsOut": 406168000,
    "weightedAverageShsOutDil": 412660000,
    "link": "https://www.sec.gov/Archives/edgar/data/9389/000000938907000341/0000009389-07-000341-index.htm",
    "finalLink": "https://www.sec.gov/Archives/edgar/data/9389/000000938907000341/f10q.htm"
  },
  {
    "date": "2007-04-01",
    "symbol": "BALL",
    "reportedCurrency": "USD",
    "cik": "0000009389",
    "fillingDate": "2007-05-09",
    "acceptedDate": "2007-05-09 16:41:25",
    "calendarYear": "2007",
    "period": "Q1",
    "revenue": 1694200000,
    "costOfRevenue": 1394300000,
    "grossProfit": 299900000,
    "grossProfitRatio": 0.1770157006,
    "researchAndDevelopmentExpenses": 0,
    "generalAndAdministrativeExpenses": 0,
    "sellingAndMarketingExpenses": 0,
    "sellingGeneralAndAdministrativeExpenses": 82200000,
    "otherExpenses": 65000000,
    "operatingExpenses": 147200000,
    "costAndExpenses": 1541500000,
    "interestIncome": 0,
    "interestExpense": 0,
    "depreciationAndAmortization": 65000000,
    "ebitda": 217700000,
    "ebitdaratio": 0.1284972258,
    "operatingIncome": 152700000,
    "operatingIncomeRatio": 0.0901310353,
    "totalOtherIncomeExpensesNet": 0,
    "incomeBeforeTax": 152700000,
    "incomeBeforeTaxRatio": 0.0901310353,
    "incomeTaxExpense": 36700000,
    "netIncome": 81200000,
    "netIncomeRatio": 0.0479282257,
    "eps": 0.2,
    "epsdiluted": 0.2,
    "weightedAverageShsOut": 408440000,
    "weightedAverageShsOutDil": 415260000,
    "link": "https://www.sec.gov/Archives/edgar/data/9389/000000938907000192/0000009389-07-000192-index.htm",
    "finalLink": "https://www.sec.gov/Archives/edgar/data/9389/000000938907000192/f10q.htm"
  },
  {
    "date": "2006-12-31",
    "symbol": "BALL",
    "reportedCurrency": "USD",
    "cik": "0000009389",
    "fillingDate": "2007-02-22",
    "acceptedDate": "2007-02-22 17:20:08",
    "calendarYear": "2006",
    "period": "Q4",
    "revenue": 1591800000,
    "costOfRevenue": 1308100000,
    "grossProfit": 283700000,
    "grossProfitRatio": 0.1782259078,
    "researchAndDevelopmentExpenses": 0,
    "generalAndAdministrativeExpenses": 0,
    "sellingAndMarketingExpenses": 0,
    "sellingGeneralAndAdministrativeExpenses": 76900000,
    "otherExpenses": 68600000,
    "operatingExpenses": 145500000,
    "costAndExpenses": 1453600000,
    "interestIncome": 0,
    "interestExpense": 0,
    "depreciationAndAmortization": 68600000,
    "ebitda": 206800000,
    "ebitdaratio": 0.1299158186,
    "operatingIncome": 138200000,
    "operatingIncomeRatio": 0.0868199523,
    "totalOtherIncomeExpensesNet": -71500000,
    "incomeBeforeTax": 66700000,
    "incomeBeforeTaxRatio": 0.041902249,
    "incomeTaxExpense": 19000000,
    "netIncome": 50800000,
    "netIncomeRatio": 0.031913557,
    "eps": 0.12,
    "epsdiluted": 0.12,
    "weightedAverageShsOut": 408440000,
    "weightedAverageShsOutDil": 415260000,
    "link": "https://www.sec.gov/Archives/edgar/data/9389/000000938907000049/0000009389-07-000049-index.htm",
    "finalLink": "https://www.sec.gov/Archives/edgar/data/9389/000000938907000049/f10_k.htm"
  },
  {
    "date": "2006-10-01",
    "symbol": "BALL",
    "reportedCurrency": "USD",
    "cik": "0000009389",
    "fillingDate": "2006-11-08",
    "acceptedDate": "2006-11-08 16:56:22",
    "calendarYear": "2006",
    "period": "Q3",
    "revenue": 1822300000,
    "costOfRevenue": 1516700000,
    "grossProfit": 305600000,
    "grossProfitRatio": 0.1677001591,
    "researchAndDevelopmentExpenses": 0,
    "generalAndAdministrativeExpenses": 0,
    "sellingAndMarketingExpenses": 0,
    "sellingGeneralAndAdministrativeExpenses": 66500000,
    "otherExpenses": 64500000,
    "operatingExpenses": 131000000,
    "costAndExpenses": 1647700000,
    "interestIncome": 0,
    "interestExpense": 0,
    "depreciationAndAmortization": 64500000,
    "ebitda": 239100000,
    "ebitdaratio": 0.1312078143,
    "operatingIncome": 174600000,
    "operatingIncomeRatio": 0.0958129836,
    "totalOtherIncomeExpensesNet": -34400000,
    "incomeBeforeTax": 140200000,
    "incomeBeforeTaxRatio": 0.0769357405,
    "incomeTaxExpense": 36600000,
    "netIncome": 107100000,
    "netIncomeRatio": 0.0587718817,
    "eps": 0.26,
    "epsdiluted": 0.26,
    "weightedAverageShsOut": 413168000,
    "weightedAverageShsOutDil": 419604000,
    "link": "https://www.sec.gov/Archives/edgar/data/9389/000000938906000379/0000009389-06-000379-index.htm",
    "finalLink": "https://www.sec.gov/Archives/edgar/data/9389/000000938906000379/f10q_3qtr.htm"
  },
  {
    "date": "2006-07-02",
    "symbol": "BALL",
    "reportedCurrency": "USD",
    "cik": "0000009389",
    "fillingDate": "2006-08-09",
    "acceptedDate": "2006-08-09 17:10:07",
    "calendarYear": "2006",
    "period": "Q2",
    "revenue": 1842500000,
    "costOfRevenue": 1554800000,
    "grossProfit": 287700000,
    "grossProfitRatio": 0.15614654,
    "researchAndDevelopmentExpenses": 0,
    "generalAndAdministrativeExpenses": 0,
    "sellingAndMarketingExpenses": 0,
    "sellingGeneralAndAdministrativeExpenses": 73500000,
    "otherExpenses": 64900000,
    "operatingExpenses": 138400000,
    "costAndExpenses": 1693200000,
    "interestIncome": 0,
    "interestExpense": 0,
    "depreciationAndAmortization": 64900000,
    "ebitda": 214200000,
    "ebitdaratio": 0.1162550882,
    "operatingIncome": 149300000,
    "operatingIncomeRatio": 0.0810312076,
    "totalOtherIncomeExpensesNet": 36900000,
    "incomeBeforeTax": 186200000,
    "incomeBeforeTaxRatio": 0.1010583446,
    "incomeTaxExpense": 61100000,
    "netIncome": 129800000,
    "netIncomeRatio": 0.0704477612,
    "eps": 0.31,
    "epsdiluted": 0.31,
    "weightedAverageShsOut": 414620000,
    "weightedAverageShsOutDil": 420820000,
    "link": "https://www.sec.gov/Archives/edgar/data/9389/000000938906000289/0000009389-06-000289-index.htm",
    "finalLink": "https://www.sec.gov/Archives/edgar/data/9389/000000938906000289/f10q.htm"
  },
  {
    "date": "2006-03-31",
    "symbol": "BALL",
    "reportedCurrency": "USD",
    "cik": "0000009389",
    "fillingDate": "2006-03-31",
    "acceptedDate": "2006-03-30 19:00:00",
    "calendarYear": "2006",
    "period": "Q1",
    "revenue": 1364900000,
    "costOfRevenue": 1156700000,
    "grossProfit": 208200000,
    "grossProfitRatio": 0.1525386475,
    "researchAndDevelopmentExpenses": 0,
    "generalAndAdministrativeExpenses": 0,
    "sellingAndMarketingExpenses": 0,
    "sellingGeneralAndAdministrativeExpenses": 70300000,
    "otherExpenses": 54600000,
    "operatingExpenses": 124900000,
    "costAndExpenses": 1281600000,
    "interestIncome": 0,
    "interestExpense": 0,
    "depreciationAndAmortization": 54600000,
    "ebitda": 137900000,
    "ebitdaratio": 0.1010330427,
    "operatingIncome": 83300000,
    "operatingIncomeRatio": 0.0610301121,
    "totalOtherIncomeExpensesNet": -2100000,
    "incomeBeforeTax": 81200000,
    "incomeBeforeTaxRatio": 0.0594915378,
    "incomeTaxExpense": 16500000,
    "netIncome": 44400000,
    "netIncomeRatio": 0.0325298557,
    "eps": 0.11,
    "epsdiluted": 0.11,
    "weightedAverageShsOut": 412980000,
    "weightedAverageShsOutDil": 420212000,
    "link": "",
    "finalLink": ""
  },
  {
    "date": "2005-12-31",
    "symbol": "BALL",
    "reportedCurrency": "USD",
    "cik": "0000009389",
    "fillingDate": "2005-12-31",
    "acceptedDate": "2005-12-30 19:00:00",
    "calendarYear": "2005",
    "period": "Q4",
    "revenue": 1291200000,
    "costOfRevenue": 1093800000,
    "grossProfit": 197400000,
    "grossProfitRatio": 0.1528810409,
    "researchAndDevelopmentExpenses": 0,
    "generalAndAdministrativeExpenses": 0,
    "sellingAndMarketingExpenses": 0,
    "sellingGeneralAndAdministrativeExpenses": 60000000,
    "otherExpenses": 73900000,
    "operatingExpenses": 133900000,
    "costAndExpenses": 1227700000,
    "interestIncome": 0,
    "interestExpense": 0,
    "depreciationAndAmortization": 52700000,
    "ebitda": 116200000,
    "ebitdaratio": 0.0899938042,
    "operatingIncome": 63500000,
    "operatingIncomeRatio": 0.0491790582,
    "totalOtherIncomeExpensesNet": 103900000,
    "incomeBeforeTax": 167400000,
    "incomeBeforeTaxRatio": 0.1296468401,
    "incomeTaxExpense": 10000000,
    "netIncome": 44600000,
    "netIncomeRatio": 0.0345415118,
    "eps": 0.11,
    "epsdiluted": 0.11,
    "weightedAverageShsOut": 412980000,
    "weightedAverageShsOutDil": 420212000,
    "link": "",
    "finalLink": ""
  },
  {
    "date": "2005-10-02",
    "symbol": "BALL",
    "reportedCurrency": "USD",
    "cik": "0000009389",
    "fillingDate": "2005-11-09",
    "acceptedDate": "2005-11-09 17:19:55",
    "calendarYear": "2005",
    "period": "Q3",
    "revenue": 1583900000,
    "costOfRevenue": 1329100000,
    "grossProfit": 254800000,
    "grossProfitRatio": 0.1608687417,
    "researchAndDevelopmentExpenses": 0,
    "generalAndAdministrativeExpenses": 0,
    "sellingAndMarketingExpenses": 0,
    "sellingGeneralAndAdministrativeExpenses": 52600000,
    "otherExpenses": 54400000,
    "operatingExpenses": 107000000,
    "costAndExpenses": 1436100000,
    "interestIncome": 0,
    "interestExpense": 0,
    "depreciationAndAmortization": 54400000,
    "ebitda": 202200000,
    "ebitdaratio": 0.1276595745,
    "operatingIncome": 147800000,
    "operatingIncomeRatio": 0.0933139718,
    "totalOtherIncomeExpensesNet": -45000000,
    "incomeBeforeTax": 102800000,
    "incomeBeforeTaxRatio": 0.0649030873,
    "incomeTaxExpense": 26600000,
    "netIncome": 79300000,
    "netIncomeRatio": 0.0500662921,
    "eps": 0.19,
    "epsdiluted": 0.18,
    "weightedAverageShsOut": 426784000,
    "weightedAverageShsOutDil": 434320000,
    "link": "https://www.sec.gov/Archives/edgar/data/9389/000000938905000384/0000009389-05-000384-index.htm",
    "finalLink": "https://www.sec.gov/Archives/edgar/data/9389/000000938905000384/f10q_3qtr.htm"
  },
  {
    "date": "2005-07-03",
    "symbol": "BALL",
    "reportedCurrency": "USD",
    "cik": "0000009389",
    "fillingDate": "2005-08-09",
    "acceptedDate": "2005-08-09 16:58:50",
    "calendarYear": "2005",
    "period": "Q2",
    "revenue": 1552000000,
    "costOfRevenue": 1300200000,
    "grossProfit": 251800000,
    "grossProfitRatio": 0.162242268,
    "researchAndDevelopmentExpenses": 0,
    "generalAndAdministrativeExpenses": 0,
    "sellingAndMarketingExpenses": 0,
    "sellingGeneralAndAdministrativeExpenses": 58500000,
    "otherExpenses": -1130500000,
    "operatingExpenses": -1072000000,
    "costAndExpenses": 228200000,
    "interestIncome": 0,
    "interestExpense": 0,
    "depreciationAndAmortization": 53000000,
    "ebitda": 1376800000,
    "ebitdaratio": 0.8871134021,
    "operatingIncome": 1323800000,
    "operatingIncomeRatio": 0.8529639175,
    "totalOtherIncomeExpensesNet": -1216600000,
    "incomeBeforeTax": 107200000,
    "incomeBeforeTaxRatio": 0.0690721649,
    "incomeTaxExpense": 32900000,
    "netIncome": 79000000,
    "netIncomeRatio": 0.0509020619,
    "eps": 0.18,
    "epsdiluted": 0.18,
    "weightedAverageShsOut": 438104000,
    "weightedAverageShsOutDil": 445932000,
    "link": "https://www.sec.gov/Archives/edgar/data/9389/000000938905000286/0000009389-05-000286-index.htm",
    "finalLink": "https://www.sec.gov/Archives/edgar/data/9389/000000938905000286/f10q_2ndqtr2005.htm"
  },
  {
    "date": "2005-04-03",
    "symbol": "BALL",
    "reportedCurrency": "USD",
    "cik": "0000009389",
    "fillingDate": "2005-05-13",
    "acceptedDate": "2005-05-13 14:15:21",
    "calendarYear": "2005",
    "period": "Q1",
    "revenue": 1324100000,
    "costOfRevenue": 1096800000,
    "grossProfit": 227300000,
    "grossProfitRatio": 0.1716637716,
    "researchAndDevelopmentExpenses": 0,
    "generalAndAdministrativeExpenses": 0,
    "sellingAndMarketingExpenses": 0,
    "sellingGeneralAndAdministrativeExpenses": 63000000,
    "otherExpenses": 53400000,
    "operatingExpenses": 116400000,
    "costAndExpenses": 1213200000,
    "interestIncome": 0,
    "interestExpense": 0,
    "depreciationAndAmortization": 53400000,
    "ebitda": 164300000,
    "ebitdaratio": 0.1240842837,
    "operatingIncome": 110900000,
    "operatingIncomeRatio": 0.0837550034,
    "totalOtherIncomeExpensesNet": -25800000,
    "incomeBeforeTax": 85100000,
    "incomeBeforeTaxRatio": 0.0642700702,
    "incomeTaxExpense": 29800000,
    "netIncome": 58600000,
    "netIncomeRatio": 0.0442564761,
    "eps": 0.13,
    "epsdiluted": 0.13,
    "weightedAverageShsOut": 446512000,
    "weightedAverageShsOutDil": 456144000,
    "link": "https://www.sec.gov/Archives/edgar/data/9389/000000938905000210/0000009389-05-000210-index.htm",
    "finalLink": "https://www.sec.gov/Archives/edgar/data/9389/000000938905000210/f10q_1stqtr2005.htm"
  },
  {
    "date": "2004-12-31",
    "symbol": "BALL",
    "reportedCurrency": "USD",
    "cik": "0000009389",
    "fillingDate": "2005-02-23",
    "acceptedDate": "2005-02-23 15:39:36",
    "calendarYear": "2004",
    "period": "Q4",
    "revenue": 1262800000,
    "costOfRevenue": 1031100000,
    "grossProfit": 231700000,
    "grossProfitRatio": 0.183481153,
    "researchAndDevelopmentExpenses": 0,
    "generalAndAdministrativeExpenses": 0,
    "sellingAndMarketingExpenses": 0,
    "sellingGeneralAndAdministrativeExpenses": 66100000,
    "otherExpenses": 37200000,
    "operatingExpenses": 103300000,
    "costAndExpenses": 1134400000,
    "interestIncome": 0,
    "interestExpense": 0,
    "depreciationAndAmortization": 52400000,
    "ebitda": 180800000,
    "ebitdaratio": 0.1431738993,
    "operatingIncome": 128400000,
    "operatingIncomeRatio": 0.101678809,
    "totalOtherIncomeExpensesNet": -31400000,
    "incomeBeforeTax": 97000000,
    "incomeBeforeTaxRatio": 0.0768134305,
    "incomeTaxExpense": 30600000,
    "netIncome": 56400000,
    "netIncomeRatio": 0.0446626544,
    "eps": 0.13,
    "epsdiluted": 0.12,
    "weightedAverageShsOut": 446512000,
    "weightedAverageShsOutDil": 456144000,
    "link": "https://www.sec.gov/Archives/edgar/data/9389/000000938905000060/0000009389-05-000060-index.htm",
    "finalLink": "https://www.sec.gov/Archives/edgar/data/9389/000000938905000060/f10-k_2004.htm"
  },
  {
    "date": "2004-10-03",
    "symbol": "BALL",
    "reportedCurrency": "USD",
    "cik": "0000009389",
    "fillingDate": "2004-11-10",
    "acceptedDate": "2004-11-10 15:02:53",
    "calendarYear": "2004",
    "period": "Q3",
    "revenue": 1478700000,
    "costOfRevenue": 1196400000,
    "grossProfit": 282300000,
    "grossProfitRatio": 0.1909109353,
    "researchAndDevelopmentExpenses": 0,
    "generalAndAdministrativeExpenses": 0,
    "sellingAndMarketingExpenses": 0,
    "sellingGeneralAndAdministrativeExpenses": 63000000,
    "otherExpenses": 56700000,
    "operatingExpenses": 119700000,
    "costAndExpenses": 1316100000,
    "interestIncome": 0,
    "interestExpense": 0,
    "depreciationAndAmortization": 56700000,
    "ebitda": 219300000,
    "ebitdaratio": 0.1483059444,
    "operatingIncome": 162600000,
    "operatingIncomeRatio": 0.1099614526,
    "totalOtherIncomeExpensesNet": -19000000,
    "incomeBeforeTax": 143600000,
    "incomeBeforeTaxRatio": 0.0971123284,
    "incomeTaxExpense": 46300000,
    "netIncome": 101700000,
    "netIncomeRatio": 0.0687766281,
    "eps": 0.23,
    "epsdiluted": 0.23,
    "weightedAverageShsOut": 442480000,
    "weightedAverageShsOutDil": 454148000,
    "link": "https://www.sec.gov/Archives/edgar/data/9389/000000938904000408/0000009389-04-000408-index.htm",
    "finalLink": "https://www.sec.gov/Archives/edgar/data/9389/000000938904000408/f10q_3qtr2004.htm"
  },
  {
    "date": "2004-07-04",
    "symbol": "BALL",
    "reportedCurrency": "USD",
    "cik": "0000009389",
    "fillingDate": "2004-08-11",
    "acceptedDate": "2004-08-11 16:40:08",
    "calendarYear": "2004",
    "period": "Q2",
    "revenue": 1467200000,
    "costOfRevenue": 1193500000,
    "grossProfit": 273700000,
    "grossProfitRatio": 0.1865458015,
    "researchAndDevelopmentExpenses": 0,
    "generalAndAdministrativeExpenses": 0,
    "sellingAndMarketingExpenses": 0,
    "sellingGeneralAndAdministrativeExpenses": 67700000,
    "otherExpenses": 52200000,
    "operatingExpenses": 119900000,
    "costAndExpenses": 1313400000,
    "interestIncome": 0,
    "interestExpense": 0,
    "depreciationAndAmortization": 52200000,
    "ebitda": 206000000,
    "ebitdaratio": 0.1404034896,
    "operatingIncome": 153800000,
    "operatingIncomeRatio": 0.104825518,
    "totalOtherIncomeExpensesNet": -25000000,
    "incomeBeforeTax": 128800000,
    "incomeBeforeTaxRatio": 0.0877862595,
    "incomeTaxExpense": 40800000,
    "netIncome": 90700000,
    "netIncomeRatio": 0.0618184297,
    "eps": 0.2,
    "epsdiluted": 0.2,
    "weightedAverageShsOut": 444660000,
    "weightedAverageShsOutDil": 455622000,
    "link": "https://www.sec.gov/Archives/edgar/data/9389/000000938904000280/0000009389-04-000280-index.htm",
    "finalLink": "https://www.sec.gov/Archives/edgar/data/9389/000000938904000280/f10q_2qtr2004.htm"
  },
  {
    "date": "2004-04-04",
    "symbol": "BALL",
    "reportedCurrency": "USD",
    "cik": "0000009389",
    "fillingDate": "2004-05-12",
    "acceptedDate": "2004-05-12 16:55:07",
    "calendarYear": "2004",
    "period": "Q1",
    "revenue": 1231500000,
    "costOfRevenue": 1012500000,
    "grossProfit": 219000000,
    "grossProfitRatio": 0.1778319123,
    "researchAndDevelopmentExpenses": 0,
    "generalAndAdministrativeExpenses": 0,
    "sellingAndMarketingExpenses": 0,
    "sellingGeneralAndAdministrativeExpenses": 71100000,
    "otherExpenses": 53800000,
    "operatingExpenses": 124900000,
    "costAndExpenses": 1137400000,
    "interestIncome": 0,
    "interestExpense": 0,
    "depreciationAndAmortization": 53800000,
    "ebitda": 147900000,
    "ebitdaratio": 0.1200974421,
    "operatingIncome": 94100000,
    "operatingIncomeRatio": 0.076410881,
    "totalOtherIncomeExpensesNet": -25800000,
    "incomeBeforeTax": 68300000,
    "incomeBeforeTaxRatio": 0.0554608201,
    "incomeTaxExpense": 21500000,
    "netIncome": 46800000,
    "netIncomeRatio": 0.0380024361,
    "eps": 0.11,
    "epsdiluted": 0.1,
    "weightedAverageShsOut": 444660000,
    "weightedAverageShsOutDil": 455622000,
    "link": "https://www.sec.gov/Archives/edgar/data/9389/000000938904000173/0000009389-04-000173-index.htm",
    "finalLink": "https://www.sec.gov/Archives/edgar/data/9389/000000938904000173/f10q_1qtr2004.htm"
  },
  {
    "date": "2003-12-31",
    "symbol": "BALL",
    "reportedCurrency": "USD",
    "cik": "0000009389",
    "fillingDate": "2004-03-12",
    "acceptedDate": "2004-03-12 16:48:51",
    "calendarYear": "2003",
    "period": "Q4",
    "revenue": 1193500000,
    "costOfRevenue": 989800000,
    "grossProfit": 203700000,
    "grossProfitRatio": 0.1706744868,
    "researchAndDevelopmentExpenses": 0,
    "generalAndAdministrativeExpenses": 0,
    "sellingAndMarketingExpenses": 0,
    "sellingGeneralAndAdministrativeExpenses": 48700000,
    "otherExpenses": 50500000,
    "operatingExpenses": 99200000,
    "costAndExpenses": 1089000000,
    "interestIncome": 0,
    "interestExpense": 0,
    "depreciationAndAmortization": 54200000,
    "ebitda": 158700000,
    "ebitdaratio": 0.1329702556,
    "operatingIncome": 104500000,
    "operatingIncomeRatio": 0.0875576037,
    "totalOtherIncomeExpensesNet": -31700000,
    "incomeBeforeTax": 72800000,
    "incomeBeforeTaxRatio": 0.0609970674,
    "incomeTaxExpense": 21800000,
    "netIncome": 55300000,
    "netIncomeRatio": 0.0463343109,
    "eps": 0.12,
    "epsdiluted": 0.12,
    "weightedAverageShsOut": 446840000,
    "weightedAverageShsOutDil": 457096000,
    "link": "https://www.sec.gov/Archives/edgar/data/9389/000000938904000059/0000009389-04-000059-index.htm",
    "finalLink": "https://www.sec.gov/Archives/edgar/data/9389/000000938904000059/f10k_4qtr2003.htm"
  },
  {
    "date": "2003-09-28",
    "symbol": "BALL",
    "reportedCurrency": "USD",
    "cik": "0000009389",
    "fillingDate": "2003-11-10",
    "acceptedDate": "2003-11-10 16:33:45",
    "calendarYear": "2003",
    "period": "Q3",
    "revenue": 1359300000,
    "costOfRevenue": 1107400000,
    "grossProfit": 251900000,
    "grossProfitRatio": 0.1853159715,
    "researchAndDevelopmentExpenses": 0,
    "generalAndAdministrativeExpenses": 0,
    "sellingAndMarketingExpenses": 0,
    "sellingGeneralAndAdministrativeExpenses": 62200000,
    "otherExpenses": 49900000,
    "operatingExpenses": 112100000,
    "costAndExpenses": 1219500000,
    "interestIncome": 0,
    "interestExpense": 0,
    "depreciationAndAmortization": 49900000,
    "ebitda": 189700000,
    "ebitdaratio": 0.139557125,
    "operatingIncome": 139800000,
    "operatingIncomeRatio": 0.1028470536,
    "totalOtherIncomeExpensesNet": -42600000,
    "incomeBeforeTax": 97200000,
    "incomeBeforeTaxRatio": 0.0715073935,
    "incomeTaxExpense": 29100000,
    "netIncome": 68800000,
    "netIncomeRatio": 0.0506142868,
    "eps": 0.16,
    "epsdiluted": 0.15,
    "weightedAverageShsOut": 445312000,
    "weightedAverageShsOutDil": 454632000,
    "link": "https://www.sec.gov/Archives/edgar/data/9389/000000938903000235/0000009389-03-000235-index.htm",
    "finalLink": "https://www.sec.gov/Archives/edgar/data/9389/000000938903000235/f10q_3qtr2003.htm"
  },
  {
    "date": "2003-06-29",
    "symbol": "BALL",
    "reportedCurrency": "USD",
    "cik": "0000009389",
    "fillingDate": "2003-08-12",
    "acceptedDate": "2003-08-12 15:48:03",
    "calendarYear": "2003",
    "period": "Q2",
    "revenue": 1353300000,
    "costOfRevenue": 1106100000,
    "grossProfit": 247200000,
    "grossProfitRatio": 0.1826645977,
    "researchAndDevelopmentExpenses": 0,
    "generalAndAdministrativeExpenses": 0,
    "sellingAndMarketingExpenses": 0,
    "sellingGeneralAndAdministrativeExpenses": 57500000,
    "otherExpenses": 51500000,
    "operatingExpenses": 109000000,
    "costAndExpenses": 1215100000,
    "interestIncome": 0,
    "interestExpense": 0,
    "depreciationAndAmortization": 51500000,
    "ebitda": 189700000,
    "ebitdaratio": 0.1401758664,
    "operatingIncome": 138200000,
    "operatingIncomeRatio": 0.1021207419,
    "totalOtherIncomeExpensesNet": -30400000,
    "incomeBeforeTax": 107800000,
    "incomeBeforeTaxRatio": 0.0796571344,
    "incomeTaxExpense": 33500000,
    "netIncome": 74300000,
    "netIncomeRatio": 0.0549028301,
    "eps": 0.17,
    "epsdiluted": 0.16,
    "weightedAverageShsOut": 448512000,
    "weightedAverageShsOutDil": 458448000,
    "link": "https://www.sec.gov/Archives/edgar/data/9389/000000938903000167/0000009389-03-000167-index.htm",
    "finalLink": "https://www.sec.gov/Archives/edgar/data/9389/000000938903000167/f10q_2ndqtr2003.htm"
  },
  {
    "date": "2003-03-30",
    "symbol": "BALL",
    "reportedCurrency": "USD",
    "cik": "0000009389",
    "fillingDate": "2003-05-13",
    "acceptedDate": "2003-05-13 16:22:25",
    "calendarYear": "2003",
    "period": "Q1",
    "revenue": 1070900000,
    "costOfRevenue": 889500000,
    "grossProfit": 181400000,
    "grossProfitRatio": 0.1693902325,
    "researchAndDevelopmentExpenses": 0,
    "generalAndAdministrativeExpenses": 0,
    "sellingAndMarketingExpenses": 0,
    "sellingGeneralAndAdministrativeExpenses": 53200000,
    "otherExpenses": 51300000,
    "operatingExpenses": 104500000,
    "costAndExpenses": 994000000,
    "interestIncome": 0,
    "interestExpense": 0,
    "depreciationAndAmortization": 49900000,
    "ebitda": 126800000,
    "ebitdaratio": 0.1184050798,
    "operatingIncome": 76900000,
    "operatingIncomeRatio": 0.071808759,
    "totalOtherIncomeExpensesNet": -32000000,
    "incomeBeforeTax": 44900000,
    "incomeBeforeTaxRatio": 0.0419273508,
    "incomeTaxExpense": 15700000,
    "netIncome": 31500000,
    "netIncomeRatio": 0.0294145112,
    "eps": 0.0701,
    "epsdiluted": 0.0685,
    "weightedAverageShsOut": 449671163,
    "weightedAverageShsOutDil": 459629904,
    "link": "https://www.sec.gov/Archives/edgar/data/9389/000000938903000120/0000009389-03-000120-index.htm",
    "finalLink": "https://www.sec.gov/Archives/edgar/data/9389/000000938903000120/f10q_1qtr2003.htm"
  },
  {
    "date": "2002-12-31",
    "symbol": "BALL",
    "reportedCurrency": "USD",
    "cik": "0000009389",
    "fillingDate": "2003-03-27",
    "acceptedDate": "2003-03-27 17:13:50",
    "calendarYear": "2002",
    "period": "Q4",
    "revenue": 910200000,
    "costOfRevenue": 755000000,
    "grossProfit": 155200000,
    "grossProfitRatio": 0.1705119754,
    "researchAndDevelopmentExpenses": 0,
    "generalAndAdministrativeExpenses": 0,
    "sellingAndMarketingExpenses": 0,
    "sellingGeneralAndAdministrativeExpenses": 46100000,
    "otherExpenses": 42600000,
    "operatingExpenses": 88700000,
    "costAndExpenses": 843700000,
    "interestIncome": 0,
    "interestExpense": 0,
    "depreciationAndAmortization": 40200000,
    "ebitda": 106700000,
    "ebitdaratio": 0.1172269831,
    "operatingIncome": 66500000,
    "operatingIncomeRatio": 0.0730608657,
    "totalOtherIncomeExpensesNet": -20500000,
    "incomeBeforeTax": 46000000,
    "incomeBeforeTaxRatio": 0.0505383432,
    "incomeTaxExpense": 17600000,
    "netIncome": 28700000,
    "netIncomeRatio": 0.0315315315,
    "eps": 0.0637,
    "epsdiluted": 0.0623,
    "weightedAverageShsOut": 450830325,
    "weightedAverageShsOutDil": 460811808,
    "link": "https://www.sec.gov/Archives/edgar/data/9389/000000938903000044/0000009389-03-000044-index.htm",
    "finalLink": "https://www.sec.gov/Archives/edgar/data/9389/000000938903000044/f10k_2002.htm"
  },
  {
    "date": "2002-09-29",
    "symbol": "BALL",
    "reportedCurrency": "USD",
    "cik": "0000009389",
    "fillingDate": "2002-11-14",
    "acceptedDate": "2002-11-13 17:44:16",
    "calendarYear": "2002",
    "period": "Q3",
    "revenue": 1038600000,
    "costOfRevenue": 866800000,
    "grossProfit": 171800000,
    "grossProfitRatio": 0.1654149817,
    "researchAndDevelopmentExpenses": 0,
    "generalAndAdministrativeExpenses": 0,
    "sellingAndMarketingExpenses": 0,
    "sellingGeneralAndAdministrativeExpenses": 42200000,
    "otherExpenses": 36200000,
    "operatingExpenses": 78400000,
    "costAndExpenses": 945200000,
    "interestIncome": 0,
    "interestExpense": 0,
    "depreciationAndAmortization": 36200000,
    "ebitda": 129600000,
    "ebitdaratio": 0.1247833622,
    "operatingIncome": 93400000,
    "operatingIncomeRatio": 0.0899287502,
    "totalOtherIncomeExpensesNet": -18800000,
    "incomeBeforeTax": 74600000,
    "incomeBeforeTaxRatio": 0.07182746,
    "incomeTaxExpense": 26100000,
    "netIncome": 50000000,
    "netIncomeRatio": 0.0481417293,
    "eps": 0.11,
    "epsdiluted": 0.11,
    "weightedAverageShsOut": 449438202,
    "weightedAverageShsOutDil": 459770115,
    "link": "https://www.sec.gov/Archives/edgar/data/9389/000000938902000033/0000009389-02-000033-index.htm",
    "finalLink": "https://www.sec.gov/Archives/edgar/data/9389/000000938902000033/f10q_3qtr2002.htm"
  },
  {
    "date": "2002-06-30",
    "symbol": "BALL",
    "reportedCurrency": "USD",
    "cik": "0000009389",
    "fillingDate": "2002-08-14",
    "acceptedDate": "2002-08-14 15:48:10",
    "calendarYear": "2002",
    "period": "Q2",
    "revenue": 1034200000,
    "costOfRevenue": 862900000,
    "grossProfit": 171300000,
    "grossProfitRatio": 0.1656352736,
    "researchAndDevelopmentExpenses": 0,
    "generalAndAdministrativeExpenses": 0,
    "sellingAndMarketingExpenses": 0,
    "sellingGeneralAndAdministrativeExpenses": 39300000,
    "otherExpenses": 37100000,
    "operatingExpenses": 76400000,
    "costAndExpenses": 939300000,
    "interestIncome": 0,
    "interestExpense": 0,
    "depreciationAndAmortization": 37100000,
    "ebitda": 132000000,
    "ebitdaratio": 0.1276348869,
    "operatingIncome": 94900000,
    "operatingIncomeRatio": 0.0917617482,
    "totalOtherIncomeExpensesNet": -18700000,
    "incomeBeforeTax": 76200000,
    "incomeBeforeTaxRatio": 0.0736801392,
    "incomeTaxExpense": 26300000,
    "netIncome": 49900000,
    "netIncomeRatio": 0.048249855,
    "eps": 0.11,
    "epsdiluted": 0.11,
    "weightedAverageShsOut": 448539326,
    "weightedAverageShsOutDil": 458850575,
    "link": "https://www.sec.gov/Archives/edgar/data/9389/000000938902000019/0000009389-02-000019-index.htm",
    "finalLink": "https://www.sec.gov/Archives/edgar/data/9389/000000938902000019/f10q_2qtr2002.htm"
  },
  {
    "date": "2002-03-31",
    "symbol": "BALL",
    "reportedCurrency": "USD",
    "cik": "0000009389",
    "fillingDate": "2002-05-15",
    "acceptedDate": "2002-05-15 11:33:50",
    "calendarYear": "2002",
    "period": "Q1",
    "revenue": 875900000,
    "costOfRevenue": 745700000,
    "grossProfit": 130200000,
    "grossProfitRatio": 0.1486471058,
    "researchAndDevelopmentExpenses": 0,
    "generalAndAdministrativeExpenses": 0,
    "sellingAndMarketingExpenses": 0,
    "sellingGeneralAndAdministrativeExpenses": 37300000,
    "otherExpenses": 35700000,
    "operatingExpenses": 73000000,
    "costAndExpenses": 818700000,
    "interestIncome": 0,
    "interestExpense": 0,
    "depreciationAndAmortization": 35700000,
    "ebitda": 92900000,
    "ebitdaratio": 0.1060623359,
    "operatingIncome": 57200000,
    "operatingIncomeRatio": 0.0653042585,
    "totalOtherIncomeExpensesNet": -15800000,
    "incomeBeforeTax": 41400000,
    "incomeBeforeTaxRatio": 0.0472656696,
    "incomeTaxExpense": 13900000,
    "netIncome": 27500000,
    "netIncomeRatio": 0.0313962781,
    "eps": 0.0613,
    "epsdiluted": 0.06,
    "weightedAverageShsOut": 448979592,
    "weightedAverageShsOutDil": 458333333,
    "link": "https://www.sec.gov/Archives/edgar/data/9389/000000938902000013/0000009389-02-000013-index.htm",
    "finalLink": "https://www.sec.gov/Archives/edgar/data/9389/000000938902000013/f10q_1qtr2002.htm"
  },
  {
    "date": "2001-12-31",
    "symbol": "BALL",
    "reportedCurrency": "USD",
    "cik": "0000009389",
    "fillingDate": "2002-03-28",
    "acceptedDate": "2002-03-28 00:00:00",
    "calendarYear": "2001",
    "period": "Q4",
    "revenue": 843000000,
    "costOfRevenue": 461800000,
    "grossProfit": 381200000,
    "grossProfitRatio": 0.4521945433,
    "researchAndDevelopmentExpenses": 0,
    "generalAndAdministrativeExpenses": 0,
    "sellingAndMarketingExpenses": 0,
    "sellingGeneralAndAdministrativeExpenses": 54000000,
    "otherExpenses": 300300000,
    "operatingExpenses": 354300000,
    "costAndExpenses": 816100000,
    "interestIncome": 0,
    "interestExpense": 0,
    "depreciationAndAmortization": 37800000,
    "ebitda": 64700000,
    "ebitdaratio": 0.0767497034,
    "operatingIncome": 26900000,
    "operatingIncomeRatio": 0.0319098458,
    "totalOtherIncomeExpensesNet": -19800000,
    "incomeBeforeTax": 7100000,
    "incomeBeforeTaxRatio": 0.0084223013,
    "incomeTaxExpense": 1600000,
    "netIncome": 8100000,
    "netIncomeRatio": 0.0096085409,
    "eps": 0.018,
    "epsdiluted": 0.018,
    "weightedAverageShsOut": 448979592,
    "weightedAverageShsOutDil": 458333333,
    "link": "https://www.sec.gov/Archives/edgar/data/9389/000000938902000010/0000009389-02-000010-index.htm",
    "finalLink": "https://www.sec.gov/Archives/edgar/data/9389/000000938902000010/f10k_2001.htm"
  },
  {
    "date": "2001-09-30",
    "symbol": "BALL",
    "reportedCurrency": "USD",
    "cik": "0000009389",
    "fillingDate": "2001-11-14",
    "acceptedDate": "2001-11-14 00:00:00",
    "calendarYear": "2001",
    "period": "Q3",
    "revenue": 1000500000,
    "costOfRevenue": 853000000,
    "grossProfit": 147500000,
    "grossProfitRatio": 0.1474262869,
    "researchAndDevelopmentExpenses": 1700000,
    "generalAndAdministrativeExpenses": 0,
    "sellingAndMarketingExpenses": 0,
    "sellingGeneralAndAdministrativeExpenses": 32400000,
    "otherExpenses": 35900000,
    "operatingExpenses": 70000000,
    "costAndExpenses": 923000000,
    "interestIncome": 0,
    "interestExpense": 0,
    "depreciationAndAmortization": 37600000,
    "ebitda": 115100000,
    "ebitdaratio": 0.1150424788,
    "operatingIncome": 77500000,
    "operatingIncomeRatio": 0.0774612694,
    "totalOtherIncomeExpensesNet": -21600000,
    "incomeBeforeTax": 55900000,
    "incomeBeforeTaxRatio": 0.055872064,
    "incomeTaxExpense": 19600000,
    "netIncome": 36300000,
    "netIncomeRatio": 0.0362818591,
    "eps": 0.0827,
    "epsdiluted": 0.0827,
    "weightedAverageShsOut": 438787879,
    "weightedAverageShsOutDil": 438787879,
    "link": "https://www.sec.gov/Archives/edgar/data/9389/000000938901500023/0000009389-01-500023-index.htm",
    "finalLink": "https://www.sec.gov/Archives/edgar/data/9389/000000938901500023/f10q_3qtr2001.htm"
  },
  {
    "date": "2001-07-01",
    "symbol": "BALL",
    "reportedCurrency": "USD",
    "cik": "0000009389",
    "fillingDate": "2001-08-15",
    "acceptedDate": "2001-08-15 00:00:00",
    "calendarYear": "2001",
    "period": "Q2",
    "revenue": 992600000,
    "costOfRevenue": 851300000,
    "grossProfit": 141300000,
    "grossProfitRatio": 0.1423534153,
    "researchAndDevelopmentExpenses": 4000000,
    "generalAndAdministrativeExpenses": 0,
    "sellingAndMarketingExpenses": 0,
    "sellingGeneralAndAdministrativeExpenses": 26600000,
    "otherExpenses": 34800000,
    "operatingExpenses": 65400000,
    "costAndExpenses": 916700000,
    "interestIncome": 0,
    "interestExpense": 0,
    "depreciationAndAmortization": 38800000,
    "ebitda": 114700000,
    "ebitdaratio": 0.1155551078,
    "operatingIncome": 75900000,
    "operatingIncomeRatio": 0.0764658473,
    "totalOtherIncomeExpensesNet": -278600000,
    "incomeBeforeTax": -202700000,
    "incomeBeforeTaxRatio": -0.2042111626,
    "incomeTaxExpense": -40600000,
    "netIncome": -162100000,
    "netIncomeRatio": -0.1633084828,
    "eps": -0.42000000000000004,
    "epsdiluted": -0.39,
    "weightedAverageShsOut": 343392582,
    "weightedAverageShsOutDil": 362323782,
    "link": "https://www.sec.gov/Archives/edgar/data/9389/000000938901500019/0000009389-01-500019-index.htm",
    "finalLink": "https://www.sec.gov/Archives/edgar/data/9389/000000938901500019/f10q_2qtr2001.htm"
  },
  {
    "date": "2001-04-01",
    "symbol": "BALL",
    "reportedCurrency": "USD",
    "cik": "0000009389",
    "fillingDate": "2001-05-16",
    "acceptedDate": "2001-05-16 00:00:00",
    "calendarYear": "2001",
    "period": "Q1",
    "revenue": 850000000,
    "costOfRevenue": 722400000,
    "grossProfit": 127600000,
    "grossProfitRatio": 0.1501176471,
    "researchAndDevelopmentExpenses": 3000000,
    "generalAndAdministrativeExpenses": 0,
    "sellingAndMarketingExpenses": 0,
    "sellingGeneralAndAdministrativeExpenses": 34300000,
    "otherExpenses": 38300000,
    "operatingExpenses": 75600000,
    "costAndExpenses": 798000000,
    "interestIncome": 0,
    "interestExpense": 0,
    "depreciationAndAmortization": 38300000,
    "ebitda": 90300000,
    "ebitdaratio": 0.1062352941,
    "operatingIncome": 52000000,
    "operatingIncomeRatio": 0.0611764706,
    "totalOtherIncomeExpensesNet": -23800000,
    "incomeBeforeTax": 28200000,
    "incomeBeforeTaxRatio": 0.0331764706,
    "incomeTaxExpense": 9700000,
    "netIncome": 18500000,
    "netIncomeRatio": 0.0217647059,
    "eps": 0.0486,
    "epsdiluted": 0.045899999999999996,
    "weightedAverageShsOut": 343392582,
    "weightedAverageShsOutDil": 362323782,
    "link": "https://www.sec.gov/Archives/edgar/data/9389/000000938901500006/0000009389-01-500006-index.htm",
    "finalLink": "https://www.sec.gov/Archives/edgar/data/9389/000000938901500006/f10q_1qtr2001.htm"
  },
  {
    "date": "2000-12-31",
    "symbol": "BALL",
    "reportedCurrency": "USD",
    "cik": "0000009389",
    "fillingDate": "2001-03-30",
    "acceptedDate": "2001-03-30 00:00:00",
    "calendarYear": "2000",
    "period": "Q4",
    "revenue": 924600000,
    "costOfRevenue": 787400000,
    "grossProfit": 137200000,
    "grossProfitRatio": 0.1483884923,
    "researchAndDevelopmentExpenses": 0,
    "generalAndAdministrativeExpenses": 0,
    "sellingAndMarketingExpenses": 0,
    "sellingGeneralAndAdministrativeExpenses": 38600000,
    "otherExpenses": 40500000,
    "operatingExpenses": 79100000,
    "costAndExpenses": 866500000,
    "interestIncome": 0,
    "interestExpense": 0,
    "depreciationAndAmortization": 40500000,
    "ebitda": 98600000,
    "ebitdaratio": 0.1066407095,
    "operatingIncome": 58100000,
    "operatingIncomeRatio": 0.062837984,
    "totalOtherIncomeExpensesNet": -27900000,
    "incomeBeforeTax": 30200000,
    "incomeBeforeTaxRatio": 0.0326627731,
    "incomeTaxExpense": 11100000,
    "netIncome": 19100000,
    "netIncomeRatio": 0.0206575817,
    "eps": 0.0501,
    "epsdiluted": 0.047400000000000005,
    "weightedAverageShsOut": 343392582,
    "weightedAverageShsOutDil": 362323782,
    "link": "https://www.sec.gov/Archives/edgar/data/9389/000000938901500003/0000009389-01-500003-index.htm",
    "finalLink": "https://www.sec.gov/Archives/edgar/data/9389/000000938901500003/f10k2000.htm"
  },
  {
    "date": "2000-10-01",
    "symbol": "BALL",
    "reportedCurrency": "USD",
    "cik": "0000009389",
    "fillingDate": "2000-11-15",
    "acceptedDate": "2000-11-15 00:00:00",
    "calendarYear": "2000",
    "period": "Q3",
    "revenue": 996300000,
    "costOfRevenue": 833400000,
    "grossProfit": 162900000,
    "grossProfitRatio": 0.1635049684,
    "researchAndDevelopmentExpenses": 3500000,
    "generalAndAdministrativeExpenses": 0,
    "sellingAndMarketingExpenses": 0,
    "sellingGeneralAndAdministrativeExpenses": 32800000,
    "otherExpenses": 39300000,
    "operatingExpenses": 75600000,
    "costAndExpenses": 909000000,
    "interestIncome": 0,
    "interestExpense": 0,
    "depreciationAndAmortization": 39300000,
    "ebitda": 126600000,
    "ebitdaratio": 0.1270701596,
    "operatingIncome": 87300000,
    "operatingIncomeRatio": 0.0876242096,
    "totalOtherIncomeExpensesNet": -17700000,
    "incomeBeforeTax": 69600000,
    "incomeBeforeTaxRatio": 0.0698584764,
    "incomeTaxExpense": 24300000,
    "netIncome": 44500000,
    "netIncomeRatio": 0.0446652615,
    "eps": 0.0714,
    "epsdiluted": 0.0669,
    "weightedAverageShsOut": 555148800,
    "weightedAverageShsOutDil": 593011200,
    "link": "https://www.sec.gov/Archives/edgar/data/9389/000000938900000026/0000009389-00-000026-index.htm",
    "finalLink": "https://www.sec.gov/Archives/edgar/data/9389/000000938900000026/0000009389-00-000026-0001.txt"
  },
  {
    "date": "2000-07-02",
    "symbol": "BALL",
    "reportedCurrency": "USD",
    "cik": "0000009389",
    "fillingDate": "2000-08-16",
    "acceptedDate": "2000-08-16 00:00:00",
    "calendarYear": "2000",
    "period": "Q2",
    "revenue": 995000000,
    "costOfRevenue": 918800000,
    "grossProfit": 76200000,
    "grossProfitRatio": 0.0765829146,
    "researchAndDevelopmentExpenses": 3700000,
    "generalAndAdministrativeExpenses": 0,
    "sellingAndMarketingExpenses": 0,
    "sellingGeneralAndAdministrativeExpenses": 32500000,
    "otherExpenses": 38900000,
    "operatingExpenses": 75100000,
    "costAndExpenses": 993900000,
    "interestIncome": 0,
    "interestExpense": 0,
    "depreciationAndAmortization": 38900000,
    "ebitda": 40000000,
    "ebitdaratio": 0.040201005,
    "operatingIncome": 1100000,
    "operatingIncomeRatio": 0.0011055276,
    "totalOtherIncomeExpensesNet": -23800000,
    "incomeBeforeTax": -22700000,
    "incomeBeforeTaxRatio": -0.0228140704,
    "incomeTaxExpense": -6400000,
    "netIncome": -15400000,
    "netIncomeRatio": -0.0154773869,
    "eps": -0.024600000000000004,
    "epsdiluted": -0.023100000000000002,
    "weightedAverageShsOut": 565324800,
    "weightedAverageShsOutDil": 603206400,
    "link": "https://www.sec.gov/Archives/edgar/data/9389/000000938900000020/0000009389-00-000020-index.htm",
    "finalLink": "https://www.sec.gov/Archives/edgar/data/9389/000000938900000020/0000009389-00-000020-0001.txt"
  },
  {
    "date": "2000-04-02",
    "symbol": "BALL",
    "reportedCurrency": "USD",
    "cik": "0000009389",
    "fillingDate": "2000-05-17",
    "acceptedDate": "2000-05-17 00:00:00",
    "calendarYear": "2000",
    "period": "Q1",
    "revenue": 817600000,
    "costOfRevenue": 680900000,
    "grossProfit": 136700000,
    "grossProfitRatio": 0.1671966732,
    "researchAndDevelopmentExpenses": 3700000,
    "generalAndAdministrativeExpenses": 0,
    "sellingAndMarketingExpenses": 0,
    "sellingGeneralAndAdministrativeExpenses": 33500000,
    "otherExpenses": 40400000,
    "operatingExpenses": 77600000,
    "costAndExpenses": 758500000,
    "interestIncome": 0,
    "interestExpense": 0,
    "depreciationAndAmortization": 40400000,
    "ebitda": 99500000,
    "ebitdaratio": 0.1216976517,
    "operatingIncome": 59100000,
    "operatingIncomeRatio": 0.0722847358,
    "totalOtherIncomeExpensesNet": -25300000,
    "incomeBeforeTax": 33800000,
    "incomeBeforeTaxRatio": 0.0413405088,
    "incomeTaxExpense": 13800000,
    "netIncome": 20000000,
    "netIncomeRatio": 0.0244618395,
    "eps": 0.030600000000000002,
    "epsdiluted": 0.0291,
    "weightedAverageShsOut": 570374400,
    "weightedAverageShsOutDil": 609024000,
    "link": "https://www.sec.gov/Archives/edgar/data/9389/000000938900000016/0000009389-00-000016-index.html",
    "finalLink": "https://www.sec.gov/Archives/edgar/data/9389/000000938900000016/"
  },
  {
    "date": "1999-12-31",
    "symbol": "BALL",
    "reportedCurrency": "USD",
    "cik": "0000009389",
    "fillingDate": "2000-03-30",
    "acceptedDate": "2000-03-30 00:00:00",
    "calendarYear": "1999",
    "period": "Q4",
    "revenue": 793300000,
    "costOfRevenue": 653700000,
    "grossProfit": 139600000,
    "grossProfitRatio": 0.1759737804,
    "researchAndDevelopmentExpenses": 0,
    "generalAndAdministrativeExpenses": 0,
    "sellingAndMarketingExpenses": 0,
    "sellingGeneralAndAdministrativeExpenses": 50100000,
    "otherExpenses": 30900000,
    "operatingExpenses": 81000000,
    "costAndExpenses": 734700000,
    "interestIncome": 0,
    "interestExpense": 0,
    "depreciationAndAmortization": 40900000,
    "ebitda": 99500000,
    "ebitdaratio": 0.125425438,
    "operatingIncome": 58600000,
    "operatingIncomeRatio": 0.0738686499,
    "totalOtherIncomeExpensesNet": -26600000,
    "incomeBeforeTax": 32000000,
    "incomeBeforeTaxRatio": 0.0403378293,
    "incomeTaxExpense": 12500000,
    "netIncome": 19500000,
    "netIncomeRatio": 0.0245808647,
    "eps": 0.03,
    "epsdiluted": 0.03,
    "weightedAverageShsOut": 570374400,
    "weightedAverageShsOutDil": 609024000,
    "link": "https://www.sec.gov/Archives/edgar/data/9389/0000009389-00-000011-index.html",
    "finalLink": "https://www.sec.gov/Archives/edgar/data/9389/000000938900000011/0000009389-00-000011.txt"
  },
  {
    "date": "1999-10-03",
    "symbol": "BALL",
    "reportedCurrency": "USD",
    "cik": "0000009389",
    "fillingDate": "1999-11-17",
    "acceptedDate": "1999-11-17 00:00:00",
    "calendarYear": "1999",
    "period": "Q3",
    "revenue": 991600000,
    "costOfRevenue": 824500000,
    "grossProfit": 167100000,
    "grossProfitRatio": 0.1685155305,
    "researchAndDevelopmentExpenses": 3200000,
    "generalAndAdministrativeExpenses": 0,
    "sellingAndMarketingExpenses": 0,
    "sellingGeneralAndAdministrativeExpenses": 36700000,
    "otherExpenses": 40800000,
    "operatingExpenses": 80700000,
    "costAndExpenses": 905200000,
    "interestIncome": 0,
    "interestExpense": 0,
    "depreciationAndAmortization": 40800000,
    "ebitda": 127200000,
    "ebitdaratio": 0.1282775313,
    "operatingIncome": 86400000,
    "operatingIncomeRatio": 0.087131908,
    "totalOtherIncomeExpensesNet": -26700000,
    "incomeBeforeTax": 59700000,
    "incomeBeforeTaxRatio": 0.0602057281,
    "incomeTaxExpense": 22700000,
    "netIncome": 37000000,
    "netIncomeRatio": 0.0373134328,
    "eps": 0.0567,
    "epsdiluted": 0.0531,
    "weightedAverageShsOut": 579475200,
    "weightedAverageShsOutDil": 623193600,
    "link": "https://www.sec.gov/Archives/edgar/data/9389/000000938999000026/0000009389-99-000026-index.html",
    "finalLink": "https://www.sec.gov/Archives/edgar/data/9389/000000938999000026/"
  },
  {
    "date": "1999-07-04",
    "symbol": "BALL",
    "reportedCurrency": "USD",
    "cik": "0000009389",
    "fillingDate": "1999-08-18",
    "acceptedDate": "1999-08-18 00:00:00",
    "calendarYear": "1999",
    "period": "Q2",
    "revenue": 979000000,
    "costOfRevenue": 817900000,
    "grossProfit": 161100000,
    "grossProfitRatio": 0.1645556691,
    "researchAndDevelopmentExpenses": 3200000,
    "generalAndAdministrativeExpenses": 0,
    "sellingAndMarketingExpenses": 0,
    "sellingGeneralAndAdministrativeExpenses": 37200000,
    "otherExpenses": 39700000,
    "operatingExpenses": 80100000,
    "costAndExpenses": 898000000,
    "interestIncome": 0,
    "interestExpense": 0,
    "depreciationAndAmortization": 39700000,
    "ebitda": 120700000,
    "ebitdaratio": 0.1232890705,
    "operatingIncome": 81000000,
    "operatingIncomeRatio": 0.0827374872,
    "totalOtherIncomeExpensesNet": -29000000,
    "incomeBeforeTax": 52000000,
    "incomeBeforeTaxRatio": 0.0531154239,
    "incomeTaxExpense": 20000000,
    "netIncome": 32000000,
    "netIncomeRatio": 0.0326864147,
    "eps": 0.0672,
    "epsdiluted": 0.0672,
    "weightedAverageShsOut": 476256000,
    "weightedAverageShsOutDil": 476256000,
    "link": "https://www.sec.gov/Archives/edgar/data/9389/000000938999000014/0000009389-99-000014-index.html",
    "finalLink": "https://www.sec.gov/Archives/edgar/data/9389/000000938999000014/"
  },
  {
    "date": "1999-04-04",
    "symbol": "BALL",
    "reportedCurrency": "USD",
    "cik": "0000009389",
    "fillingDate": "1999-05-14",
    "acceptedDate": "1999-05-14 00:00:00",
    "calendarYear": "1999",
    "period": "Q1",
    "revenue": 820300000,
    "costOfRevenue": 691900000,
    "grossProfit": 128400000,
    "grossProfitRatio": 0.1565280995,
    "researchAndDevelopmentExpenses": 3600000,
    "generalAndAdministrativeExpenses": 0,
    "sellingAndMarketingExpenses": 0,
    "sellingGeneralAndAdministrativeExpenses": 30500000,
    "otherExpenses": 41500000,
    "operatingExpenses": 75600000,
    "costAndExpenses": 767500000,
    "interestIncome": 0,
    "interestExpense": 0,
    "depreciationAndAmortization": 41500000,
    "ebitda": 94300000,
    "ebitdaratio": 0.1149579422,
    "operatingIncome": 52800000,
    "operatingIncomeRatio": 0.0643666951,
    "totalOtherIncomeExpensesNet": -27400000,
    "incomeBeforeTax": 25400000,
    "incomeBeforeTaxRatio": 0.0309642814,
    "incomeTaxExpense": 9700000,
    "netIncome": 15700000,
    "netIncomeRatio": 0.0191393393,
    "eps": 0.023399999999999997,
    "epsdiluted": 0.0219,
    "weightedAverageShsOut": 580608000,
    "weightedAverageShsOutDil": 624211200,
    "link": "https://www.sec.gov/Archives/edgar/data/9389/000000938999000010/0000009389-99-000010-index.html",
    "finalLink": "https://www.sec.gov/Archives/edgar/data/9389/"
  },
  {
    "date": "1998-12-31",
    "symbol": "BALL",
    "reportedCurrency": "USD",
    "cik": "0000009389",
    "fillingDate": "1999-03-29",
    "acceptedDate": "1999-03-29 00:00:00",
    "calendarYear": "1998",
    "period": "Q4",
    "revenue": 841900000,
    "costOfRevenue": 713500000,
    "grossProfit": 128400000,
    "grossProfitRatio": 0.1525121748,
    "researchAndDevelopmentExpenses": 0,
    "generalAndAdministrativeExpenses": 0,
    "sellingAndMarketingExpenses": 0,
    "sellingGeneralAndAdministrativeExpenses": 107000000,
    "otherExpenses": 49300000,
    "operatingExpenses": 156300000,
    "costAndExpenses": 869800000,
    "interestIncome": 0,
    "interestExpense": 0,
    "depreciationAndAmortization": 49300000,
    "ebitda": 21400000,
    "ebitdaratio": 0.0254186958,
    "operatingIncome": -27900000,
    "operatingIncomeRatio": -0.0331393277,
    "totalOtherIncomeExpensesNet": -7900000,
    "incomeBeforeTax": -35800000,
    "incomeBeforeTaxRatio": -0.0425228649,
    "incomeTaxExpense": -18600000,
    "netIncome": -20500000,
    "netIncomeRatio": -0.0243496852,
    "eps": -0.0421,
    "epsdiluted": -0.0421,
    "weightedAverageShsOut": 487184000,
    "weightedAverageShsOutDil": 487184000,
    "link": "https://www.sec.gov/Archives/edgar/data/9389/000000938999000005/0000009389-99-000005-index.html",
    "finalLink": "https://www.sec.gov/Archives/edgar/data/9389/"
  },
  {
    "date": "1998-09-27",
    "symbol": "BALL",
    "reportedCurrency": "USD",
    "cik": "0000009389",
    "fillingDate": "1998-11-05",
    "acceptedDate": "1998-11-05 00:00:00",
    "calendarYear": "1998",
    "period": "Q3",
    "revenue": 859200000,
    "costOfRevenue": 717900000,
    "grossProfit": 141300000,
    "grossProfitRatio": 0.1644553073,
    "researchAndDevelopmentExpenses": 0,
    "generalAndAdministrativeExpenses": 0,
    "sellingAndMarketingExpenses": 0,
    "sellingGeneralAndAdministrativeExpenses": 39600000,
    "otherExpenses": 39400000,
    "operatingExpenses": 79000000,
    "costAndExpenses": 796900000,
    "interestIncome": 0,
    "interestExpense": 0,
    "depreciationAndAmortization": 39400000,
    "ebitda": 101700000,
    "ebitdaratio": 0.1183659218,
    "operatingIncome": 62300000,
    "operatingIncomeRatio": 0.072509311,
    "totalOtherIncomeExpensesNet": -25300000,
    "incomeBeforeTax": 37000000,
    "incomeBeforeTaxRatio": 0.0430633147,
    "incomeTaxExpense": 12100000,
    "netIncome": 12800000,
    "netIncomeRatio": 0.0148975791,
    "eps": 0.026,
    "epsdiluted": 0.026,
    "weightedAverageShsOut": 492832000,
    "weightedAverageShsOutDil": 492832000,
    "link": "https://www.sec.gov/Archives/edgar/data/9389/000000938998000021/0000009389-98-000021-index.html",
    "finalLink": "https://www.sec.gov/Archives/edgar/data/9389/"
  },
  {
    "date": "1998-06-28",
    "symbol": "BALL",
    "reportedCurrency": "USD",
    "cik": "0000009389",
    "fillingDate": "1998-08-12",
    "acceptedDate": "1998-08-12 00:00:00",
    "calendarYear": "1998",
    "period": "Q2",
    "revenue": 645900000,
    "costOfRevenue": 532600000,
    "grossProfit": 113300000,
    "grossProfitRatio": 0.1754141508,
    "researchAndDevelopmentExpenses": 0,
    "generalAndAdministrativeExpenses": 0,
    "sellingAndMarketingExpenses": 0,
    "sellingGeneralAndAdministrativeExpenses": 30400000,
    "otherExpenses": 36200000,
    "operatingExpenses": 66600000,
    "costAndExpenses": 599200000,
    "interestIncome": 0,
    "interestExpense": 0,
    "depreciationAndAmortization": 36500000,
    "ebitda": 83200000,
    "ebitdaratio": 0.1288125097,
    "operatingIncome": 46700000,
    "operatingIncomeRatio": 0.072302214,
    "totalOtherIncomeExpensesNet": -15300000,
    "incomeBeforeTax": 31400000,
    "incomeBeforeTaxRatio": 0.0486143366,
    "incomeTaxExpense": 12200000,
    "netIncome": 19200000,
    "netIncomeRatio": 0.0297259638,
    "eps": 0.0393,
    "epsdiluted": 0.0393,
    "weightedAverageShsOut": 487936000,
    "weightedAverageShsOutDil": 487936000,
    "link": "https://www.sec.gov/Archives/edgar/data/9389/000000938998000019/0000009389-98-000019-index.html",
    "finalLink": "https://www.sec.gov/Archives/edgar/data/9389/"
  },
  {
    "date": "1998-03-29",
    "symbol": "BALL",
    "reportedCurrency": "USD",
    "cik": "0000009389",
    "fillingDate": "1998-05-13",
    "acceptedDate": "1998-05-13 00:00:00",
    "calendarYear": "1998",
    "period": "Q1",
    "revenue": 549700000,
    "costOfRevenue": 466200000,
    "grossProfit": 83500000,
    "grossProfitRatio": 0.1519010369,
    "researchAndDevelopmentExpenses": 3300000,
    "generalAndAdministrativeExpenses": 0,
    "sellingAndMarketingExpenses": 0,
    "sellingGeneralAndAdministrativeExpenses": 25400000,
    "otherExpenses": 29400000,
    "operatingExpenses": 58100000,
    "costAndExpenses": 524300000,
    "interestIncome": 0,
    "interestExpense": 0,
    "depreciationAndAmortization": 29400000,
    "ebitda": 54800000,
    "ebitdaratio": 0.0996907404,
    "operatingIncome": 25400000,
    "operatingIncomeRatio": 0.046207022,
    "totalOtherIncomeExpensesNet": -16700000,
    "incomeBeforeTax": 8700000,
    "incomeBeforeTaxRatio": 0.0158268146,
    "incomeTaxExpense": 3200000,
    "netIncome": 2200000,
    "netIncomeRatio": 0.004002183,
    "eps": 0.0045,
    "epsdiluted": 0.0045,
    "weightedAverageShsOut": 484752000,
    "weightedAverageShsOutDil": 484752000,
    "link": "https://www.sec.gov/Archives/edgar/data/9389/000000938998000012/0000009389-98-000012-index.html",
    "finalLink": "https://www.sec.gov/Archives/edgar/data/9389/"
  },
  {
    "date": "1997-12-31",
    "symbol": "BALL",
    "reportedCurrency": "USD",
    "cik": "0000009389",
    "fillingDate": "1998-03-31",
    "acceptedDate": "1998-03-31 00:00:00",
    "calendarYear": "1997",
    "period": "Q4",
    "revenue": 574800000,
    "costOfRevenue": 480100000,
    "grossProfit": 94700000,
    "grossProfitRatio": 0.1647529576,
    "researchAndDevelopmentExpenses": 0,
    "generalAndAdministrativeExpenses": 0,
    "sellingAndMarketingExpenses": 0,
    "sellingGeneralAndAdministrativeExpenses": 41300000,
    "otherExpenses": 31500000,
    "operatingExpenses": 72800000,
    "costAndExpenses": 552900000,
    "interestIncome": 0,
    "interestExpense": 0,
    "depreciationAndAmortization": 31500000,
    "ebitda": 53400000,
    "ebitdaratio": 0.0929018789,
    "operatingIncome": 21900000,
    "operatingIncomeRatio": 0.0381002088,
    "totalOtherIncomeExpensesNet": -10900000,
    "incomeBeforeTax": 11000000,
    "incomeBeforeTaxRatio": 0.0191370912,
    "incomeTaxExpense": 3200000,
    "netIncome": 7800000,
    "netIncomeRatio": 0.0135699374,
    "eps": 0.016,
    "epsdiluted": 0.016,
    "weightedAverageShsOut": 483520000,
    "weightedAverageShsOutDil": 484752000,
    "link": "https://www.sec.gov/Archives/edgar/data/9389/000000938998000005/0000009389-98-000005-index.html",
    "finalLink": "https://www.sec.gov/Archives/edgar/data/9389/"
  },
  {
    "date": "1997-09-28",
    "symbol": "BALL",
    "reportedCurrency": "USD",
    "cik": "0000009389",
    "fillingDate": "1997-11-10",
    "acceptedDate": "1997-11-10 00:00:00",
    "calendarYear": "1997",
    "period": "Q3",
    "revenue": 690200000,
    "costOfRevenue": 573600000,
    "grossProfit": 116600000,
    "grossProfitRatio": 0.1689365401,
    "researchAndDevelopmentExpenses": 0,
    "generalAndAdministrativeExpenses": 0,
    "sellingAndMarketingExpenses": 0,
    "sellingGeneralAndAdministrativeExpenses": 32100000,
    "otherExpenses": 31600000,
    "operatingExpenses": 63700000,
    "costAndExpenses": 637300000,
    "interestIncome": 0,
    "interestExpense": 0,
    "depreciationAndAmortization": 31600000,
    "ebitda": 84500000,
    "ebitdaratio": 0.1224282817,
    "operatingIncome": 52900000,
    "operatingIncomeRatio": 0.0766444509,
    "totalOtherIncomeExpensesNet": -16100000,
    "incomeBeforeTax": 36800000,
    "incomeBeforeTaxRatio": 0.0533178789,
    "incomeTaxExpense": 14100000,
    "netIncome": 22700000,
    "netIncomeRatio": 0.0328890177,
    "eps": 0.047,
    "epsdiluted": 0.047,
    "weightedAverageShsOut": 483104000,
    "weightedAverageShsOutDil": 483104000,
    "link": "https://www.sec.gov/Archives/edgar/data/9389/000000938997000023/0000009389-97-000023-index.html",
    "finalLink": "https://www.sec.gov/Archives/edgar/data/9389/"
  },
  {
    "date": "1997-06-29",
    "symbol": "BALL",
    "reportedCurrency": "USD",
    "cik": "0000009389",
    "fillingDate": "1997-08-13",
    "acceptedDate": "1997-08-13 00:00:00",
    "calendarYear": "1997",
    "period": "Q2",
    "revenue": 643700000,
    "costOfRevenue": 542400000,
    "grossProfit": 101300000,
    "grossProfitRatio": 0.1573714463,
    "researchAndDevelopmentExpenses": 0,
    "generalAndAdministrativeExpenses": 0,
    "sellingAndMarketingExpenses": 0,
    "sellingGeneralAndAdministrativeExpenses": 33100000,
    "otherExpenses": 30400000,
    "operatingExpenses": 63500000,
    "costAndExpenses": 605900000,
    "interestIncome": 0,
    "interestExpense": 0,
    "depreciationAndAmortization": 30400000,
    "ebitda": 68200000,
    "ebitdaratio": 0.1059499767,
    "operatingIncome": 37800000,
    "operatingIncomeRatio": 0.0587230076,
    "totalOtherIncomeExpensesNet": -5100000,
    "incomeBeforeTax": 32700000,
    "incomeBeforeTaxRatio": 0.0508000621,
    "incomeTaxExpense": 11900000,
    "netIncome": 20800000,
    "netIncomeRatio": 0.0323131894,
    "eps": 0.043,
    "epsdiluted": 0.043,
    "weightedAverageShsOut": 483488000,
    "weightedAverageShsOutDil": 483488000,
    "link": "https://www.sec.gov/Archives/edgar/data/9389/000000938997000020/0000009389-97-000020-index.html",
    "finalLink": "https://www.sec.gov/Archives/edgar/data/9389/"
  },
  {
    "date": "1997-03-30",
    "symbol": "BALL",
    "reportedCurrency": "USD",
    "cik": "0000009389",
    "fillingDate": "1997-05-14",
    "acceptedDate": "1997-05-14 00:00:00",
    "calendarYear": "1997",
    "period": "Q1",
    "revenue": 479800000,
    "costOfRevenue": 407600000,
    "grossProfit": 72200000,
    "grossProfitRatio": 0.1504793664,
    "researchAndDevelopmentExpenses": 0,
    "generalAndAdministrativeExpenses": 0,
    "sellingAndMarketingExpenses": 0,
    "sellingGeneralAndAdministrativeExpenses": 29200000,
    "otherExpenses": 24000000,
    "operatingExpenses": 53200000,
    "costAndExpenses": 460800000,
    "interestIncome": 0,
    "interestExpense": 0,
    "depreciationAndAmortization": 24000000,
    "ebitda": 43000000,
    "ebitdaratio": 0.0896206753,
    "operatingIncome": 19000000,
    "operatingIncomeRatio": 0.0395998333,
    "totalOtherIncomeExpensesNet": -9200000,
    "incomeBeforeTax": 9800000,
    "incomeBeforeTaxRatio": 0.0204251772,
    "incomeTaxExpense": 2800000,
    "netIncome": 7000000,
    "netIncomeRatio": 0.0145894123,
    "eps": 0.0143,
    "epsdiluted": 0.0143,
    "weightedAverageShsOut": 491008000,
    "weightedAverageShsOutDil": 491008000,
    "link": "https://www.sec.gov/Archives/edgar/data/9389/000000938997000014/0000009389-97-000014-index.html",
    "finalLink": "https://www.sec.gov/Archives/edgar/data/9389/"
  },
  {
    "date": "1996-12-31",
    "symbol": "BALL",
    "reportedCurrency": "USD",
    "cik": "0000009389",
    "fillingDate": "1997-03-31",
    "acceptedDate": "1997-03-31 00:00:00",
    "calendarYear": "1996",
    "period": "Q4",
    "revenue": 500100000,
    "costOfRevenue": 438400000,
    "grossProfit": 61700000,
    "grossProfitRatio": 0.1233753249,
    "researchAndDevelopmentExpenses": 0,
    "generalAndAdministrativeExpenses": 0,
    "sellingAndMarketingExpenses": 0,
    "sellingGeneralAndAdministrativeExpenses": 23200000,
    "otherExpenses": 29800000,
    "operatingExpenses": 53000000,
    "costAndExpenses": 491400000,
    "interestIncome": 0,
    "interestExpense": 0,
    "depreciationAndAmortization": 29800000,
    "ebitda": 38500000,
    "ebitdaratio": 0.0769846031,
    "operatingIncome": 8700000,
    "operatingIncomeRatio": 0.0173965207,
    "totalOtherIncomeExpensesNet": -37600000,
    "incomeBeforeTax": -28900000,
    "incomeBeforeTaxRatio": -0.0577884423,
    "incomeTaxExpense": -4600000,
    "netIncome": -13200000,
    "netIncomeRatio": -0.0263947211,
    "eps": -0.027,
    "epsdiluted": -0.0269,
    "weightedAverageShsOut": 488288000,
    "weightedAverageShsOutDil": 491008000,
    "link": "https://www.sec.gov/Archives/edgar/data/9389/000000938997000006/0000009389-97-000006-index.html",
    "finalLink": "https://www.sec.gov/Archives/edgar/data/9389/"
  },
  {
    "date": "1996-09-29",
    "symbol": "BALL",
    "reportedCurrency": "USD",
    "cik": "0000009389",
    "fillingDate": "1996-11-13",
    "acceptedDate": "1996-11-13 00:00:00",
    "calendarYear": "1996",
    "period": "Q3",
    "revenue": 622200000,
    "costOfRevenue": 544600000,
    "grossProfit": 77600000,
    "grossProfitRatio": 0.12471874,
    "researchAndDevelopmentExpenses": 0,
    "generalAndAdministrativeExpenses": 0,
    "sellingAndMarketingExpenses": 0,
    "sellingGeneralAndAdministrativeExpenses": 22100000,
    "otherExpenses": 22100000,
    "operatingExpenses": 44200000,
    "costAndExpenses": 588800000,
    "interestIncome": 0,
    "interestExpense": 0,
    "depreciationAndAmortization": 22100000,
    "ebitda": 55500000,
    "ebitdaratio": 0.0891996143,
    "operatingIncome": 33400000,
    "operatingIncomeRatio": 0.0536804886,
    "totalOtherIncomeExpensesNet": -9600000,
    "incomeBeforeTax": 23800000,
    "incomeBeforeTaxRatio": 0.0382513661,
    "incomeTaxExpense": 3700000,
    "netIncome": 20100000,
    "netIncomeRatio": 0.0323047252,
    "eps": 0.0425,
    "epsdiluted": 0.0419,
    "weightedAverageShsOut": 473124572,
    "weightedAverageShsOutDil": 480284236,
    "link": "https://www.sec.gov/Archives/edgar/data/9389/000000938996000012/0000009389-96-000012-index.html",
    "finalLink": "https://www.sec.gov/Archives/edgar/data/9389/"
  },
  {
    "date": "1996-06-30",
    "symbol": "BALL",
    "reportedCurrency": "USD",
    "cik": "0000009389",
    "fillingDate": "1996-08-14",
    "acceptedDate": "1996-08-14 00:00:00",
    "calendarYear": "1996",
    "period": "Q2",
    "revenue": 600100000,
    "costOfRevenue": 526600000,
    "grossProfit": 73500000,
    "grossProfitRatio": 0.1224795867,
    "researchAndDevelopmentExpenses": 0,
    "generalAndAdministrativeExpenses": 0,
    "sellingAndMarketingExpenses": 0,
    "sellingGeneralAndAdministrativeExpenses": 23600000,
    "otherExpenses": 21400000,
    "operatingExpenses": 45000000,
    "costAndExpenses": 571600000,
    "interestIncome": 0,
    "interestExpense": 0,
    "depreciationAndAmortization": 21400000,
    "ebitda": 49900000,
    "ebitdaratio": 0.0831528079,
    "operatingIncome": 28500000,
    "operatingIncomeRatio": 0.0474920847,
    "totalOtherIncomeExpensesNet": -9100000,
    "incomeBeforeTax": 19400000,
    "incomeBeforeTaxRatio": 0.0323279453,
    "incomeTaxExpense": 6100000,
    "netIncome": 11800000,
    "netIncomeRatio": 0.0196633894,
    "eps": 0.0249,
    "epsdiluted": 0.0246,
    "weightedAverageShsOut": 473124572,
    "weightedAverageShsOutDil": 480284236,
    "link": "https://www.sec.gov/Archives/edgar/data/9389/000000938996000010/0000009389-96-000010-index.html",
    "finalLink": "https://www.sec.gov/Archives/edgar/data/9389/"
  },
  {
    "date": "1996-03-31",
    "symbol": "BALL",
    "reportedCurrency": "USD",
    "cik": "0000009389",
    "fillingDate": "1996-05-15",
    "acceptedDate": "1996-05-15 00:00:00",
    "calendarYear": "1996",
    "period": "Q1",
    "revenue": 462000000,
    "costOfRevenue": 404300000,
    "grossProfit": 57700000,
    "grossProfitRatio": 0.1248917749,
    "researchAndDevelopmentExpenses": 0,
    "generalAndAdministrativeExpenses": 0,
    "sellingAndMarketingExpenses": 0,
    "sellingGeneralAndAdministrativeExpenses": 24100000,
    "otherExpenses": 20200000,
    "operatingExpenses": 44300000,
    "costAndExpenses": 448600000,
    "interestIncome": 0,
    "interestExpense": 0,
    "depreciationAndAmortization": 20200000,
    "ebitda": 33600000,
    "ebitdaratio": 0.0727272727,
    "operatingIncome": 13400000,
    "operatingIncomeRatio": 0.029004329,
    "totalOtherIncomeExpensesNet": -6200000,
    "incomeBeforeTax": 7200000,
    "incomeBeforeTaxRatio": 0.0155844156,
    "incomeTaxExpense": 1700000,
    "netIncome": 5500000,
    "netIncomeRatio": 0.0119047619,
    "eps": 0.0116,
    "epsdiluted": 0.0115,
    "weightedAverageShsOut": 473124572,
    "weightedAverageShsOutDil": 480284236,
    "link": "https://www.sec.gov/Archives/edgar/data/9389/000000938996000006/0000009389-96-000006-index.html",
    "finalLink": "https://www.sec.gov/Archives/edgar/data/9389/"
  },
  {
    "date": "1995-12-31",
    "symbol": "BALL",
    "reportedCurrency": "USD",
    "cik": "0000009389",
    "fillingDate": "1996-04-01",
    "acceptedDate": "1996-04-01 00:00:00",
    "calendarYear": "1995",
    "period": "Q4",
    "revenue": 470200000,
    "costOfRevenue": 406900000,
    "grossProfit": 63300000,
    "grossProfitRatio": 0.1346235644,
    "researchAndDevelopmentExpenses": 0,
    "generalAndAdministrativeExpenses": 0,
    "sellingAndMarketingExpenses": 0,
    "sellingGeneralAndAdministrativeExpenses": 23600000,
    "otherExpenses": 21300000,
    "operatingExpenses": 44900000,
    "costAndExpenses": 451800000,
    "interestIncome": 0,
    "interestExpense": 0,
    "depreciationAndAmortization": 21300000,
    "ebitda": 39700000,
    "ebitdaratio": 0.0844321565,
    "operatingIncome": 18400000,
    "operatingIncomeRatio": 0.0391322841,
    "totalOtherIncomeExpensesNet": -17900000,
    "incomeBeforeTax": 500000,
    "incomeBeforeTaxRatio": 0.0010633773,
    "incomeTaxExpense": 0,
    "netIncome": 500000,
    "netIncomeRatio": 0.0010633773,
    "eps": 0.0011,
    "epsdiluted": 0.001,
    "weightedAverageShsOut": 473124572,
    "weightedAverageShsOutDil": 480284236,
    "link": "https://www.sec.gov/Archives/edgar/data/9389/000000938996000002/0000009389-96-000002-index.html",
    "finalLink": "https://www.sec.gov/Archives/edgar/data/9389/"
  },
  {
    "date": "1995-10-01",
    "symbol": "BALL",
    "reportedCurrency": "USD",
    "cik": "0000009389",
    "fillingDate": "1995-11-15",
    "acceptedDate": "1995-11-15 00:00:00",
    "calendarYear": "1995",
    "period": "Q3",
    "revenue": 760700000,
    "costOfRevenue": 662600000,
    "grossProfit": 98100000,
    "grossProfitRatio": 0.1289601683,
    "researchAndDevelopmentExpenses": 0,
    "generalAndAdministrativeExpenses": 0,
    "sellingAndMarketingExpenses": 0,
    "sellingGeneralAndAdministrativeExpenses": 28500000,
    "otherExpenses": 28300000,
    "operatingExpenses": 56800000,
    "costAndExpenses": 719400000,
    "interestIncome": 0,
    "interestExpense": 0,
    "depreciationAndAmortization": 28300000,
    "ebitda": 69600000,
    "ebitdaratio": 0.091494676,
    "operatingIncome": 41300000,
    "operatingIncomeRatio": 0.0542920994,
    "totalOtherIncomeExpensesNet": -122800000,
    "incomeBeforeTax": -81500000,
    "incomeBeforeTaxRatio": -0.1071381622,
    "incomeTaxExpense": -24200000,
    "netIncome": -57300000,
    "netIncomeRatio": -0.0753253582,
    "eps": -0.12,
    "epsdiluted": -0.12,
    "weightedAverageShsOut": 473124572,
    "weightedAverageShsOutDil": 480284236,
    "link": "https://www.sec.gov/Archives/edgar/data/9389/000000938995000027/0000009389-95-000027-index.html",
    "finalLink": "https://www.sec.gov/Archives/edgar/data/9389/"
  }
]