[
  {
    "date": "2025-06-30",
    "symbol": "BAX",
    "reportedCurrency": "USD",
    "cik": "0000010456",
    "fillingDate": "2025-08-05",
    "acceptedDate": "2025-08-05 16:48:23",
    "calendarYear": "2025",
    "period": "Q2",
    "revenue": 2810000000,
    "costOfRevenue": 1679000000,
    "grossProfit": 1131000000,
    "grossProfitRatio": 0.4024911032,
    "researchAndDevelopmentExpenses": 134000000,
    "generalAndAdministrativeExpenses": 0,
    "sellingAndMarketingExpenses": 0,
    "sellingGeneralAndAdministrativeExpenses": 689000000,
    "otherExpenses": 116000000,
    "operatingExpenses": 939000000,
    "costAndExpenses": 2618000000,
    "interestIncome": 14000000,
    "interestExpense": 72000000,
    "depreciationAndAmortization": 257000000,
    "ebitda": 462000000,
    "ebitdaratio": 0.1644128114,
    "operatingIncome": 192000000,
    "operatingIncomeRatio": 0.0683274021,
    "totalOtherIncomeExpensesNet": -59000000,
    "incomeBeforeTax": 133000000,
    "incomeBeforeTaxRatio": 0.0473309609,
    "incomeTaxExpense": 11000000,
    "netIncome": 91000000,
    "netIncomeRatio": 0.0323843416,
    "eps": 0.18,
    "epsdiluted": 0.18,
    "weightedAverageShsOut": 513000000,
    "weightedAverageShsOutDil": 514000000,
    "link": "https://www.sec.gov/Archives/edgar/data/10456/000162828025037877/0001628280-25-037877-index.htm",
    "finalLink": "https://www.sec.gov/Archives/edgar/data/10456/000162828025037877/bax-20250630.htm"
  },
  {
    "date": "2025-03-31",
    "symbol": "BAX",
    "reportedCurrency": "USD",
    "cik": "0000010456",
    "fillingDate": "2025-05-06",
    "acceptedDate": "2025-05-06 16:34:41",
    "calendarYear": "2025",
    "period": "Q1",
    "revenue": 2625000000,
    "costOfRevenue": 1764000000,
    "grossProfit": 861000000,
    "grossProfitRatio": 0.328,
    "researchAndDevelopmentExpenses": 140000000,
    "generalAndAdministrativeExpenses": 0,
    "sellingAndMarketingExpenses": 0,
    "sellingGeneralAndAdministrativeExpenses": 703000000,
    "otherExpenses": -40000000,
    "operatingExpenses": 803000000,
    "costAndExpenses": 2567000000,
    "interestIncome": 17000000,
    "interestExpense": 81000000,
    "depreciationAndAmortization": 247000000,
    "ebitda": 325000000,
    "ebitdaratio": 0.1238095238,
    "operatingIncome": 58000000,
    "operatingIncomeRatio": 0.0220952381,
    "totalOtherIncomeExpensesNet": -61000000,
    "incomeBeforeTax": -3000000,
    "incomeBeforeTaxRatio": -0.0011428571,
    "incomeTaxExpense": -67000000,
    "netIncome": 126000000,
    "netIncomeRatio": 0.048,
    "eps": 0.25,
    "epsdiluted": 0.25,
    "weightedAverageShsOut": 512000000,
    "weightedAverageShsOutDil": 514000000,
    "link": "https://www.sec.gov/Archives/edgar/data/10456/000162828025022727/0001628280-25-022727-index.htm",
    "finalLink": "https://www.sec.gov/Archives/edgar/data/10456/000162828025022727/bax-20250331.htm"
  },
  {
    "date": "2024-12-31",
    "symbol": "BAX",
    "reportedCurrency": "USD",
    "cik": "0000010456",
    "fillingDate": "2025-02-21",
    "acceptedDate": "2025-02-21 17:15:03",
    "calendarYear": "2024",
    "period": "Q4",
    "revenue": 2753000000,
    "costOfRevenue": 1794000000,
    "grossProfit": 959000000,
    "grossProfitRatio": 0.3483472575,
    "researchAndDevelopmentExpenses": 211000000,
    "generalAndAdministrativeExpenses": 0,
    "sellingAndMarketingExpenses": 0,
    "sellingGeneralAndAdministrativeExpenses": 761000000,
    "otherExpenses": 422000000,
    "operatingExpenses": 1394000000,
    "costAndExpenses": 3188000000,
    "interestIncome": 9000000,
    "interestExpense": 100000000,
    "depreciationAndAmortization": 245000000,
    "ebitda": -176000000,
    "ebitdaratio": -0.0639302579,
    "operatingIncome": -435000000,
    "operatingIncomeRatio": -0.1580094442,
    "totalOtherIncomeExpensesNet": -86000000,
    "incomeBeforeTax": -521000000,
    "incomeBeforeTaxRatio": -0.189248093,
    "incomeTaxExpense": -33000000,
    "netIncome": -512000000,
    "netIncomeRatio": -0.1859789321,
    "eps": -1,
    "epsdiluted": -1,
    "weightedAverageShsOut": 510000000,
    "weightedAverageShsOutDil": 510000000,
    "link": "https://www.sec.gov/Archives/edgar/data/10456/000162828025007201/0001628280-25-007201-index.htm",
    "finalLink": "https://www.sec.gov/Archives/edgar/data/10456/000162828025007201/bax-20241231.htm"
  },
  {
    "date": "2024-09-30",
    "symbol": "BAX",
    "reportedCurrency": "USD",
    "cik": "0000010456",
    "fillingDate": "2024-11-12",
    "acceptedDate": "2024-11-12 16:38:19",
    "calendarYear": "2024",
    "period": "Q3",
    "revenue": 2699000000,
    "costOfRevenue": 1666000000,
    "grossProfit": 1033000000,
    "grossProfitRatio": 0.3827343461,
    "researchAndDevelopmentExpenses": 129000000,
    "generalAndAdministrativeExpenses": 0,
    "sellingAndMarketingExpenses": 0,
    "sellingGeneralAndAdministrativeExpenses": 754000000,
    "otherExpenses": -5000000,
    "operatingExpenses": 878000000,
    "costAndExpenses": 2544000000,
    "interestIncome": 14000000,
    "interestExpense": 101000000,
    "depreciationAndAmortization": 129000000,
    "ebitda": 299000000,
    "ebitdaratio": 0.110781771,
    "operatingIncome": 155000000,
    "operatingIncomeRatio": 0.0574286773,
    "totalOtherIncomeExpensesNet": -86000000,
    "incomeBeforeTax": 69000000,
    "incomeBeforeTaxRatio": 0.0255650241,
    "incomeTaxExpense": 8000000,
    "netIncome": 140000000,
    "netIncomeRatio": 0.0518710634,
    "eps": 0.27,
    "epsdiluted": 0.27,
    "weightedAverageShsOut": 510000000,
    "weightedAverageShsOutDil": 512000000,
    "link": "https://www.sec.gov/Archives/edgar/data/10456/000162828024047221/0001628280-24-047221-index.htm",
    "finalLink": "https://www.sec.gov/Archives/edgar/data/10456/000162828024047221/bax-20240930.htm"
  },
  {
    "date": "2024-06-30",
    "symbol": "BAX",
    "reportedCurrency": "USD",
    "cik": "0000010456",
    "fillingDate": "2024-08-06",
    "acceptedDate": "2024-08-06 07:20:53",
    "calendarYear": "2024",
    "period": "Q2",
    "revenue": 2694000000,
    "costOfRevenue": 1663000000,
    "grossProfit": 1031000000,
    "grossProfitRatio": 0.3827023014,
    "researchAndDevelopmentExpenses": 130000000,
    "generalAndAdministrativeExpenses": 0,
    "sellingAndMarketingExpenses": 0,
    "sellingGeneralAndAdministrativeExpenses": 723000000,
    "otherExpenses": -1000000,
    "operatingExpenses": 852000000,
    "costAndExpenses": 2515000000,
    "interestIncome": 19000000,
    "interestExpense": 104000000,
    "depreciationAndAmortization": 227000000,
    "ebitda": 448000000,
    "ebitdaratio": 0.1662954714,
    "operatingIncome": 179000000,
    "operatingIncomeRatio": 0.0664439495,
    "totalOtherIncomeExpensesNet": -62000000,
    "incomeBeforeTax": 117000000,
    "incomeBeforeTaxRatio": 0.0434298441,
    "incomeTaxExpense": 22000000,
    "netIncome": -314000000,
    "netIncomeRatio": -0.1165553081,
    "eps": -0.62,
    "epsdiluted": -0.62,
    "weightedAverageShsOut": 510000000,
    "weightedAverageShsOutDil": 510000000,
    "link": "https://www.sec.gov/Archives/edgar/data/10456/000162828024034965/0001628280-24-034965-index.htm",
    "finalLink": "https://www.sec.gov/Archives/edgar/data/10456/000162828024034965/bax-20240630.htm"
  },
  {
    "date": "2024-03-31",
    "symbol": "BAX",
    "reportedCurrency": "USD",
    "cik": "0000010456",
    "fillingDate": "2024-05-02",
    "acceptedDate": "2024-05-02 07:20:43",
    "calendarYear": "2024",
    "period": "Q1",
    "revenue": 2490000000,
    "costOfRevenue": 1529000000,
    "grossProfit": 961000000,
    "grossProfitRatio": 0.3859437751,
    "researchAndDevelopmentExpenses": 120000000,
    "generalAndAdministrativeExpenses": 995000000,
    "sellingAndMarketingExpenses": -266000000,
    "sellingGeneralAndAdministrativeExpenses": 729000000,
    "otherExpenses": -3000000,
    "operatingExpenses": 846000000,
    "costAndExpenses": 2375000000,
    "interestIncome": 25000000,
    "interestExpense": 103000000,
    "depreciationAndAmortization": 271000000,
    "ebitda": 420000000,
    "ebitdaratio": 0.1686746988,
    "operatingIncome": 115000000,
    "operatingIncomeRatio": 0.046184739,
    "totalOtherIncomeExpensesNet": -69000000,
    "incomeBeforeTax": 46000000,
    "incomeBeforeTaxRatio": 0.0184738956,
    "incomeTaxExpense": 40000000,
    "netIncome": 37000000,
    "netIncomeRatio": 0.0148594378,
    "eps": 0.0728,
    "epsdiluted": 0.0726,
    "weightedAverageShsOut": 508000000,
    "weightedAverageShsOutDil": 510000000,
    "link": "https://www.sec.gov/Archives/edgar/data/10456/000162828024019786/0001628280-24-019786-index.htm",
    "finalLink": "https://www.sec.gov/Archives/edgar/data/10456/000162828024019786/bax-20240331.htm"
  },
  {
    "date": "2023-12-31",
    "symbol": "BAX",
    "reportedCurrency": "USD",
    "cik": "0000010456",
    "fillingDate": "2024-02-08",
    "acceptedDate": "2024-02-08 17:29:20",
    "calendarYear": "2023",
    "period": "Q4",
    "revenue": 3885000000,
    "costOfRevenue": 2413000000,
    "grossProfit": 1472000000,
    "grossProfitRatio": 0.3788931789,
    "researchAndDevelopmentExpenses": 172000000,
    "generalAndAdministrativeExpenses": 0,
    "sellingAndMarketingExpenses": 0,
    "sellingGeneralAndAdministrativeExpenses": 977000000,
    "otherExpenses": -6000000,
    "operatingExpenses": 1143000000,
    "costAndExpenses": 3556000000,
    "interestIncome": 44000000,
    "interestExpense": 117000000,
    "depreciationAndAmortization": 324000000,
    "ebitda": 679000000,
    "ebitdaratio": 0.1747747748,
    "operatingIncome": 329000000,
    "operatingIncomeRatio": 0.0846846847,
    "totalOtherIncomeExpensesNet": -91000000,
    "incomeBeforeTax": 238000000,
    "incomeBeforeTaxRatio": 0.0612612613,
    "incomeTaxExpense": 165000000,
    "netIncome": 245000000,
    "netIncomeRatio": 0.0630630631,
    "eps": 0.48,
    "epsdiluted": 0.48,
    "weightedAverageShsOut": 507000000,
    "weightedAverageShsOutDil": 507000000,
    "link": "https://www.sec.gov/Archives/edgar/data/10456/000162828024003932/0001628280-24-003932-index.htm",
    "finalLink": "https://www.sec.gov/Archives/edgar/data/10456/000162828024003932/bax-20231231.htm"
  },
  {
    "date": "2023-09-30",
    "symbol": "BAX",
    "reportedCurrency": "USD",
    "cik": "0000010456",
    "fillingDate": "2023-11-02",
    "acceptedDate": "2023-11-02 07:19:54",
    "calendarYear": "2023",
    "period": "Q3",
    "revenue": 2599000000,
    "costOfRevenue": 1543000000,
    "grossProfit": 1056000000,
    "grossProfitRatio": 0.4063101193,
    "researchAndDevelopmentExpenses": 133000000,
    "generalAndAdministrativeExpenses": 0,
    "sellingAndMarketingExpenses": 0,
    "sellingGeneralAndAdministrativeExpenses": 744000000,
    "otherExpenses": 0,
    "operatingExpenses": 877000000,
    "costAndExpenses": 2420000000,
    "interestIncome": 9000000,
    "interestExpense": 136000000,
    "depreciationAndAmortization": 92000000,
    "ebitda": 292000000,
    "ebitdaratio": 0.1123509042,
    "operatingIncome": 179000000,
    "operatingIncomeRatio": 0.0688726433,
    "totalOtherIncomeExpensesNet": -115000000,
    "incomeBeforeTax": 64000000,
    "incomeBeforeTaxRatio": 0.0246248557,
    "incomeTaxExpense": 27000000,
    "netIncome": 2508000000,
    "netIncomeRatio": 0.9649865333,
    "eps": 4.95,
    "epsdiluted": 4.93,
    "weightedAverageShsOut": 507000000,
    "weightedAverageShsOutDil": 507000000,
    "link": "https://www.sec.gov/Archives/edgar/data/10456/000162828023036195/0001628280-23-036195-index.htm",
    "finalLink": "https://www.sec.gov/Archives/edgar/data/10456/000162828023036195/bax-20230930.htm"
  },
  {
    "date": "2023-06-30",
    "symbol": "BAX",
    "reportedCurrency": "USD",
    "cik": "0000010456",
    "fillingDate": "2023-07-27",
    "acceptedDate": "2023-07-27 08:01:50",
    "calendarYear": "2023",
    "period": "Q2",
    "revenue": 3707000000,
    "costOfRevenue": 2596000000,
    "grossProfit": 1111000000,
    "grossProfitRatio": 0.2997032641,
    "researchAndDevelopmentExpenses": 165000000,
    "generalAndAdministrativeExpenses": 0,
    "sellingAndMarketingExpenses": 0,
    "sellingGeneralAndAdministrativeExpenses": 964000000,
    "otherExpenses": -1000000,
    "operatingExpenses": 1128000000,
    "costAndExpenses": 3724000000,
    "interestIncome": 8000000,
    "interestExpense": 132000000,
    "depreciationAndAmortization": 315000000,
    "ebitda": 264000000,
    "ebitdaratio": 0.0712166172,
    "operatingIncome": -17000000,
    "operatingIncomeRatio": -0.0045859185,
    "totalOtherIncomeExpensesNet": -166000000,
    "incomeBeforeTax": -183000000,
    "incomeBeforeTaxRatio": -0.0493660642,
    "incomeTaxExpense": 10000000,
    "netIncome": -141000000,
    "netIncomeRatio": -0.0380361478,
    "eps": -0.28,
    "epsdiluted": -0.28,
    "weightedAverageShsOut": 506000000,
    "weightedAverageShsOutDil": 506000000,
    "link": "https://www.sec.gov/Archives/edgar/data/10456/000162828023025825/0001628280-23-025825-index.htm",
    "finalLink": "https://www.sec.gov/Archives/edgar/data/10456/000162828023025825/bax-20230630.htm"
  },
  {
    "date": "2023-03-31",
    "symbol": "BAX",
    "reportedCurrency": "USD",
    "cik": "0000010456",
    "fillingDate": "2023-04-27",
    "acceptedDate": "2023-04-27 07:20:41",
    "calendarYear": "2023",
    "period": "Q1",
    "revenue": 3513000000,
    "costOfRevenue": 2238000000,
    "grossProfit": 1275000000,
    "grossProfitRatio": 0.3629376601,
    "researchAndDevelopmentExpenses": 164000000,
    "generalAndAdministrativeExpenses": 914000000,
    "sellingAndMarketingExpenses": 81000000,
    "sellingGeneralAndAdministrativeExpenses": 995000000,
    "otherExpenses": -13000000,
    "operatingExpenses": 1146000000,
    "costAndExpenses": 3384000000,
    "interestIncome": 10000000,
    "interestExpense": 127000000,
    "depreciationAndAmortization": 313000000,
    "ebitda": 454000000,
    "ebitdaratio": 0.1292342727,
    "operatingIncome": 129000000,
    "operatingIncomeRatio": 0.0367207515,
    "totalOtherIncomeExpensesNet": -115000000,
    "incomeBeforeTax": 14000000,
    "incomeBeforeTaxRatio": 0.0039851978,
    "incomeTaxExpense": 14000000,
    "netIncome": 44000000,
    "netIncomeRatio": 0.0125249075,
    "eps": 0.09,
    "epsdiluted": 0.09,
    "weightedAverageShsOut": 505000000,
    "weightedAverageShsOutDil": 507000000,
    "link": "https://www.sec.gov/Archives/edgar/data/10456/000162828023013357/0001628280-23-013357-index.htm",
    "finalLink": "https://www.sec.gov/Archives/edgar/data/10456/000162828023013357/bax-20230331.htm"
  },
  {
    "date": "2022-12-31",
    "symbol": "BAX",
    "reportedCurrency": "USD",
    "cik": "0000010456",
    "fillingDate": "2023-02-09",
    "acceptedDate": "2023-02-09 07:24:57",
    "calendarYear": "2022",
    "period": "Q4",
    "revenue": 3887000000,
    "costOfRevenue": 2424000000,
    "grossProfit": 1463000000,
    "grossProfitRatio": 0.3763828145,
    "researchAndDevelopmentExpenses": 155000000,
    "generalAndAdministrativeExpenses": 912000000,
    "sellingAndMarketingExpenses": 0,
    "sellingGeneralAndAdministrativeExpenses": 912000000,
    "otherExpenses": 43000000,
    "operatingExpenses": 1110000000,
    "costAndExpenses": 3534000000,
    "interestIncome": 8000000,
    "interestExpense": 125000000,
    "depreciationAndAmortization": 334000000,
    "ebitda": 683000000,
    "ebitdaratio": 0.1757139182,
    "operatingIncome": 353000000,
    "operatingIncomeRatio": 0.090815539,
    "totalOtherIncomeExpensesNet": -129000000,
    "incomeBeforeTax": 224000000,
    "incomeBeforeTaxRatio": 0.0576279907,
    "incomeTaxExpense": 39000000,
    "netIncome": 181000000,
    "netIncomeRatio": 0.0465654747,
    "eps": 0.36,
    "epsdiluted": 0.36,
    "weightedAverageShsOut": 504000000,
    "weightedAverageShsOutDil": 507000000,
    "link": "https://www.sec.gov/Archives/edgar/data/10456/000162828023002864/0001628280-23-002864-index.htm",
    "finalLink": "https://www.sec.gov/Archives/edgar/data/10456/000162828023002864/bax-20221231.htm"
  },
  {
    "date": "2022-09-30",
    "symbol": "BAX",
    "reportedCurrency": "USD",
    "cik": "0000010456",
    "fillingDate": "2022-10-27",
    "acceptedDate": "2022-10-27 07:20:15",
    "calendarYear": "2022",
    "period": "Q3",
    "revenue": 3609000000,
    "costOfRevenue": 2564000000,
    "grossProfit": 1045000000,
    "grossProfitRatio": 0.289553893,
    "researchAndDevelopmentExpenses": 151000000,
    "generalAndAdministrativeExpenses": 942000000,
    "sellingAndMarketingExpenses": -1000000,
    "sellingGeneralAndAdministrativeExpenses": 941000000,
    "otherExpenses": 2833000000,
    "operatingExpenses": 3925000000,
    "costAndExpenses": 6489000000,
    "interestIncome": 5000000,
    "interestExpense": 109000000,
    "depreciationAndAmortization": 331000000,
    "ebitda": -2605000000,
    "ebitdaratio": -0.7218065946,
    "operatingIncome": -2880000000,
    "operatingIncomeRatio": -0.7980049875,
    "totalOtherIncomeExpensesNet": -165000000,
    "incomeBeforeTax": -3045000000,
    "incomeBeforeTaxRatio": -0.8437240233,
    "incomeTaxExpense": -54000000,
    "netIncome": -2937000000,
    "netIncomeRatio": -0.8137988362,
    "eps": -5.83,
    "epsdiluted": -5.83,
    "weightedAverageShsOut": 504000000,
    "weightedAverageShsOutDil": 504000000,
    "link": "https://www.sec.gov/Archives/edgar/data/10456/000162828022027149/0001628280-22-027149-index.htm",
    "finalLink": "https://www.sec.gov/Archives/edgar/data/10456/000162828022027149/bax-20220930.htm"
  },
  {
    "date": "2022-06-30",
    "symbol": "BAX",
    "reportedCurrency": "USD",
    "cik": "0000010456",
    "fillingDate": "2022-07-28",
    "acceptedDate": "2022-07-28 07:20:54",
    "calendarYear": "2022",
    "period": "Q2",
    "revenue": 3594000000,
    "costOfRevenue": 2223000000,
    "grossProfit": 1371000000,
    "grossProfitRatio": 0.3814691152,
    "researchAndDevelopmentExpenses": 148000000,
    "generalAndAdministrativeExpenses": 976000000,
    "sellingAndMarketingExpenses": -6000000,
    "sellingGeneralAndAdministrativeExpenses": 970000000,
    "otherExpenses": -11000000,
    "operatingExpenses": 1107000000,
    "costAndExpenses": 3330000000,
    "interestIncome": 4000000,
    "interestExpense": 93000000,
    "depreciationAndAmortization": 343000000,
    "ebitda": 655000000,
    "ebitdaratio": 0.1822481914,
    "operatingIncome": 264000000,
    "operatingIncomeRatio": 0.0734557596,
    "totalOtherIncomeExpensesNet": -45000000,
    "incomeBeforeTax": 219000000,
    "incomeBeforeTaxRatio": 0.0609348915,
    "incomeTaxExpense": 34000000,
    "netIncome": 252000000,
    "netIncomeRatio": 0.0701168614,
    "eps": 0.5,
    "epsdiluted": 0.5,
    "weightedAverageShsOut": 504000000,
    "weightedAverageShsOutDil": 508000000,
    "link": "https://www.sec.gov/Archives/edgar/data/10456/000162828022019640/0001628280-22-019640-index.htm",
    "finalLink": "https://www.sec.gov/Archives/edgar/data/10456/000162828022019640/bax-20220630.htm"
  },
  {
    "date": "2022-03-31",
    "symbol": "BAX",
    "reportedCurrency": "USD",
    "cik": "0000010456",
    "fillingDate": "2022-04-28",
    "acceptedDate": "2022-04-28 07:21:20",
    "calendarYear": "2022",
    "period": "Q1",
    "revenue": 3707000000,
    "costOfRevenue": 2359000000,
    "grossProfit": 1348000000,
    "grossProfitRatio": 0.3636363636,
    "researchAndDevelopmentExpenses": 150000000,
    "generalAndAdministrativeExpenses": 0,
    "sellingAndMarketingExpenses": 0,
    "sellingGeneralAndAdministrativeExpenses": 1052000000,
    "otherExpenses": -17000000,
    "operatingExpenses": 1185000000,
    "costAndExpenses": 3544000000,
    "interestIncome": 3000000,
    "interestExpense": 88000000,
    "depreciationAndAmortization": 380000000,
    "ebitda": 562000000,
    "ebitdaratio": 0.1516050715,
    "operatingIncome": 163000000,
    "operatingIncomeRatio": 0.0439708659,
    "totalOtherIncomeExpensesNet": -69000000,
    "incomeBeforeTax": 94000000,
    "incomeBeforeTaxRatio": 0.0253574319,
    "incomeTaxExpense": 21000000,
    "netIncome": 71000000,
    "netIncomeRatio": 0.0191529539,
    "eps": 0.14,
    "epsdiluted": 0.14,
    "weightedAverageShsOut": 503000000,
    "weightedAverageShsOutDil": 509000000,
    "link": "https://www.sec.gov/Archives/edgar/data/10456/000162828022010922/0001628280-22-010922-index.htm",
    "finalLink": "https://www.sec.gov/Archives/edgar/data/10456/000162828022010922/bax-20220331.htm"
  },
  {
    "date": "2021-12-31",
    "symbol": "BAX",
    "reportedCurrency": "USD",
    "cik": "0000010456",
    "fillingDate": "2022-02-23",
    "acceptedDate": "2022-02-23 08:33:25",
    "calendarYear": "2021",
    "period": "Q4",
    "revenue": 3514000000,
    "costOfRevenue": 2108000000,
    "grossProfit": 1406000000,
    "grossProfitRatio": 0.4001138304,
    "researchAndDevelopmentExpenses": 138000000,
    "generalAndAdministrativeExpenses": 0,
    "sellingAndMarketingExpenses": 0,
    "sellingGeneralAndAdministrativeExpenses": 885000000,
    "otherExpenses": 0,
    "operatingExpenses": 1023000000,
    "costAndExpenses": 3131000000,
    "interestIncome": 4000000,
    "interestExpense": 78000000,
    "depreciationAndAmortization": 245000000,
    "ebitda": 606000000,
    "ebitdaratio": 0.172453045,
    "operatingIncome": 383000000,
    "operatingIncomeRatio": 0.108992601,
    "totalOtherIncomeExpensesNet": -100000000,
    "incomeBeforeTax": 283000000,
    "incomeBeforeTaxRatio": 0.0805350028,
    "incomeTaxExpense": 41000000,
    "netIncome": 238000000,
    "netIncomeRatio": 0.0677290837,
    "eps": 0.48,
    "epsdiluted": 0.47,
    "weightedAverageShsOut": 501000000,
    "weightedAverageShsOutDil": 507000000,
    "link": "https://www.sec.gov/Archives/edgar/data/10456/000162828022003432/0001628280-22-003432-index.htm",
    "finalLink": "https://www.sec.gov/Archives/edgar/data/10456/000162828022003432/bax-20211231.htm"
  },
  {
    "date": "2021-09-30",
    "symbol": "BAX",
    "reportedCurrency": "USD",
    "cik": "0000010456",
    "fillingDate": "2021-10-28",
    "acceptedDate": "2021-10-28 07:28:45",
    "calendarYear": "2021",
    "period": "Q3",
    "revenue": 3226000000,
    "costOfRevenue": 1905000000,
    "grossProfit": 1321000000,
    "grossProfitRatio": 0.4094854309,
    "researchAndDevelopmentExpenses": 129000000,
    "generalAndAdministrativeExpenses": 680000000,
    "sellingAndMarketingExpenses": 0,
    "sellingGeneralAndAdministrativeExpenses": 680000000,
    "otherExpenses": -1000000,
    "operatingExpenses": 808000000,
    "costAndExpenses": 2713000000,
    "interestIncome": 4000000,
    "interestExpense": 54000000,
    "depreciationAndAmortization": 206000000,
    "ebitda": 711000000,
    "ebitdaratio": 0.2203967762,
    "operatingIncome": 513000000,
    "operatingIncomeRatio": 0.1590204588,
    "totalOtherIncomeExpensesNet": -62000000,
    "incomeBeforeTax": 451000000,
    "incomeBeforeTaxRatio": 0.1398016119,
    "incomeTaxExpense": -1000000,
    "netIncome": 450000000,
    "netIncomeRatio": 0.1394916305,
    "eps": 0.9,
    "epsdiluted": 0.89,
    "weightedAverageShsOut": 500000000,
    "weightedAverageShsOutDil": 506000000,
    "link": "https://www.sec.gov/Archives/edgar/data/10456/000162828021020692/0001628280-21-020692-index.htm",
    "finalLink": "https://www.sec.gov/Archives/edgar/data/10456/000162828021020692/bax-20210930.htm"
  },
  {
    "date": "2021-06-30",
    "symbol": "BAX",
    "reportedCurrency": "USD",
    "cik": "0000010456",
    "fillingDate": "2021-07-29",
    "acceptedDate": "2021-07-29 08:08:36",
    "calendarYear": "2021",
    "period": "Q2",
    "revenue": 3098000000,
    "costOfRevenue": 1865000000,
    "grossProfit": 1233000000,
    "grossProfitRatio": 0.3979987088,
    "researchAndDevelopmentExpenses": 139000000,
    "generalAndAdministrativeExpenses": 675000000,
    "sellingAndMarketingExpenses": 0,
    "sellingGeneralAndAdministrativeExpenses": 675000000,
    "otherExpenses": -5000000,
    "operatingExpenses": 809000000,
    "costAndExpenses": 2674000000,
    "interestIncome": 3000000,
    "interestExpense": 37000000,
    "depreciationAndAmortization": 222000000,
    "ebitda": 651000000,
    "ebitdaratio": 0.2101355713,
    "operatingIncome": 424000000,
    "operatingIncomeRatio": 0.1368624919,
    "totalOtherIncomeExpensesNet": -32000000,
    "incomeBeforeTax": 392000000,
    "incomeBeforeTaxRatio": 0.1265332473,
    "incomeTaxExpense": 91000000,
    "netIncome": 298000000,
    "netIncomeRatio": 0.096191091,
    "eps": 0.59,
    "epsdiluted": 0.59,
    "weightedAverageShsOut": 503000000,
    "weightedAverageShsOutDil": 509000000,
    "link": "https://www.sec.gov/Archives/edgar/data/10456/000162828021014825/0001628280-21-014825-index.htm",
    "finalLink": "https://www.sec.gov/Archives/edgar/data/10456/000162828021014825/bax-20210630.htm"
  },
  {
    "date": "2021-03-31",
    "symbol": "BAX",
    "reportedCurrency": "USD",
    "cik": "0000010456",
    "fillingDate": "2021-04-29",
    "acceptedDate": "2021-04-29 07:34:11",
    "calendarYear": "2021",
    "period": "Q1",
    "revenue": 2946000000,
    "costOfRevenue": 1801000000,
    "grossProfit": 1145000000,
    "grossProfitRatio": 0.3886625933,
    "researchAndDevelopmentExpenses": 128000000,
    "generalAndAdministrativeExpenses": 0,
    "sellingAndMarketingExpenses": 0,
    "sellingGeneralAndAdministrativeExpenses": 627000000,
    "otherExpenses": 0,
    "operatingExpenses": 755000000,
    "costAndExpenses": 2556000000,
    "interestIncome": 3000000,
    "interestExpense": 37000000,
    "depreciationAndAmortization": 217000000,
    "ebitda": 605000000,
    "ebitdaratio": 0.2053632043,
    "operatingIncome": 390000000,
    "operatingIncomeRatio": 0.1323828921,
    "totalOtherIncomeExpensesNet": -39000000,
    "incomeBeforeTax": 351000000,
    "incomeBeforeTaxRatio": 0.1191446029,
    "incomeTaxExpense": 51000000,
    "netIncome": 298000000,
    "netIncomeRatio": 0.1011541073,
    "eps": 0.59,
    "epsdiluted": 0.58,
    "weightedAverageShsOut": 505000000,
    "weightedAverageShsOutDil": 511000000,
    "link": "https://www.sec.gov/Archives/edgar/data/10456/000162828021008033/0001628280-21-008033-index.htm",
    "finalLink": "https://www.sec.gov/Archives/edgar/data/10456/000162828021008033/bax-20210331.htm"
  },
  {
    "date": "2020-12-31",
    "symbol": "BAX",
    "reportedCurrency": "USD",
    "cik": "0000010456",
    "fillingDate": "2021-02-11",
    "acceptedDate": "2021-02-11 08:12:00",
    "calendarYear": "2020",
    "period": "Q4",
    "revenue": 3181000000,
    "costOfRevenue": 1990000000,
    "grossProfit": 1191000000,
    "grossProfitRatio": 0.3744105627,
    "researchAndDevelopmentExpenses": 135000000,
    "generalAndAdministrativeExpenses": 650000000,
    "sellingAndMarketingExpenses": 0,
    "sellingGeneralAndAdministrativeExpenses": 650000000,
    "otherExpenses": 0,
    "operatingExpenses": 785000000,
    "costAndExpenses": 2775000000,
    "interestIncome": 3000000,
    "interestExpense": 41000000,
    "depreciationAndAmortization": 213000000,
    "ebitda": 464000000,
    "ebitdaratio": 0.1458660798,
    "operatingIncome": 406000000,
    "operatingIncomeRatio": 0.1276328199,
    "totalOtherIncomeExpensesNet": -196000000,
    "incomeBeforeTax": 210000000,
    "incomeBeforeTaxRatio": 0.0660169758,
    "incomeTaxExpense": 39000000,
    "netIncome": 168000000,
    "netIncomeRatio": 0.0528135806,
    "eps": 0.33,
    "epsdiluted": 0.33,
    "weightedAverageShsOut": 510000000,
    "weightedAverageShsOutDil": 516000000,
    "link": "https://www.sec.gov/Archives/edgar/data/10456/000162828021001867/0001628280-21-001867-index.htm",
    "finalLink": "https://www.sec.gov/Archives/edgar/data/10456/000162828021001867/bax-20201231.htm"
  },
  {
    "date": "2020-09-30",
    "symbol": "BAX",
    "reportedCurrency": "USD",
    "cik": "0000010456",
    "fillingDate": "2020-10-29",
    "acceptedDate": "2020-10-29 07:22:35",
    "calendarYear": "2020",
    "period": "Q3",
    "revenue": 2972000000,
    "costOfRevenue": 1777000000,
    "grossProfit": 1195000000,
    "grossProfitRatio": 0.4020861373,
    "researchAndDevelopmentExpenses": 123000000,
    "generalAndAdministrativeExpenses": 601000000,
    "sellingAndMarketingExpenses": 0,
    "sellingGeneralAndAdministrativeExpenses": 601000000,
    "otherExpenses": 1000000,
    "operatingExpenses": 725000000,
    "costAndExpenses": 2502000000,
    "interestIncome": 3000000,
    "interestExpense": 42000000,
    "depreciationAndAmortization": 209000000,
    "ebitda": 666000000,
    "ebitdaratio": 0.2240915209,
    "operatingIncome": 470000000,
    "operatingIncomeRatio": 0.1581426649,
    "totalOtherIncomeExpensesNet": -55000000,
    "incomeBeforeTax": 415000000,
    "incomeBeforeTaxRatio": 0.1396366083,
    "incomeTaxExpense": 56000000,
    "netIncome": 356000000,
    "netIncomeRatio": 0.1197846568,
    "eps": 0.7,
    "epsdiluted": 0.69,
    "weightedAverageShsOut": 511000000,
    "weightedAverageShsOutDil": 518000000,
    "link": "https://www.sec.gov/Archives/edgar/data/10456/000162828020015042/0001628280-20-015042-index.htm",
    "finalLink": "https://www.sec.gov/Archives/edgar/data/10456/000162828020015042/bax-20200930.htm"
  },
  {
    "date": "2020-06-30",
    "symbol": "BAX",
    "reportedCurrency": "USD",
    "cik": "0000010456",
    "fillingDate": "2020-07-30",
    "acceptedDate": "2020-07-30 07:26:10",
    "calendarYear": "2020",
    "period": "Q2",
    "revenue": 2718000000,
    "costOfRevenue": 1680000000,
    "grossProfit": 1038000000,
    "grossProfitRatio": 0.3818984547,
    "researchAndDevelopmentExpenses": 117000000,
    "generalAndAdministrativeExpenses": 590000000,
    "sellingAndMarketingExpenses": 0,
    "sellingGeneralAndAdministrativeExpenses": 590000000,
    "otherExpenses": 0,
    "operatingExpenses": 707000000,
    "costAndExpenses": 2387000000,
    "interestIncome": 4000000,
    "interestExpense": 40000000,
    "depreciationAndAmortization": 202000000,
    "ebitda": 531000000,
    "ebitdaratio": 0.1953642384,
    "operatingIncome": 331000000,
    "operatingIncomeRatio": 0.1217807211,
    "totalOtherIncomeExpensesNet": -42000000,
    "incomeBeforeTax": 289000000,
    "incomeBeforeTaxRatio": 0.1063281825,
    "incomeTaxExpense": 42000000,
    "netIncome": 246000000,
    "netIncomeRatio": 0.0905077263,
    "eps": 0.48,
    "epsdiluted": 0.48,
    "weightedAverageShsOut": 509000000,
    "weightedAverageShsOutDil": 517000000,
    "link": "https://www.sec.gov/Archives/edgar/data/10456/000162828020010911/0001628280-20-010911-index.htm",
    "finalLink": "https://www.sec.gov/Archives/edgar/data/10456/000162828020010911/bax-20200630.htm"
  },
  {
    "date": "2020-03-31",
    "symbol": "BAX",
    "reportedCurrency": "USD",
    "cik": "0000010456",
    "fillingDate": "2020-04-30",
    "acceptedDate": "2020-04-30 07:23:21",
    "calendarYear": "2020",
    "period": "Q1",
    "revenue": 2802000000,
    "costOfRevenue": 1639000000,
    "grossProfit": 1163000000,
    "grossProfitRatio": 0.4150606709,
    "researchAndDevelopmentExpenses": 146000000,
    "generalAndAdministrativeExpenses": 628000000,
    "sellingAndMarketingExpenses": 0,
    "sellingGeneralAndAdministrativeExpenses": 628000000,
    "otherExpenses": -20000000,
    "operatingExpenses": 754000000,
    "costAndExpenses": 2393000000,
    "interestIncome": 9000000,
    "interestExpense": 30000000,
    "depreciationAndAmortization": 199000000,
    "ebitda": 607000000,
    "ebitdaratio": 0.2166309779,
    "operatingIncome": 409000000,
    "operatingIncomeRatio": 0.1459671663,
    "totalOtherIncomeExpensesNet": -31000000,
    "incomeBeforeTax": 378000000,
    "incomeBeforeTaxRatio": 0.1349036403,
    "incomeTaxExpense": 45000000,
    "netIncome": 332000000,
    "netIncomeRatio": 0.1184867951,
    "eps": 0.65,
    "epsdiluted": 0.64,
    "weightedAverageShsOut": 507000000,
    "weightedAverageShsOutDil": 516000000,
    "link": "https://www.sec.gov/Archives/edgar/data/10456/000162828020005903/0001628280-20-005903-index.htm",
    "finalLink": "https://www.sec.gov/Archives/edgar/data/10456/000162828020005903/bax-20200331.htm"
  },
  {
    "date": "2019-12-31",
    "symbol": "BAX",
    "reportedCurrency": "USD",
    "cik": "0000010456",
    "fillingDate": "2020-03-17",
    "acceptedDate": "2020-03-17 07:12:46",
    "calendarYear": "2019",
    "period": "Q4",
    "revenue": 3039000000,
    "costOfRevenue": 1741000000,
    "grossProfit": 1298000000,
    "grossProfitRatio": 0.4271141823,
    "researchAndDevelopmentExpenses": 156000000,
    "generalAndAdministrativeExpenses": 666000000,
    "sellingAndMarketingExpenses": 0,
    "sellingGeneralAndAdministrativeExpenses": 666000000,
    "otherExpenses": -60000000,
    "operatingExpenses": 762000000,
    "costAndExpenses": 2503000000,
    "interestIncome": 10000000,
    "interestExpense": 30000000,
    "depreciationAndAmortization": 209000000,
    "ebitda": 16000000,
    "ebitdaratio": 0.0052648898,
    "operatingIncome": 536000000,
    "operatingIncomeRatio": 0.1763738072,
    "totalOtherIncomeExpensesNet": -759000000,
    "incomeBeforeTax": -223000000,
    "incomeBeforeTaxRatio": -0.0733794011,
    "incomeTaxExpense": -204000000,
    "netIncome": -23000000,
    "netIncomeRatio": -0.007568279,
    "eps": -0.0454,
    "epsdiluted": -0.0446,
    "weightedAverageShsOut": 507000000,
    "weightedAverageShsOutDil": 516000000,
    "link": "https://www.sec.gov/Archives/edgar/data/10456/000162828020003693/0001628280-20-003693-index.htm",
    "finalLink": "https://www.sec.gov/Archives/edgar/data/10456/000162828020003693/bax-20191231.htm"
  },
  {
    "date": "2019-09-30",
    "symbol": "BAX",
    "reportedCurrency": "USD",
    "cik": "0000010456",
    "fillingDate": "2020-03-17",
    "acceptedDate": "2020-03-17 07:03:09",
    "calendarYear": "2019",
    "period": "Q3",
    "revenue": 2851000000,
    "costOfRevenue": 1621000000,
    "grossProfit": 1230000000,
    "grossProfitRatio": 0.4314275693,
    "researchAndDevelopmentExpenses": 144000000,
    "generalAndAdministrativeExpenses": 627000000,
    "sellingAndMarketingExpenses": 0,
    "sellingGeneralAndAdministrativeExpenses": 627000000,
    "otherExpenses": -44000000,
    "operatingExpenses": 727000000,
    "costAndExpenses": 2348000000,
    "interestIncome": 15000000,
    "interestExpense": 28000000,
    "depreciationAndAmortization": 195000000,
    "ebitda": 704000000,
    "ebitdaratio": 0.2469309014,
    "operatingIncome": 503000000,
    "operatingIncomeRatio": 0.176429323,
    "totalOtherIncomeExpensesNet": -22000000,
    "incomeBeforeTax": 481000000,
    "incomeBeforeTaxRatio": 0.1687127324,
    "incomeTaxExpense": 106000000,
    "netIncome": 369000000,
    "netIncomeRatio": 0.1294282708,
    "eps": 0.72,
    "epsdiluted": 0.71,
    "weightedAverageShsOut": 511000000,
    "weightedAverageShsOutDil": 520000000,
    "link": "https://www.sec.gov/Archives/edgar/data/10456/000162828020003692/0001628280-20-003692-index.htm",
    "finalLink": "https://www.sec.gov/Archives/edgar/data/10456/000162828020003692/bax-20190930.htm"
  },
  {
    "date": "2019-06-30",
    "symbol": "BAX",
    "reportedCurrency": "USD",
    "cik": "0000010456",
    "fillingDate": "2019-07-30",
    "acceptedDate": "2019-07-30 16:39:33",
    "calendarYear": "2019",
    "period": "Q2",
    "revenue": 2834000000,
    "costOfRevenue": 1681000000,
    "grossProfit": 1153000000,
    "grossProfitRatio": 0.4068454481,
    "researchAndDevelopmentExpenses": 166000000,
    "generalAndAdministrativeExpenses": 641000000,
    "sellingAndMarketingExpenses": 0,
    "sellingGeneralAndAdministrativeExpenses": 641000000,
    "otherExpenses": -4000000,
    "operatingExpenses": 803000000,
    "costAndExpenses": 2484000000,
    "interestIncome": 8000000,
    "interestExpense": 28000000,
    "depreciationAndAmortization": 193000000,
    "ebitda": 547000000,
    "ebitdaratio": 0.1930134086,
    "operatingIncome": 350000000,
    "operatingIncomeRatio": 0.1235003529,
    "totalOtherIncomeExpensesNet": -24000000,
    "incomeBeforeTax": 326000000,
    "incomeBeforeTaxRatio": 0.1150317572,
    "incomeTaxExpense": 13000000,
    "netIncome": 313000000,
    "netIncomeRatio": 0.1104446013,
    "eps": 0.61,
    "epsdiluted": 0.6,
    "weightedAverageShsOut": 510000000,
    "weightedAverageShsOutDil": 519000000,
    "link": "https://www.sec.gov/Archives/edgar/data/10456/000156459019027020/0001564590-19-027020-index.htm",
    "finalLink": "https://www.sec.gov/Archives/edgar/data/10456/000156459019027020/bax-10q_20190630.htm"
  },
  {
    "date": "2019-03-31",
    "symbol": "BAX",
    "reportedCurrency": "USD",
    "cik": "0000010456",
    "fillingDate": "2019-05-08",
    "acceptedDate": "2019-05-07 17:55:55",
    "calendarYear": "2019",
    "period": "Q1",
    "revenue": 2638000000,
    "costOfRevenue": 1558000000,
    "grossProfit": 1080000000,
    "grossProfitRatio": 0.4094010614,
    "researchAndDevelopmentExpenses": 129000000,
    "generalAndAdministrativeExpenses": 601000000,
    "sellingAndMarketingExpenses": 0,
    "sellingGeneralAndAdministrativeExpenses": 601000000,
    "otherExpenses": -33000000,
    "operatingExpenses": 697000000,
    "costAndExpenses": 2255000000,
    "interestIncome": 7000000,
    "interestExpense": 25000000,
    "depreciationAndAmortization": 192000000,
    "ebitda": 603000000,
    "ebitdaratio": 0.2285822593,
    "operatingIncome": 383000000,
    "operatingIncomeRatio": 0.1451857468,
    "totalOtherIncomeExpensesNet": 3000000,
    "incomeBeforeTax": 386000000,
    "incomeBeforeTaxRatio": 0.1463229719,
    "incomeTaxExpense": 44000000,
    "netIncome": 342000000,
    "netIncomeRatio": 0.1296436694,
    "eps": 0.67,
    "epsdiluted": 0.66,
    "weightedAverageShsOut": 512000000,
    "weightedAverageShsOutDil": 522000000,
    "link": "https://www.sec.gov/Archives/edgar/data/10456/000156459019016660/0001564590-19-016660-index.htm",
    "finalLink": "https://www.sec.gov/Archives/edgar/data/10456/000156459019016660/bax-10q_20190331.htm"
  },
  {
    "date": "2018-12-31",
    "symbol": "BAX",
    "reportedCurrency": "USD",
    "cik": "0000010456",
    "fillingDate": "2019-02-21",
    "acceptedDate": "2019-02-21 17:29:43",
    "calendarYear": "2018",
    "period": "Q4",
    "revenue": 2841000000,
    "costOfRevenue": 1649000000,
    "grossProfit": 1192000000,
    "grossProfitRatio": 0.4195705737,
    "researchAndDevelopmentExpenses": 175000000,
    "generalAndAdministrativeExpenses": 0,
    "sellingAndMarketingExpenses": 629000000,
    "sellingGeneralAndAdministrativeExpenses": 629000000,
    "otherExpenses": -10000000,
    "operatingExpenses": 794000000,
    "costAndExpenses": 2443000000,
    "interestIncome": 12000000,
    "interestExpense": 23000000,
    "depreciationAndAmortization": 191000000,
    "ebitda": 659000000,
    "ebitdaratio": 0.2319605773,
    "operatingIncome": 398000000,
    "operatingIncomeRatio": 0.1400915171,
    "totalOtherIncomeExpensesNet": 47000000,
    "incomeBeforeTax": 445000000,
    "incomeBeforeTaxRatio": 0.1566349877,
    "incomeTaxExpense": 91000000,
    "netIncome": 348000000,
    "netIncomeRatio": 0.1224920803,
    "eps": 0.66,
    "epsdiluted": 0.65,
    "weightedAverageShsOut": 528000000,
    "weightedAverageShsOutDil": 538000000,
    "link": "https://www.sec.gov/Archives/edgar/data/10456/000156459019003727/0001564590-19-003727-index.htm",
    "finalLink": "https://www.sec.gov/Archives/edgar/data/10456/000156459019003727/bax-10k_20181231.htm"
  },
  {
    "date": "2018-09-30",
    "symbol": "BAX",
    "reportedCurrency": "USD",
    "cik": "0000010456",
    "fillingDate": "2018-11-05",
    "acceptedDate": "2018-11-05 17:18:12",
    "calendarYear": "2018",
    "period": "Q3",
    "revenue": 2761000000,
    "costOfRevenue": 1529000000,
    "grossProfit": 1232000000,
    "grossProfitRatio": 0.4462151394,
    "researchAndDevelopmentExpenses": 166000000,
    "generalAndAdministrativeExpenses": 684000000,
    "sellingAndMarketingExpenses": 0,
    "sellingGeneralAndAdministrativeExpenses": 684000000,
    "otherExpenses": 0,
    "operatingExpenses": 850000000,
    "costAndExpenses": 2379000000,
    "interestIncome": 13000000,
    "interestExpense": 24000000,
    "depreciationAndAmortization": 199000000,
    "ebitda": 595000000,
    "ebitdaratio": 0.2155016298,
    "operatingIncome": 382000000,
    "operatingIncomeRatio": 0.1383556682,
    "totalOtherIncomeExpensesNet": -10000000,
    "incomeBeforeTax": 372000000,
    "incomeBeforeTaxRatio": 0.1347337921,
    "incomeTaxExpense": -146000000,
    "netIncome": 518000000,
    "netIncomeRatio": 0.1876131836,
    "eps": 0.97,
    "epsdiluted": 0.95,
    "weightedAverageShsOut": 534000000,
    "weightedAverageShsOutDil": 546000000,
    "link": "https://www.sec.gov/Archives/edgar/data/10456/000156459018026904/0001564590-18-026904-index.htm",
    "finalLink": "https://www.sec.gov/Archives/edgar/data/10456/000156459018026904/bax-10q_20180930.htm"
  },
  {
    "date": "2018-06-30",
    "symbol": "BAX",
    "reportedCurrency": "USD",
    "cik": "0000010456",
    "fillingDate": "2018-08-06",
    "acceptedDate": "2018-08-06 16:12:12",
    "calendarYear": "2018",
    "period": "Q2",
    "revenue": 2842000000,
    "costOfRevenue": 1603000000,
    "grossProfit": 1239000000,
    "grossProfitRatio": 0.4359605911,
    "researchAndDevelopmentExpenses": 174000000,
    "generalAndAdministrativeExpenses": 0,
    "sellingAndMarketingExpenses": 681000000,
    "sellingGeneralAndAdministrativeExpenses": 681000000,
    "otherExpenses": 0,
    "operatingExpenses": 855000000,
    "costAndExpenses": 2458000000,
    "interestIncome": 13000000,
    "interestExpense": 24000000,
    "depreciationAndAmortization": 195000000,
    "ebitda": 623000000,
    "ebitdaratio": 0.2192118227,
    "operatingIncome": 384000000,
    "operatingIncomeRatio": 0.1351161154,
    "totalOtherIncomeExpensesNet": 20000000,
    "incomeBeforeTax": 404000000,
    "incomeBeforeTaxRatio": 0.1421534131,
    "incomeTaxExpense": 61000000,
    "netIncome": 343000000,
    "netIncomeRatio": 0.1206896552,
    "eps": 0.64,
    "epsdiluted": 0.63,
    "weightedAverageShsOut": 535000000,
    "weightedAverageShsOutDil": 547000000,
    "link": "https://www.sec.gov/Archives/edgar/data/10456/000156459018019429/0001564590-18-019429-index.htm",
    "finalLink": "https://www.sec.gov/Archives/edgar/data/10456/000156459018019429/bax-10q_20180630.htm"
  },
  {
    "date": "2018-03-31",
    "symbol": "BAX",
    "reportedCurrency": "USD",
    "cik": "0000010456",
    "fillingDate": "2018-05-09",
    "acceptedDate": "2018-05-09 16:30:43",
    "calendarYear": "2018",
    "period": "Q1",
    "revenue": 2677000000,
    "costOfRevenue": 1563000000,
    "grossProfit": 1114000000,
    "grossProfitRatio": 0.4161374673,
    "researchAndDevelopmentExpenses": 140000000,
    "generalAndAdministrativeExpenses": 0,
    "sellingAndMarketingExpenses": 622000000,
    "sellingGeneralAndAdministrativeExpenses": 622000000,
    "otherExpenses": -80000000,
    "operatingExpenses": 682000000,
    "costAndExpenses": 2245000000,
    "interestIncome": 10000000,
    "interestExpense": 22000000,
    "depreciationAndAmortization": 192000000,
    "ebitda": 652000000,
    "ebitdaratio": 0.2435562196,
    "operatingIncome": 432000000,
    "operatingIncomeRatio": 0.1613746731,
    "totalOtherIncomeExpensesNet": 6000000,
    "incomeBeforeTax": 438000000,
    "incomeBeforeTaxRatio": 0.163615988,
    "incomeTaxExpense": 49000000,
    "netIncome": 389000000,
    "netIncomeRatio": 0.1453119163,
    "eps": 0.72,
    "epsdiluted": 0.71,
    "weightedAverageShsOut": 539000000,
    "weightedAverageShsOutDil": 551000000,
    "link": "https://www.sec.gov/Archives/edgar/data/10456/000156459018012452/0001564590-18-012452-index.htm",
    "finalLink": "https://www.sec.gov/Archives/edgar/data/10456/000156459018012452/bax-10q_20180331.htm"
  },
  {
    "date": "2017-12-31",
    "symbol": "BAX",
    "reportedCurrency": "USD",
    "cik": "0000010456",
    "fillingDate": "2018-02-23",
    "acceptedDate": "2018-02-23 06:04:09",
    "calendarYear": "2017",
    "period": "Q4",
    "revenue": 2774000000,
    "costOfRevenue": 1612000000,
    "grossProfit": 1162000000,
    "grossProfitRatio": 0.41888969,
    "researchAndDevelopmentExpenses": 182000000,
    "generalAndAdministrativeExpenses": 0,
    "sellingAndMarketingExpenses": 697000000,
    "sellingGeneralAndAdministrativeExpenses": 697000000,
    "otherExpenses": 0,
    "operatingExpenses": 879000000,
    "costAndExpenses": 2491000000,
    "interestIncome": 9000000,
    "interestExpense": 23000000,
    "depreciationAndAmortization": 199000000,
    "ebitda": 515000000,
    "ebitdaratio": 0.1856524874,
    "operatingIncome": 283000000,
    "operatingIncomeRatio": 0.1020187455,
    "totalOtherIncomeExpensesNet": 10000000,
    "incomeBeforeTax": 293000000,
    "incomeBeforeTaxRatio": 0.1056236482,
    "incomeTaxExpense": 354000000,
    "netIncome": -71000000,
    "netIncomeRatio": -0.0255948089,
    "eps": -0.13,
    "epsdiluted": -0.13,
    "weightedAverageShsOut": 543000000,
    "weightedAverageShsOutDil": 556000000,
    "link": "https://www.sec.gov/Archives/edgar/data/10456/000156459018002954/0001564590-18-002954-index.htm",
    "finalLink": "https://www.sec.gov/Archives/edgar/data/10456/000156459018002954/bax-10k_20171231.htm"
  },
  {
    "date": "2017-09-30",
    "symbol": "BAX",
    "reportedCurrency": "USD",
    "cik": "0000010456",
    "fillingDate": "2017-11-02",
    "acceptedDate": "2017-11-02 16:34:25",
    "calendarYear": "2017",
    "period": "Q3",
    "revenue": 2707000000,
    "costOfRevenue": 1577000000,
    "grossProfit": 1130000000,
    "grossProfitRatio": 0.4174362763,
    "researchAndDevelopmentExpenses": 150000000,
    "generalAndAdministrativeExpenses": 0,
    "sellingAndMarketingExpenses": 680000000,
    "sellingGeneralAndAdministrativeExpenses": 680000000,
    "otherExpenses": 0,
    "operatingExpenses": 830000000,
    "costAndExpenses": 2407000000,
    "interestIncome": 8000000,
    "interestExpense": 22000000,
    "depreciationAndAmortization": 184000000,
    "ebitda": 496000000,
    "ebitdaratio": 0.1832286664,
    "operatingIncome": 300000000,
    "operatingIncomeRatio": 0.1108237902,
    "totalOtherIncomeExpensesNet": -10000000,
    "incomeBeforeTax": 290000000,
    "incomeBeforeTaxRatio": 0.1071296638,
    "incomeTaxExpense": 42000000,
    "netIncome": 251000000,
    "netIncomeRatio": 0.0927225711,
    "eps": 0.46,
    "epsdiluted": 0.45,
    "weightedAverageShsOut": 545000000,
    "weightedAverageShsOutDil": 557000000,
    "link": "https://www.sec.gov/Archives/edgar/data/10456/000156459017021241/0001564590-17-021241-index.htm",
    "finalLink": "https://www.sec.gov/Archives/edgar/data/10456/000156459017021241/bax-10q_20170930.htm"
  },
  {
    "date": "2017-06-30",
    "symbol": "BAX",
    "reportedCurrency": "USD",
    "cik": "0000010456",
    "fillingDate": "2017-08-07",
    "acceptedDate": "2017-08-07 16:37:17",
    "calendarYear": "2017",
    "period": "Q2",
    "revenue": 2605000000,
    "costOfRevenue": 1473000000,
    "grossProfit": 1132000000,
    "grossProfitRatio": 0.4345489443,
    "researchAndDevelopmentExpenses": 155000000,
    "generalAndAdministrativeExpenses": 0,
    "sellingAndMarketingExpenses": 630000000,
    "sellingGeneralAndAdministrativeExpenses": 630000000,
    "otherExpenses": 0,
    "operatingExpenses": 785000000,
    "costAndExpenses": 2258000000,
    "interestIncome": 8000000,
    "interestExpense": 21000000,
    "depreciationAndAmortization": 184000000,
    "ebitda": 511000000,
    "ebitdaratio": 0.1961612284,
    "operatingIncome": 347000000,
    "operatingIncomeRatio": 0.1332053743,
    "totalOtherIncomeExpensesNet": -41000000,
    "incomeBeforeTax": 306000000,
    "incomeBeforeTaxRatio": 0.1174664107,
    "incomeTaxExpense": 42000000,
    "netIncome": 265000000,
    "netIncomeRatio": 0.1017274472,
    "eps": 0.49,
    "epsdiluted": 0.48,
    "weightedAverageShsOut": 544000000,
    "weightedAverageShsOutDil": 555000000,
    "link": "https://www.sec.gov/Archives/edgar/data/10456/000156459017016031/0001564590-17-016031-index.htm",
    "finalLink": "https://www.sec.gov/Archives/edgar/data/10456/000156459017016031/bax-10q_20170630.htm"
  },
  {
    "date": "2017-03-31",
    "symbol": "BAX",
    "reportedCurrency": "USD",
    "cik": "0000010456",
    "fillingDate": "2017-05-04",
    "acceptedDate": "2017-05-04 16:40:03",
    "calendarYear": "2017",
    "period": "Q1",
    "revenue": 2475000000,
    "costOfRevenue": 1431000000,
    "grossProfit": 1044000000,
    "grossProfitRatio": 0.4218181818,
    "researchAndDevelopmentExpenses": 127000000,
    "generalAndAdministrativeExpenses": 0,
    "sellingAndMarketingExpenses": 564000000,
    "sellingGeneralAndAdministrativeExpenses": 564000000,
    "otherExpenses": 0,
    "operatingExpenses": 691000000,
    "costAndExpenses": 2122000000,
    "interestIncome": 6000000,
    "interestExpense": 20000000,
    "depreciationAndAmortization": 194000000,
    "ebitda": 542000000,
    "ebitdaratio": 0.218989899,
    "operatingIncome": 353000000,
    "operatingIncomeRatio": 0.1426262626,
    "totalOtherIncomeExpensesNet": -25000000,
    "incomeBeforeTax": 328000000,
    "incomeBeforeTaxRatio": 0.1325252525,
    "incomeTaxExpense": 55000000,
    "netIncome": 272000000,
    "netIncomeRatio": 0.1098989899,
    "eps": 0.5,
    "epsdiluted": 0.49,
    "weightedAverageShsOut": 541000000,
    "weightedAverageShsOutDil": 551000000,
    "link": "https://www.sec.gov/Archives/edgar/data/10456/000156459017008816/0001564590-17-008816-index.htm",
    "finalLink": "https://www.sec.gov/Archives/edgar/data/10456/000156459017008816/bax-10q_20170331.htm"
  },
  {
    "date": "2016-12-31",
    "symbol": "BAX",
    "reportedCurrency": "USD",
    "cik": "0000010456",
    "fillingDate": "2017-02-23",
    "acceptedDate": "2017-02-23 17:01:01",
    "calendarYear": "2016",
    "period": "Q4",
    "revenue": 2645000000,
    "costOfRevenue": 1543000000,
    "grossProfit": 1102000000,
    "grossProfitRatio": 0.4166351607,
    "researchAndDevelopmentExpenses": 157000000,
    "generalAndAdministrativeExpenses": 0,
    "sellingAndMarketingExpenses": 663000000,
    "sellingGeneralAndAdministrativeExpenses": 663000000,
    "otherExpenses": 0,
    "operatingExpenses": 820000000,
    "costAndExpenses": 2363000000,
    "interestIncome": 7000000,
    "interestExpense": 20000000,
    "depreciationAndAmortization": 201000000,
    "ebitda": 500000000,
    "ebitdaratio": 0.1890359168,
    "operatingIncome": 282000000,
    "operatingIncomeRatio": 0.1066162571,
    "totalOtherIncomeExpensesNet": -3000000,
    "incomeBeforeTax": 279000000,
    "incomeBeforeTaxRatio": 0.1054820416,
    "incomeTaxExpense": 39000000,
    "netIncome": 243000000,
    "netIncomeRatio": 0.0918714556,
    "eps": 0.45,
    "epsdiluted": 0.44,
    "weightedAverageShsOut": 541000000,
    "weightedAverageShsOutDil": 551000000,
    "link": "https://www.sec.gov/Archives/edgar/data/10456/000156459017002240/0001564590-17-002240-index.htm",
    "finalLink": "https://www.sec.gov/Archives/edgar/data/10456/000156459017002240/bax-10k_20161231.htm"
  },
  {
    "date": "2016-09-30",
    "symbol": "BAX",
    "reportedCurrency": "USD",
    "cik": "0000010456",
    "fillingDate": "2016-11-07",
    "acceptedDate": "2016-11-07 17:10:11",
    "calendarYear": "2016",
    "period": "Q3",
    "revenue": 2558000000,
    "costOfRevenue": 1487000000,
    "grossProfit": 1071000000,
    "grossProfitRatio": 0.4186864738,
    "researchAndDevelopmentExpenses": 159000000,
    "generalAndAdministrativeExpenses": 0,
    "sellingAndMarketingExpenses": 726000000,
    "sellingGeneralAndAdministrativeExpenses": 726000000,
    "otherExpenses": 0,
    "operatingExpenses": 885000000,
    "costAndExpenses": 2372000000,
    "interestIncome": 6000000,
    "interestExpense": 20000000,
    "depreciationAndAmortization": 204000000,
    "ebitda": 352000000,
    "ebitdaratio": 0.1376075059,
    "operatingIncome": 186000000,
    "operatingIncomeRatio": 0.0727130571,
    "totalOtherIncomeExpensesNet": -58000000,
    "incomeBeforeTax": 128000000,
    "incomeBeforeTaxRatio": 0.050039093,
    "incomeTaxExpense": 1000000,
    "netIncome": 130000000,
    "netIncomeRatio": 0.0508209539,
    "eps": 0.24,
    "epsdiluted": 0.24,
    "weightedAverageShsOut": 544000000,
    "weightedAverageShsOutDil": 551000000,
    "link": "https://www.sec.gov/Archives/edgar/data/10456/000119312516761818/0001193125-16-761818-index.htm",
    "finalLink": "https://www.sec.gov/Archives/edgar/data/10456/000119312516761818/d278869d10q.htm"
  },
  {
    "date": "2016-06-30",
    "symbol": "BAX",
    "reportedCurrency": "USD",
    "cik": "0000010456",
    "fillingDate": "2016-08-04",
    "acceptedDate": "2016-08-04 16:49:15",
    "calendarYear": "2016",
    "period": "Q2",
    "revenue": 2585000000,
    "costOfRevenue": 1613000000,
    "grossProfit": 972000000,
    "grossProfitRatio": 0.3760154739,
    "researchAndDevelopmentExpenses": 195000000,
    "generalAndAdministrativeExpenses": 0,
    "sellingAndMarketingExpenses": 709000000,
    "sellingGeneralAndAdministrativeExpenses": 709000000,
    "otherExpenses": 0,
    "operatingExpenses": 904000000,
    "costAndExpenses": 2517000000,
    "interestIncome": 5000000,
    "interestExpense": 16000000,
    "depreciationAndAmortization": 206000000,
    "ebitda": 1440000000,
    "ebitdaratio": 0.5570599613,
    "operatingIncome": 68000000,
    "operatingIncomeRatio": 0.0263056093,
    "totalOtherIncomeExpensesNet": 1150000000,
    "incomeBeforeTax": 1218000000,
    "incomeBeforeTaxRatio": 0.4711798839,
    "incomeTaxExpense": 6000000,
    "netIncome": 1212000000,
    "netIncomeRatio": 0.4688588008,
    "eps": 2.21,
    "epsdiluted": 2.19,
    "weightedAverageShsOut": 548000000,
    "weightedAverageShsOutDil": 553000000,
    "link": "https://www.sec.gov/Archives/edgar/data/10456/000119312516671951/0001193125-16-671951-index.htm",
    "finalLink": "https://www.sec.gov/Archives/edgar/data/10456/000119312516671951/d219432d10q.htm"
  },
  {
    "date": "2016-03-31",
    "symbol": "BAX",
    "reportedCurrency": "USD",
    "cik": "0000010456",
    "fillingDate": "2016-05-06",
    "acceptedDate": "2016-05-06 16:13:47",
    "calendarYear": "2016",
    "period": "Q1",
    "revenue": 2375000000,
    "costOfRevenue": 1410000000,
    "grossProfit": 965000000,
    "grossProfitRatio": 0.4063157895,
    "researchAndDevelopmentExpenses": 136000000,
    "generalAndAdministrativeExpenses": 0,
    "sellingAndMarketingExpenses": 641000000,
    "sellingGeneralAndAdministrativeExpenses": 641000000,
    "otherExpenses": 0,
    "operatingExpenses": 777000000,
    "costAndExpenses": 2187000000,
    "interestIncome": 5000000,
    "interestExpense": 33000000,
    "depreciationAndAmortization": 189000000,
    "ebitda": 3551000000,
    "ebitdaratio": 1.4951578947,
    "operatingIncome": 188000000,
    "operatingIncomeRatio": 0.0791578947,
    "totalOtherIncomeExpensesNet": 3141000000,
    "incomeBeforeTax": 3329000000,
    "incomeBeforeTaxRatio": 1.4016842105,
    "incomeTaxExpense": -58000000,
    "netIncome": 3380000000,
    "netIncomeRatio": 1.4231578947,
    "eps": 6.16,
    "epsdiluted": 6.12,
    "weightedAverageShsOut": 549000000,
    "weightedAverageShsOutDil": 552000000,
    "link": "https://www.sec.gov/Archives/edgar/data/10456/000119312516582011/0001193125-16-582011-index.htm",
    "finalLink": "https://www.sec.gov/Archives/edgar/data/10456/000119312516582011/d177067d10q.htm"
  },
  {
    "date": "2015-12-31",
    "symbol": "BAX",
    "reportedCurrency": "USD",
    "cik": "0000010456",
    "fillingDate": "2016-02-26",
    "acceptedDate": "2016-02-26 07:33:24",
    "calendarYear": "2015",
    "period": "Q4",
    "revenue": 2603000000,
    "costOfRevenue": 1531000000,
    "grossProfit": 1072000000,
    "grossProfitRatio": 0.411832501,
    "researchAndDevelopmentExpenses": 161000000,
    "generalAndAdministrativeExpenses": 0,
    "sellingAndMarketingExpenses": 733000000,
    "sellingGeneralAndAdministrativeExpenses": 733000000,
    "otherExpenses": 0,
    "operatingExpenses": 894000000,
    "costAndExpenses": 2425000000,
    "interestIncome": 5000000,
    "interestExpense": 37000000,
    "depreciationAndAmortization": 166000000,
    "ebitda": 408000000,
    "ebitdaratio": 0.1567422205,
    "operatingIncome": 178000000,
    "operatingIncomeRatio": 0.0683826354,
    "totalOtherIncomeExpensesNet": 27000000,
    "incomeBeforeTax": 205000000,
    "incomeBeforeTaxRatio": 0.0787552824,
    "incomeTaxExpense": 22000000,
    "netIncome": 205000000,
    "netIncomeRatio": 0.0787552824,
    "eps": 0.37,
    "epsdiluted": 0.37,
    "weightedAverageShsOut": 547000000,
    "weightedAverageShsOutDil": 550000000,
    "link": "https://www.sec.gov/Archives/edgar/data/10456/000119312516479471/0001193125-16-479471-index.htm",
    "finalLink": "https://www.sec.gov/Archives/edgar/data/10456/000119312516479471/d213870d10k.htm"
  },
  {
    "date": "2015-09-30",
    "symbol": "BAX",
    "reportedCurrency": "USD",
    "cik": "0000010456",
    "fillingDate": "2015-11-09",
    "acceptedDate": "2015-11-09 07:03:25",
    "calendarYear": "2015",
    "period": "Q3",
    "revenue": 2487000000,
    "costOfRevenue": 1453000000,
    "grossProfit": 1034000000,
    "grossProfitRatio": 0.4157619622,
    "researchAndDevelopmentExpenses": 148000000,
    "generalAndAdministrativeExpenses": 0,
    "sellingAndMarketingExpenses": 794000000,
    "sellingGeneralAndAdministrativeExpenses": 794000000,
    "otherExpenses": 0,
    "operatingExpenses": 942000000,
    "costAndExpenses": 2395000000,
    "interestIncome": 4000000,
    "interestExpense": 38000000,
    "depreciationAndAmortization": 216000000,
    "ebitda": 221000000,
    "ebitdaratio": 0.0888620828,
    "operatingIncome": 92000000,
    "operatingIncomeRatio": 0.0369923603,
    "totalOtherIncomeExpensesNet": -125000000,
    "incomeBeforeTax": -33000000,
    "incomeBeforeTaxRatio": -0.0132689988,
    "incomeTaxExpense": -35000000,
    "netIncome": 1000000,
    "netIncomeRatio": 0.0004020909,
    "eps": 0.0018,
    "epsdiluted": 0.0018,
    "weightedAverageShsOut": 546000000,
    "weightedAverageShsOutDil": 549000000,
    "link": "https://www.sec.gov/Archives/edgar/data/10456/000119312515370979/0001193125-15-370979-index.htm",
    "finalLink": "https://www.sec.gov/Archives/edgar/data/10456/000119312515370979/d29638d10q.htm"
  },
  {
    "date": "2015-06-30",
    "symbol": "BAX",
    "reportedCurrency": "USD",
    "cik": "0000010456",
    "fillingDate": "2015-08-07",
    "acceptedDate": "2015-08-07 16:59:08",
    "calendarYear": "2015",
    "period": "Q2",
    "revenue": 2475000000,
    "costOfRevenue": 1454000000,
    "grossProfit": 1021000000,
    "grossProfitRatio": 0.4125252525,
    "researchAndDevelopmentExpenses": 151000000,
    "generalAndAdministrativeExpenses": 0,
    "sellingAndMarketingExpenses": 783000000,
    "sellingGeneralAndAdministrativeExpenses": 783000000,
    "otherExpenses": 0,
    "operatingExpenses": 934000000,
    "costAndExpenses": 2388000000,
    "interestIncome": 6000000,
    "interestExpense": 36000000,
    "depreciationAndAmortization": 190000000,
    "ebitda": 334000000,
    "ebitdaratio": 0.1349494949,
    "operatingIncome": 87000000,
    "operatingIncomeRatio": 0.0351515152,
    "totalOtherIncomeExpensesNet": 21000000,
    "incomeBeforeTax": 108000000,
    "incomeBeforeTaxRatio": 0.0436363636,
    "incomeTaxExpense": 34000000,
    "netIncome": 332000000,
    "netIncomeRatio": 0.1341414141,
    "eps": 0.61,
    "epsdiluted": 0.6,
    "weightedAverageShsOut": 544000000,
    "weightedAverageShsOutDil": 549000000,
    "link": "https://www.sec.gov/Archives/edgar/data/10456/000119312515283204/0001193125-15-283204-index.htm",
    "finalLink": "https://www.sec.gov/Archives/edgar/data/10456/000119312515283204/d19806d10q.htm"
  },
  {
    "date": "2015-03-31",
    "symbol": "BAX",
    "reportedCurrency": "USD",
    "cik": "0000010456",
    "fillingDate": "2015-05-06",
    "acceptedDate": "2015-05-06 17:23:03",
    "calendarYear": "2015",
    "period": "Q1",
    "revenue": 2403000000,
    "costOfRevenue": 1384000000,
    "grossProfit": 1019000000,
    "grossProfitRatio": 0.4240532667,
    "researchAndDevelopmentExpenses": 143000000,
    "generalAndAdministrativeExpenses": 0,
    "sellingAndMarketingExpenses": 784000000,
    "sellingGeneralAndAdministrativeExpenses": 784000000,
    "otherExpenses": 0,
    "operatingExpenses": 927000000,
    "costAndExpenses": 2311000000,
    "interestIncome": 5000000,
    "interestExpense": 35000000,
    "depreciationAndAmortization": 187000000,
    "ebitda": 370000000,
    "ebitdaratio": 0.1539741989,
    "operatingIncome": 92000000,
    "operatingIncomeRatio": 0.0382854765,
    "totalOtherIncomeExpensesNet": 56000000,
    "incomeBeforeTax": 148000000,
    "incomeBeforeTaxRatio": 0.0615896796,
    "incomeTaxExpense": 14000000,
    "netIncome": 430000000,
    "netIncomeRatio": 0.1789429879,
    "eps": 0.79,
    "epsdiluted": 0.78,
    "weightedAverageShsOut": 543000000,
    "weightedAverageShsOutDil": 548000000,
    "link": "https://www.sec.gov/Archives/edgar/data/10456/000119312515174880/0001193125-15-174880-index.htm",
    "finalLink": "https://www.sec.gov/Archives/edgar/data/10456/000119312515174880/d903183d10q.htm"
  },
  {
    "date": "2014-12-31",
    "symbol": "BAX",
    "reportedCurrency": "USD",
    "cik": "0000010456",
    "fillingDate": "2015-02-26",
    "acceptedDate": "2015-02-26 16:45:55",
    "calendarYear": "2014",
    "period": "Q4",
    "revenue": 4472000000,
    "costOfRevenue": 2248000000,
    "grossProfit": 2224000000,
    "grossProfitRatio": 0.4973166369,
    "researchAndDevelopmentExpenses": 335000000,
    "generalAndAdministrativeExpenses": 1091000000,
    "sellingAndMarketingExpenses": 1091000000,
    "sellingGeneralAndAdministrativeExpenses": 1091000000,
    "otherExpenses": 0,
    "operatingExpenses": 1426000000,
    "costAndExpenses": 3674000000,
    "interestIncome": 7000000,
    "interestExpense": 36000000,
    "depreciationAndAmortization": 258000000,
    "ebitda": 892000000,
    "ebitdaratio": 0.1994633274,
    "operatingIncome": 798000000,
    "operatingIncomeRatio": 0.1784436494,
    "totalOtherIncomeExpensesNet": -200000000,
    "incomeBeforeTax": 598000000,
    "incomeBeforeTaxRatio": 0.1337209302,
    "incomeTaxExpense": 74000000,
    "netIncome": 953000000,
    "netIncomeRatio": 0.2131037567,
    "eps": 1.76,
    "epsdiluted": 1.74,
    "weightedAverageShsOut": 542000000,
    "weightedAverageShsOutDil": 547000000,
    "link": "https://www.sec.gov/Archives/edgar/data/10456/000119312515065871/0001193125-15-065871-index.htm",
    "finalLink": "https://www.sec.gov/Archives/edgar/data/10456/000119312515065871/d848964d10k.htm"
  },
  {
    "date": "2014-09-30",
    "symbol": "BAX",
    "reportedCurrency": "USD",
    "cik": "0000010456",
    "fillingDate": "2014-10-29",
    "acceptedDate": "2014-10-29 17:05:31",
    "calendarYear": "2014",
    "period": "Q3",
    "revenue": 2709000000,
    "costOfRevenue": 1516000000,
    "grossProfit": 1193000000,
    "grossProfitRatio": 0.4403839055,
    "researchAndDevelopmentExpenses": 149000000,
    "generalAndAdministrativeExpenses": 0,
    "sellingAndMarketingExpenses": 827000000,
    "sellingGeneralAndAdministrativeExpenses": 827000000,
    "otherExpenses": 0,
    "operatingExpenses": 976000000,
    "costAndExpenses": 2492000000,
    "interestIncome": 5000000,
    "interestExpense": 36000000,
    "depreciationAndAmortization": 103000000,
    "ebitda": 341000000,
    "ebitdaratio": 0.1258767073,
    "operatingIncome": 217000000,
    "operatingIncomeRatio": 0.0801033592,
    "totalOtherIncomeExpensesNet": -15000000,
    "incomeBeforeTax": 202000000,
    "incomeBeforeTaxRatio": 0.0745662606,
    "incomeTaxExpense": 27000000,
    "netIncome": 468000000,
    "netIncomeRatio": 0.1727574751,
    "eps": 0.86,
    "epsdiluted": 0.86,
    "weightedAverageShsOut": 542000000,
    "weightedAverageShsOutDil": 547000000,
    "link": "https://www.sec.gov/Archives/edgar/data/10456/000119312514387400/0001193125-14-387400-index.htm",
    "finalLink": "https://www.sec.gov/Archives/edgar/data/10456/000119312514387400/d786143d10q.htm"
  },
  {
    "date": "2014-06-30",
    "symbol": "BAX",
    "reportedCurrency": "USD",
    "cik": "0000010456",
    "fillingDate": "2014-07-30",
    "acceptedDate": "2014-07-30 17:03:04",
    "calendarYear": "2014",
    "period": "Q2",
    "revenue": 4154000000,
    "costOfRevenue": 2185000000,
    "grossProfit": 1969000000,
    "grossProfitRatio": 0.4740009629,
    "researchAndDevelopmentExpenses": 322000000,
    "generalAndAdministrativeExpenses": 0,
    "sellingAndMarketingExpenses": 988000000,
    "sellingGeneralAndAdministrativeExpenses": 988000000,
    "otherExpenses": 0,
    "operatingExpenses": 1310000000,
    "costAndExpenses": 3495000000,
    "interestIncome": 5000000,
    "interestExpense": 47000000,
    "depreciationAndAmortization": 253000000,
    "ebitda": 902000000,
    "ebitdaratio": 0.2171401059,
    "operatingIncome": 659000000,
    "operatingIncomeRatio": 0.1586422725,
    "totalOtherIncomeExpensesNet": -57000000,
    "incomeBeforeTax": 602000000,
    "incomeBeforeTaxRatio": 0.1449205585,
    "incomeTaxExpense": 134000000,
    "netIncome": 520000000,
    "netIncomeRatio": 0.1251805489,
    "eps": 0.96,
    "epsdiluted": 0.95,
    "weightedAverageShsOut": 542000000,
    "weightedAverageShsOutDil": 548000000,
    "link": "https://www.sec.gov/Archives/edgar/data/10456/000119312514287112/0001193125-14-287112-index.htm",
    "finalLink": "https://www.sec.gov/Archives/edgar/data/10456/000119312514287112/d746846d10q.htm"
  },
  {
    "date": "2014-03-31",
    "symbol": "BAX",
    "reportedCurrency": "USD",
    "cik": "0000010456",
    "fillingDate": "2014-04-30",
    "acceptedDate": "2014-04-30 17:06:39",
    "calendarYear": "2014",
    "period": "Q1",
    "revenue": 3848000000,
    "costOfRevenue": 1957000000,
    "grossProfit": 1891000000,
    "grossProfitRatio": 0.4914241164,
    "researchAndDevelopmentExpenses": 309000000,
    "generalAndAdministrativeExpenses": 0,
    "sellingAndMarketingExpenses": 910000000,
    "sellingGeneralAndAdministrativeExpenses": 910000000,
    "otherExpenses": 0,
    "operatingExpenses": 1219000000,
    "costAndExpenses": 3176000000,
    "interestIncome": 5000000,
    "interestExpense": 48000000,
    "depreciationAndAmortization": 236000000,
    "ebitda": 937000000,
    "ebitdaratio": 0.2435031185,
    "operatingIncome": 672000000,
    "operatingIncomeRatio": 0.1746361746,
    "totalOtherIncomeExpensesNet": -19000000,
    "incomeBeforeTax": 653000000,
    "incomeBeforeTaxRatio": 0.1696985447,
    "incomeTaxExpense": 146000000,
    "netIncome": 556000000,
    "netIncomeRatio": 0.1444906445,
    "eps": 1.02,
    "epsdiluted": 1.01,
    "weightedAverageShsOut": 542000000,
    "weightedAverageShsOutDil": 548000000,
    "link": "https://www.sec.gov/Archives/edgar/data/10456/000119312514172755/0001193125-14-172755-index.htm",
    "finalLink": "https://www.sec.gov/Archives/edgar/data/10456/000119312514172755/d702318d10q.htm"
  },
  {
    "date": "2013-12-31",
    "symbol": "BAX",
    "reportedCurrency": "USD",
    "cik": "0000010456",
    "fillingDate": "2014-02-21",
    "acceptedDate": "2014-02-21 07:04:23",
    "calendarYear": "2013",
    "period": "Q4",
    "revenue": 4368000000,
    "costOfRevenue": 2414000000,
    "grossProfit": 1954000000,
    "grossProfitRatio": 0.4473443223,
    "researchAndDevelopmentExpenses": 437000000,
    "generalAndAdministrativeExpenses": 0,
    "sellingAndMarketingExpenses": 1064000000,
    "sellingGeneralAndAdministrativeExpenses": 1064000000,
    "otherExpenses": 0,
    "operatingExpenses": 1501000000,
    "costAndExpenses": 3915000000,
    "interestIncome": 8000000,
    "interestExpense": 49000000,
    "depreciationAndAmortization": 250000000,
    "ebitda": 730000000,
    "ebitdaratio": 0.1671245421,
    "operatingIncome": 453000000,
    "operatingIncomeRatio": 0.1037087912,
    "totalOtherIncomeExpensesNet": -22000000,
    "incomeBeforeTax": 431000000,
    "incomeBeforeTaxRatio": 0.0986721612,
    "incomeTaxExpense": 105000000,
    "netIncome": 326000000,
    "netIncomeRatio": 0.0746336996,
    "eps": 0.6,
    "epsdiluted": 0.59,
    "weightedAverageShsOut": 543000000,
    "weightedAverageShsOutDil": 548000000,
    "link": "https://www.sec.gov/Archives/edgar/data/10456/000119312514061654/0001193125-14-061654-index.htm",
    "finalLink": "https://www.sec.gov/Archives/edgar/data/10456/000119312514061654/d596470d10k.htm"
  },
  {
    "date": "2013-09-30",
    "symbol": "BAX",
    "reportedCurrency": "USD",
    "cik": "0000010456",
    "fillingDate": "2013-10-30",
    "acceptedDate": "2013-10-30 17:07:00",
    "calendarYear": "2013",
    "period": "Q3",
    "revenue": 3710000000,
    "costOfRevenue": 1804000000,
    "grossProfit": 1906000000,
    "grossProfitRatio": 0.5137466307,
    "researchAndDevelopmentExpenses": 277000000,
    "generalAndAdministrativeExpenses": 0,
    "sellingAndMarketingExpenses": 975000000,
    "sellingGeneralAndAdministrativeExpenses": 975000000,
    "otherExpenses": 0,
    "operatingExpenses": 1252000000,
    "costAndExpenses": 3056000000,
    "interestIncome": 6000000,
    "interestExpense": 51000000,
    "depreciationAndAmortization": 207000000,
    "ebitda": 922000000,
    "ebitdaratio": 0.2485175202,
    "operatingIncome": 654000000,
    "operatingIncomeRatio": 0.1762803235,
    "totalOtherIncomeExpensesNet": 10000000,
    "incomeBeforeTax": 664000000,
    "incomeBeforeTaxRatio": 0.1789757412,
    "incomeTaxExpense": 136000000,
    "netIncome": 544000000,
    "netIncomeRatio": 0.1466307278,
    "eps": 1,
    "epsdiluted": 0.99,
    "weightedAverageShsOut": 543000000,
    "weightedAverageShsOutDil": 549000000,
    "link": "https://www.sec.gov/Archives/edgar/data/10456/000119312513418807/0001193125-13-418807-index.htm",
    "finalLink": "https://www.sec.gov/Archives/edgar/data/10456/000119312513418807/d592128d10q.htm"
  },
  {
    "date": "2013-06-30",
    "symbol": "BAX",
    "reportedCurrency": "USD",
    "cik": "0000010456",
    "fillingDate": "2013-07-31",
    "acceptedDate": "2013-07-31 17:21:19",
    "calendarYear": "2013",
    "period": "Q2",
    "revenue": 3669000000,
    "costOfRevenue": 1730000000,
    "grossProfit": 1939000000,
    "grossProfitRatio": 0.5284818752,
    "researchAndDevelopmentExpenses": 273000000,
    "generalAndAdministrativeExpenses": 0,
    "sellingAndMarketingExpenses": 838000000,
    "sellingGeneralAndAdministrativeExpenses": 838000000,
    "otherExpenses": 0,
    "operatingExpenses": 1111000000,
    "costAndExpenses": 2841000000,
    "interestIncome": 7000000,
    "interestExpense": 24000000,
    "depreciationAndAmortization": 183000000,
    "ebitda": 950000000,
    "ebitdaratio": 0.2589261379,
    "operatingIncome": 828000000,
    "operatingIncomeRatio": 0.2256745707,
    "totalOtherIncomeExpensesNet": -85000000,
    "incomeBeforeTax": 743000000,
    "incomeBeforeTaxRatio": 0.2025074952,
    "incomeTaxExpense": 153000000,
    "netIncome": 590000000,
    "netIncomeRatio": 0.1608067593,
    "eps": 1.09,
    "epsdiluted": 1.07,
    "weightedAverageShsOut": 543000000,
    "weightedAverageShsOutDil": 549000000,
    "link": "https://www.sec.gov/Archives/edgar/data/10456/000119312513312869/0001193125-13-312869-index.htm",
    "finalLink": "https://www.sec.gov/Archives/edgar/data/10456/000119312513312869/d546603d10q.htm"
  },
  {
    "date": "2013-03-31",
    "symbol": "BAX",
    "reportedCurrency": "USD",
    "cik": "0000010456",
    "fillingDate": "2013-05-01",
    "acceptedDate": "2013-05-01 16:52:07",
    "calendarYear": "2013",
    "period": "Q1",
    "revenue": 3448000000,
    "costOfRevenue": 1692000000,
    "grossProfit": 1756000000,
    "grossProfitRatio": 0.5092807425,
    "researchAndDevelopmentExpenses": 246000000,
    "generalAndAdministrativeExpenses": 795000000,
    "sellingAndMarketingExpenses": 795000000,
    "sellingGeneralAndAdministrativeExpenses": 795000000,
    "otherExpenses": 0,
    "operatingExpenses": 1041000000,
    "costAndExpenses": 2733000000,
    "interestIncome": 6000000,
    "interestExpense": 31000000,
    "depreciationAndAmortization": 183000000,
    "ebitda": 907000000,
    "ebitdaratio": 0.2630510441,
    "operatingIncome": 715000000,
    "operatingIncomeRatio": 0.2073665893,
    "totalOtherIncomeExpensesNet": -22000000,
    "incomeBeforeTax": 693000000,
    "incomeBeforeTaxRatio": 0.2009860789,
    "incomeTaxExpense": 141000000,
    "netIncome": 552000000,
    "netIncomeRatio": 0.1600928074,
    "eps": 1.01,
    "epsdiluted": 1,
    "weightedAverageShsOut": 545000000,
    "weightedAverageShsOutDil": 551000000,
    "link": "https://www.sec.gov/Archives/edgar/data/10456/000119312513192685/0001193125-13-192685-index.htm",
    "finalLink": "https://www.sec.gov/Archives/edgar/data/10456/000119312513192685/d500773d10q.htm"
  },
  {
    "date": "2012-12-31",
    "symbol": "BAX",
    "reportedCurrency": "USD",
    "cik": "0000010456",
    "fillingDate": "2013-02-21",
    "acceptedDate": "2013-02-21 17:28:20",
    "calendarYear": "2012",
    "period": "Q4",
    "revenue": 3753000000,
    "costOfRevenue": 1848000000,
    "grossProfit": 1905000000,
    "grossProfitRatio": 0.5075939249,
    "researchAndDevelopmentExpenses": 291000000,
    "generalAndAdministrativeExpenses": 0,
    "sellingAndMarketingExpenses": 0,
    "sellingGeneralAndAdministrativeExpenses": 1040000000,
    "otherExpenses": 0,
    "operatingExpenses": 1331000000,
    "costAndExpenses": 3179000000,
    "interestIncome": 6000000,
    "interestExpense": 28000000,
    "depreciationAndAmortization": 178000000,
    "ebitda": 780000000,
    "ebitdaratio": 0.207833733,
    "operatingIncome": 574000000,
    "operatingIncomeRatio": 0.1529443112,
    "totalOtherIncomeExpensesNet": 0,
    "incomeBeforeTax": 574000000,
    "incomeBeforeTaxRatio": 0.1529443112,
    "incomeTaxExpense": 80000000,
    "netIncome": 494000000,
    "netIncomeRatio": 0.1316280309,
    "eps": 0.9,
    "epsdiluted": 0.89,
    "weightedAverageShsOut": 548000000,
    "weightedAverageShsOutDil": 555000000,
    "link": "https://www.sec.gov/Archives/edgar/data/10456/000119312513069609/0001193125-13-069609-index.htm",
    "finalLink": "https://www.sec.gov/Archives/edgar/data/10456/000119312513069609/d410594d10k.htm"
  },
  {
    "date": "2012-09-30",
    "symbol": "BAX",
    "reportedCurrency": "USD",
    "cik": "0000010456",
    "fillingDate": "2012-11-01",
    "acceptedDate": "2012-11-01 17:18:13",
    "calendarYear": "2012",
    "period": "Q3",
    "revenue": 3477000000,
    "costOfRevenue": 1667000000,
    "grossProfit": 1810000000,
    "grossProfitRatio": 0.5205637043,
    "researchAndDevelopmentExpenses": 290000000,
    "generalAndAdministrativeExpenses": 0,
    "sellingAndMarketingExpenses": 743000000,
    "sellingGeneralAndAdministrativeExpenses": 743000000,
    "otherExpenses": 0,
    "operatingExpenses": 1033000000,
    "costAndExpenses": 2700000000,
    "interestIncome": 6000000,
    "interestExpense": 31000000,
    "depreciationAndAmortization": 179000000,
    "ebitda": 976000000,
    "ebitdaratio": 0.2807017544,
    "operatingIncome": 777000000,
    "operatingIncomeRatio": 0.2234685073,
    "totalOtherIncomeExpensesNet": -11000000,
    "incomeBeforeTax": 766000000,
    "incomeBeforeTaxRatio": 0.2203048605,
    "incomeTaxExpense": 183000000,
    "netIncome": 583000000,
    "netIncomeRatio": 0.1676732816,
    "eps": 1.07,
    "epsdiluted": 1.06,
    "weightedAverageShsOut": 548000000,
    "weightedAverageShsOutDil": 552000000,
    "link": "https://www.sec.gov/Archives/edgar/data/10456/000119312512446929/0001193125-12-446929-index.htm",
    "finalLink": "https://www.sec.gov/Archives/edgar/data/10456/000119312512446929/d430960d10q.htm"
  },
  {
    "date": "2012-06-30",
    "symbol": "BAX",
    "reportedCurrency": "USD",
    "cik": "0000010456",
    "fillingDate": "2012-08-02",
    "acceptedDate": "2012-08-02 17:20:47",
    "calendarYear": "2012",
    "period": "Q2",
    "revenue": 3572000000,
    "costOfRevenue": 1700000000,
    "grossProfit": 1872000000,
    "grossProfitRatio": 0.5240761478,
    "researchAndDevelopmentExpenses": 306000000,
    "generalAndAdministrativeExpenses": 0,
    "sellingAndMarketingExpenses": 789000000,
    "sellingGeneralAndAdministrativeExpenses": 789000000,
    "otherExpenses": 0,
    "operatingExpenses": 1095000000,
    "costAndExpenses": 2795000000,
    "interestIncome": 5000000,
    "interestExpense": 27000000,
    "depreciationAndAmortization": 180000000,
    "ebitda": 1024000000,
    "ebitdaratio": 0.2866741321,
    "operatingIncome": 777000000,
    "operatingIncomeRatio": 0.217525196,
    "totalOtherIncomeExpensesNet": 40000000,
    "incomeBeforeTax": 817000000,
    "incomeBeforeTaxRatio": 0.2287234043,
    "incomeTaxExpense": 156000000,
    "netIncome": 661000000,
    "netIncomeRatio": 0.1850503919,
    "eps": 1.2,
    "epsdiluted": 1.19,
    "weightedAverageShsOut": 550000000,
    "weightedAverageShsOutDil": 553000000,
    "link": "https://www.sec.gov/Archives/edgar/data/10456/000119312512332239/0001193125-12-332239-index.htm",
    "finalLink": "https://www.sec.gov/Archives/edgar/data/10456/000119312512332239/d359403d10q.htm"
  },
  {
    "date": "2012-03-31",
    "symbol": "BAX",
    "reportedCurrency": "USD",
    "cik": "0000010456",
    "fillingDate": "2012-05-03",
    "acceptedDate": "2012-05-03 17:25:42",
    "calendarYear": "2012",
    "period": "Q1",
    "revenue": 3388000000,
    "costOfRevenue": 1674000000,
    "grossProfit": 1714000000,
    "grossProfitRatio": 0.5059031877,
    "researchAndDevelopmentExpenses": 269000000,
    "generalAndAdministrativeExpenses": 752000000,
    "sellingAndMarketingExpenses": 752000000,
    "sellingGeneralAndAdministrativeExpenses": 752000000,
    "otherExpenses": 0,
    "operatingExpenses": 1021000000,
    "costAndExpenses": 2695000000,
    "interestIncome": 9000000,
    "interestExpense": 27000000,
    "depreciationAndAmortization": 175000000,
    "ebitda": 934000000,
    "ebitdaratio": 0.2756788666,
    "operatingIncome": 693000000,
    "operatingIncomeRatio": 0.2045454545,
    "totalOtherIncomeExpensesNet": 39000000,
    "incomeBeforeTax": 732000000,
    "incomeBeforeTaxRatio": 0.2160566706,
    "incomeTaxExpense": 144000000,
    "netIncome": 588000000,
    "netIncomeRatio": 0.173553719,
    "eps": 1.05,
    "epsdiluted": 1.04,
    "weightedAverageShsOut": 559000000,
    "weightedAverageShsOutDil": 563000000,
    "link": "https://www.sec.gov/Archives/edgar/data/10456/000119312512208951/0001193125-12-208951-index.htm",
    "finalLink": "https://www.sec.gov/Archives/edgar/data/10456/000119312512208951/d318447d10q.htm"
  },
  {
    "date": "2011-12-31",
    "symbol": "BAX",
    "reportedCurrency": "USD",
    "cik": "0000010456",
    "fillingDate": "2012-02-23",
    "acceptedDate": "2012-02-23 17:29:13",
    "calendarYear": "2011",
    "period": "Q4",
    "revenue": 3594000000,
    "costOfRevenue": 1829000000,
    "grossProfit": 1765000000,
    "grossProfitRatio": 0.4910962716,
    "researchAndDevelopmentExpenses": 254000000,
    "generalAndAdministrativeExpenses": 0,
    "sellingAndMarketingExpenses": 0,
    "sellingGeneralAndAdministrativeExpenses": 886000000,
    "otherExpenses": 0,
    "operatingExpenses": 1140000000,
    "costAndExpenses": 2969000000,
    "interestIncome": 10000000,
    "interestExpense": 25000000,
    "depreciationAndAmortization": 167000000,
    "ebitda": 740000000,
    "ebitdaratio": 0.2058987201,
    "operatingIncome": 625000000,
    "operatingIncomeRatio": 0.173900946,
    "totalOtherIncomeExpensesNet": -77000000,
    "incomeBeforeTax": 548000000,
    "incomeBeforeTaxRatio": 0.1524763495,
    "incomeTaxExpense": 76000000,
    "netIncome": 463000000,
    "netIncomeRatio": 0.1288258208,
    "eps": 0.82,
    "epsdiluted": 0.82,
    "weightedAverageShsOut": 562000000,
    "weightedAverageShsOutDil": 566000000,
    "link": "https://www.sec.gov/Archives/edgar/data/10456/000119312512075661/0001193125-12-075661-index.htm",
    "finalLink": "https://www.sec.gov/Archives/edgar/data/10456/000119312512075661/d267280d10k.htm"
  },
  {
    "date": "2011-09-30",
    "symbol": "BAX",
    "reportedCurrency": "USD",
    "cik": "0000010456",
    "fillingDate": "2011-11-02",
    "acceptedDate": "2011-11-02 16:52:58",
    "calendarYear": "2011",
    "period": "Q3",
    "revenue": 3479000000,
    "costOfRevenue": 1708000000,
    "grossProfit": 1771000000,
    "grossProfitRatio": 0.509054326,
    "researchAndDevelopmentExpenses": 239000000,
    "generalAndAdministrativeExpenses": 0,
    "sellingAndMarketingExpenses": 787000000,
    "sellingGeneralAndAdministrativeExpenses": 787000000,
    "otherExpenses": 0,
    "operatingExpenses": 1026000000,
    "costAndExpenses": 2734000000,
    "interestIncome": 9000000,
    "interestExpense": 23000000,
    "depreciationAndAmortization": 176000000,
    "ebitda": 926000000,
    "ebitdaratio": 0.2661684392,
    "operatingIncome": 745000000,
    "operatingIncomeRatio": 0.2141419948,
    "totalOtherIncomeExpensesNet": -18000000,
    "incomeBeforeTax": 727000000,
    "incomeBeforeTaxRatio": 0.2089680943,
    "incomeTaxExpense": 149000000,
    "netIncome": 576000000,
    "netIncomeRatio": 0.1655648175,
    "eps": 1.02,
    "epsdiluted": 1.01,
    "weightedAverageShsOut": 566000000,
    "weightedAverageShsOutDil": 571000000,
    "link": "https://www.sec.gov/Archives/edgar/data/10456/000119312511292928/0001193125-11-292928-index.htm",
    "finalLink": "https://www.sec.gov/Archives/edgar/data/10456/000119312511292928/d246613d10q.htm"
  },
  {
    "date": "2011-06-30",
    "symbol": "BAX",
    "reportedCurrency": "USD",
    "cik": "0000010456",
    "fillingDate": "2011-08-02",
    "acceptedDate": "2011-08-02 16:58:40",
    "calendarYear": "2011",
    "period": "Q2",
    "revenue": 3536000000,
    "costOfRevenue": 1701000000,
    "grossProfit": 1835000000,
    "grossProfitRatio": 0.5189479638,
    "researchAndDevelopmentExpenses": 239000000,
    "generalAndAdministrativeExpenses": 0,
    "sellingAndMarketingExpenses": 0,
    "sellingGeneralAndAdministrativeExpenses": 765000000,
    "otherExpenses": 0,
    "operatingExpenses": 1004000000,
    "costAndExpenses": 2705000000,
    "interestIncome": 7000000,
    "interestExpense": 22000000,
    "depreciationAndAmortization": 169000000,
    "ebitda": 994000000,
    "ebitdaratio": 0.2811085973,
    "operatingIncome": 831000000,
    "operatingIncomeRatio": 0.2350113122,
    "totalOtherIncomeExpensesNet": -28000000,
    "incomeBeforeTax": 803000000,
    "incomeBeforeTaxRatio": 0.2270927602,
    "incomeTaxExpense": 174000000,
    "netIncome": 615000000,
    "netIncomeRatio": 0.1739253394,
    "eps": 1.08,
    "epsdiluted": 1.07,
    "weightedAverageShsOut": 570000000,
    "weightedAverageShsOutDil": 575000000,
    "link": "https://www.sec.gov/Archives/edgar/data/10456/000095012311071686/0000950123-11-071686-index.htm",
    "finalLink": "https://www.sec.gov/Archives/edgar/data/10456/000095012311071686/c64695e10vq.htm"
  },
  {
    "date": "2011-03-31",
    "symbol": "BAX",
    "reportedCurrency": "USD",
    "cik": "0000010456",
    "fillingDate": "2011-05-03",
    "acceptedDate": "2011-05-03 17:27:30",
    "calendarYear": "2011",
    "period": "Q1",
    "revenue": 3284000000,
    "costOfRevenue": 1609000000,
    "grossProfit": 1675000000,
    "grossProfitRatio": 0.5100487211,
    "researchAndDevelopmentExpenses": 214000000,
    "generalAndAdministrativeExpenses": 0,
    "sellingAndMarketingExpenses": 0,
    "sellingGeneralAndAdministrativeExpenses": 716000000,
    "otherExpenses": 0,
    "operatingExpenses": 930000000,
    "costAndExpenses": 2539000000,
    "interestIncome": 12000000,
    "interestExpense": 22000000,
    "depreciationAndAmortization": 158000000,
    "ebitda": 911000000,
    "ebitdaratio": 0.2774056029,
    "operatingIncome": 745000000,
    "operatingIncomeRatio": 0.2268574909,
    "totalOtherIncomeExpensesNet": -14000000,
    "incomeBeforeTax": 731000000,
    "incomeBeforeTaxRatio": 0.2225943971,
    "incomeTaxExpense": 154000000,
    "netIncome": 570000000,
    "netIncomeRatio": 0.1735688185,
    "eps": 0.99,
    "epsdiluted": 0.98,
    "weightedAverageShsOut": 577000000,
    "weightedAverageShsOutDil": 581000000,
    "link": "https://www.sec.gov/Archives/edgar/data/10456/000095012311043980/0000950123-11-043980-index.htm",
    "finalLink": "https://www.sec.gov/Archives/edgar/data/10456/000095012311043980/c63383e10vq.htm"
  },
  {
    "date": "2010-12-31",
    "symbol": "BAX",
    "reportedCurrency": "USD",
    "cik": "0000010456",
    "fillingDate": "2011-02-23",
    "acceptedDate": "2011-02-23 17:04:55",
    "calendarYear": "2010",
    "period": "Q4",
    "revenue": 3498000000,
    "costOfRevenue": 1880000000,
    "grossProfit": 1618000000,
    "grossProfitRatio": 0.4625500286,
    "researchAndDevelopmentExpenses": 262000000,
    "generalAndAdministrativeExpenses": 0,
    "sellingAndMarketingExpenses": 0,
    "sellingGeneralAndAdministrativeExpenses": 833000000,
    "otherExpenses": 0,
    "operatingExpenses": 1095000000,
    "costAndExpenses": 2975000000,
    "interestIncome": 8000000,
    "interestExpense": 27000000,
    "depreciationAndAmortization": 179000000,
    "ebitda": 673000000,
    "ebitdaratio": 0.1923956547,
    "operatingIncome": 523000000,
    "operatingIncomeRatio": 0.149514008,
    "totalOtherIncomeExpensesNet": -56000000,
    "incomeBeforeTax": 467000000,
    "incomeBeforeTaxRatio": 0.1335048599,
    "incomeTaxExpense": 41000000,
    "netIncome": 423000000,
    "netIncomeRatio": 0.1209262436,
    "eps": 0.73,
    "epsdiluted": 0.73,
    "weightedAverageShsOut": 577000000,
    "weightedAverageShsOutDil": 581000000,
    "link": "https://www.sec.gov/Archives/edgar/data/10456/000095012311017190/0000950123-11-017190-index.htm",
    "finalLink": "https://www.sec.gov/Archives/edgar/data/10456/000095012311017190/c61460e10vk.htm"
  },
  {
    "date": "2010-09-30",
    "symbol": "BAX",
    "reportedCurrency": "USD",
    "cik": "0000010456",
    "fillingDate": "2010-11-03",
    "acceptedDate": "2010-11-03 17:16:50",
    "calendarYear": "2010",
    "period": "Q3",
    "revenue": 3224000000,
    "costOfRevenue": 1565000000,
    "grossProfit": 1659000000,
    "grossProfitRatio": 0.5145781638,
    "researchAndDevelopmentExpenses": 207000000,
    "generalAndAdministrativeExpenses": 0,
    "sellingAndMarketingExpenses": 670000000,
    "sellingGeneralAndAdministrativeExpenses": 670000000,
    "otherExpenses": 0,
    "operatingExpenses": 877000000,
    "costAndExpenses": 2442000000,
    "interestIncome": 6000000,
    "interestExpense": 30000000,
    "depreciationAndAmortization": 171000000,
    "ebitda": 842000000,
    "ebitdaratio": 0.2611662531,
    "operatingIncome": 782000000,
    "operatingIncomeRatio": 0.2425558313,
    "totalOtherIncomeExpensesNet": -141000000,
    "incomeBeforeTax": 641000000,
    "incomeBeforeTaxRatio": 0.19882134,
    "incomeTaxExpense": 117000000,
    "netIncome": 525000000,
    "netIncomeRatio": 0.1628411911,
    "eps": 0.9,
    "epsdiluted": 0.89,
    "weightedAverageShsOut": 584000000,
    "weightedAverageShsOutDil": 587000000,
    "link": "https://www.sec.gov/Archives/edgar/data/10456/000095012310100201/0000950123-10-100201-index.htm",
    "finalLink": "https://www.sec.gov/Archives/edgar/data/10456/000095012310100201/c60075e10vq.htm"
  },
  {
    "date": "2010-06-30",
    "symbol": "BAX",
    "reportedCurrency": "USD",
    "cik": "0000010456",
    "fillingDate": "2010-08-05",
    "acceptedDate": "2010-08-04 21:15:02",
    "calendarYear": "2010",
    "period": "Q2",
    "revenue": 3194000000,
    "costOfRevenue": 1556000000,
    "grossProfit": 1638000000,
    "grossProfitRatio": 0.5128365686,
    "researchAndDevelopmentExpenses": 219000000,
    "generalAndAdministrativeExpenses": 0,
    "sellingAndMarketingExpenses": 0,
    "sellingGeneralAndAdministrativeExpenses": 721000000,
    "otherExpenses": 0,
    "operatingExpenses": 940000000,
    "costAndExpenses": 2496000000,
    "interestIncome": 5000000,
    "interestExpense": 30000000,
    "depreciationAndAmortization": 169000000,
    "ebitda": 869000000,
    "ebitdaratio": 0.2720726362,
    "operatingIncome": 698000000,
    "operatingIncomeRatio": 0.2185347527,
    "totalOtherIncomeExpensesNet": -28000000,
    "incomeBeforeTax": 670000000,
    "incomeBeforeTaxRatio": 0.2097683156,
    "incomeTaxExpense": 133000000,
    "netIncome": 535000000,
    "netIncomeRatio": 0.1675015654,
    "eps": 0.9,
    "epsdiluted": 0.9,
    "weightedAverageShsOut": 593000000,
    "weightedAverageShsOutDil": 596000000,
    "link": "https://www.sec.gov/Archives/edgar/data/10456/000095012310072736/0000950123-10-072736-index.htm",
    "finalLink": "https://www.sec.gov/Archives/edgar/data/10456/000095012310072736/c58286e10vq.htm"
  },
  {
    "date": "2010-03-31",
    "symbol": "BAX",
    "reportedCurrency": "USD",
    "cik": "0000010456",
    "fillingDate": "2010-05-10",
    "acceptedDate": "2010-05-10 16:35:24",
    "calendarYear": "2010",
    "period": "Q1",
    "revenue": 2927000000,
    "costOfRevenue": 1884000000,
    "grossProfit": 1043000000,
    "grossProfitRatio": 0.356337547,
    "researchAndDevelopmentExpenses": 227000000,
    "generalAndAdministrativeExpenses": 0,
    "sellingAndMarketingExpenses": 0,
    "sellingGeneralAndAdministrativeExpenses": 683000000,
    "otherExpenses": 0,
    "operatingExpenses": 910000000,
    "costAndExpenses": 2794000000,
    "interestIncome": 9000000,
    "interestExpense": 28000000,
    "depreciationAndAmortization": 166000000,
    "ebitda": 306000000,
    "ebitdaratio": 0.1045439016,
    "operatingIncome": 133000000,
    "operatingIncomeRatio": 0.0454390161,
    "totalOtherIncomeExpensesNet": -21000000,
    "incomeBeforeTax": 112000000,
    "incomeBeforeTaxRatio": 0.0382644346,
    "incomeTaxExpense": 172000000,
    "netIncome": -63000000,
    "netIncomeRatio": -0.0215237444,
    "eps": 0.87,
    "epsdiluted": 0.87,
    "weightedAverageShsOut": 602000000,
    "weightedAverageShsOutDil": 602000000,
    "link": "https://www.sec.gov/Archives/edgar/data/10456/000095012310047224/0000950123-10-047224-index.htm",
    "finalLink": "https://www.sec.gov/Archives/edgar/data/10456/000095012310047224/c57463e10vq.htm"
  },
  {
    "date": "2009-12-31",
    "symbol": "BAX",
    "reportedCurrency": "USD",
    "cik": "0000010456",
    "fillingDate": "2010-02-23",
    "acceptedDate": "2010-02-22 21:55:06",
    "calendarYear": "2009",
    "period": "Q4",
    "revenue": 3470000000,
    "costOfRevenue": 1703000000,
    "grossProfit": 1767000000,
    "grossProfitRatio": 0.509221902,
    "researchAndDevelopmentExpenses": 246000000,
    "generalAndAdministrativeExpenses": 0,
    "sellingAndMarketingExpenses": 0,
    "sellingGeneralAndAdministrativeExpenses": 788000000,
    "otherExpenses": 0,
    "operatingExpenses": 1034000000,
    "costAndExpenses": 2737000000,
    "interestIncome": 0,
    "interestExpense": 44000000,
    "depreciationAndAmortization": 172000000,
    "ebitda": 931000000,
    "ebitdaratio": 0.2682997118,
    "operatingIncome": 733000000,
    "operatingIncomeRatio": 0.2112391931,
    "totalOtherIncomeExpensesNet": -18000000,
    "incomeBeforeTax": 715000000,
    "incomeBeforeTaxRatio": 0.2060518732,
    "incomeTaxExpense": 139000000,
    "netIncome": 572000000,
    "netIncomeRatio": 0.1648414986,
    "eps": 0.95,
    "epsdiluted": 0.94,
    "weightedAverageShsOut": 602000000,
    "weightedAverageShsOutDil": 609000000,
    "link": "https://www.sec.gov/Archives/edgar/data/10456/000095012310015380/0000950123-10-015380-index.htm",
    "finalLink": "https://www.sec.gov/Archives/edgar/data/10456/000095012310015380/c54958e10vk.htm"
  },
  {
    "date": "2009-09-30",
    "symbol": "BAX",
    "reportedCurrency": "USD",
    "cik": "0000010456",
    "fillingDate": "2009-10-29",
    "acceptedDate": "2009-10-29 17:20:48",
    "calendarYear": "2009",
    "period": "Q3",
    "revenue": 3145000000,
    "costOfRevenue": 1513000000,
    "grossProfit": 1632000000,
    "grossProfitRatio": 0.5189189189,
    "researchAndDevelopmentExpenses": 228000000,
    "generalAndAdministrativeExpenses": 0,
    "sellingAndMarketingExpenses": 0,
    "sellingGeneralAndAdministrativeExpenses": 672000000,
    "otherExpenses": 0,
    "operatingExpenses": 900000000,
    "costAndExpenses": 2413000000,
    "interestIncome": 4000000,
    "interestExpense": 27000000,
    "depreciationAndAmortization": 164000000,
    "ebitda": 849000000,
    "ebitdaratio": 0.2699523052,
    "operatingIncome": 732000000,
    "operatingIncomeRatio": 0.2327503975,
    "totalOtherIncomeExpensesNet": -74000000,
    "incomeBeforeTax": 658000000,
    "incomeBeforeTaxRatio": 0.2092209857,
    "incomeTaxExpense": 126000000,
    "netIncome": 530000000,
    "netIncomeRatio": 0.1685214626,
    "eps": 0.88,
    "epsdiluted": 0.87,
    "weightedAverageShsOut": 605000000,
    "weightedAverageShsOutDil": 612000000,
    "link": "https://www.sec.gov/Archives/edgar/data/10456/000095012309054957/0000950123-09-054957-index.htm",
    "finalLink": "https://www.sec.gov/Archives/edgar/data/10456/000095012309054957/c53977e10vq.htm"
  },
  {
    "date": "2009-06-30",
    "symbol": "BAX",
    "reportedCurrency": "USD",
    "cik": "0000010456",
    "fillingDate": "2009-07-28",
    "acceptedDate": "2009-07-28 17:11:35",
    "calendarYear": "2009",
    "period": "Q2",
    "revenue": 3123000000,
    "costOfRevenue": 1485000000,
    "grossProfit": 1638000000,
    "grossProfitRatio": 0.5244956772,
    "researchAndDevelopmentExpenses": 231000000,
    "generalAndAdministrativeExpenses": 0,
    "sellingAndMarketingExpenses": 0,
    "sellingGeneralAndAdministrativeExpenses": 660000000,
    "otherExpenses": 0,
    "operatingExpenses": 891000000,
    "costAndExpenses": 2376000000,
    "interestIncome": 5000000,
    "interestExpense": 29000000,
    "depreciationAndAmortization": 154000000,
    "ebitda": 907000000,
    "ebitdaratio": 0.2904258726,
    "operatingIncome": 747000000,
    "operatingIncomeRatio": 0.2391930836,
    "totalOtherIncomeExpensesNet": -23000000,
    "incomeBeforeTax": 724000000,
    "incomeBeforeTaxRatio": 0.2318283702,
    "incomeTaxExpense": 135000000,
    "netIncome": 587000000,
    "netIncomeRatio": 0.1879602946,
    "eps": 0.97,
    "epsdiluted": 0.96,
    "weightedAverageShsOut": 607000000,
    "weightedAverageShsOutDil": 612000000,
    "link": "https://www.sec.gov/Archives/edgar/data/10456/000095012309026402/0000950123-09-026402-index.htm",
    "finalLink": "https://www.sec.gov/Archives/edgar/data/10456/000095012309026402/c52318e10vq.htm"
  },
  {
    "date": "2009-03-31",
    "symbol": "BAX",
    "reportedCurrency": "USD",
    "cik": "0000010456",
    "fillingDate": "2009-05-05",
    "acceptedDate": "2009-05-05 17:09:11",
    "calendarYear": "2009",
    "period": "Q1",
    "revenue": 2824000000,
    "costOfRevenue": 1336000000,
    "grossProfit": 1488000000,
    "grossProfitRatio": 0.5269121813,
    "researchAndDevelopmentExpenses": 212000000,
    "generalAndAdministrativeExpenses": 0,
    "sellingAndMarketingExpenses": 0,
    "sellingGeneralAndAdministrativeExpenses": 611000000,
    "otherExpenses": 0,
    "operatingExpenses": 823000000,
    "costAndExpenses": 2159000000,
    "interestIncome": 5000000,
    "interestExpense": 31000000,
    "depreciationAndAmortization": 148000000,
    "ebitda": 816000000,
    "ebitdaratio": 0.2889518414,
    "operatingIncome": 665000000,
    "operatingIncomeRatio": 0.2354815864,
    "totalOtherIncomeExpensesNet": -28000000,
    "incomeBeforeTax": 637000000,
    "incomeBeforeTaxRatio": 0.2255665722,
    "incomeTaxExpense": 119000000,
    "netIncome": 516000000,
    "netIncomeRatio": 0.1827195467,
    "eps": 0.84,
    "epsdiluted": 0.83,
    "weightedAverageShsOut": 613000000,
    "weightedAverageShsOutDil": 621000000,
    "link": "https://www.sec.gov/Archives/edgar/data/10456/000095013709003621/0000950137-09-003621-index.htm",
    "finalLink": "https://www.sec.gov/Archives/edgar/data/10456/000095013709003621/c50926e10vq.htm"
  },
  {
    "date": "2008-12-31",
    "symbol": "BAX",
    "reportedCurrency": "USD",
    "cik": "0000010456",
    "fillingDate": "2009-02-19",
    "acceptedDate": "2009-02-19 17:10:40",
    "calendarYear": "2008",
    "period": "Q4",
    "revenue": 3131000000,
    "costOfRevenue": 1529000000,
    "grossProfit": 1602000000,
    "grossProfitRatio": 0.5116576174,
    "researchAndDevelopmentExpenses": 226000000,
    "generalAndAdministrativeExpenses": 0,
    "sellingAndMarketingExpenses": 0,
    "sellingGeneralAndAdministrativeExpenses": 674000000,
    "otherExpenses": 0,
    "operatingExpenses": 900000000,
    "costAndExpenses": 2429000000,
    "interestIncome": 0,
    "interestExpense": 0,
    "depreciationAndAmortization": 150000000,
    "ebitda": 887000000,
    "ebitdaratio": 0.2832960715,
    "operatingIncome": 702000000,
    "operatingIncomeRatio": 0.2242095177,
    "totalOtherIncomeExpensesNet": -15000000,
    "incomeBeforeTax": 687000000,
    "incomeBeforeTaxRatio": 0.2194187161,
    "incomeTaxExpense": 118000000,
    "netIncome": 569000000,
    "netIncomeRatio": 0.1817310763,
    "eps": 0.93,
    "epsdiluted": 0.92,
    "weightedAverageShsOut": 613000000,
    "weightedAverageShsOutDil": 621000000,
    "link": "https://www.sec.gov/Archives/edgar/data/10456/000095013709001173/0000950137-09-001173-index.htm",
    "finalLink": "https://www.sec.gov/Archives/edgar/data/10456/000095013709001173/c48741e10vk.htm"
  },
  {
    "date": "2008-09-30",
    "symbol": "BAX",
    "reportedCurrency": "USD",
    "cik": "0000010456",
    "fillingDate": "2008-10-31",
    "acceptedDate": "2008-10-31 17:23:18",
    "calendarYear": "2008",
    "period": "Q3",
    "revenue": 3151000000,
    "costOfRevenue": 1630000000,
    "grossProfit": 1521000000,
    "grossProfitRatio": 0.4827039035,
    "researchAndDevelopmentExpenses": 230000000,
    "generalAndAdministrativeExpenses": 0,
    "sellingAndMarketingExpenses": 0,
    "sellingGeneralAndAdministrativeExpenses": 681000000,
    "otherExpenses": 0,
    "operatingExpenses": 911000000,
    "costAndExpenses": 2541000000,
    "interestIncome": 17000000,
    "interestExpense": 37000000,
    "depreciationAndAmortization": 165000000,
    "ebitda": 764000000,
    "ebitdaratio": 0.2424627103,
    "operatingIncome": 610000000,
    "operatingIncomeRatio": 0.1935893367,
    "totalOtherIncomeExpensesNet": -48000000,
    "incomeBeforeTax": 562000000,
    "incomeBeforeTaxRatio": 0.1783560774,
    "incomeTaxExpense": 86000000,
    "netIncome": 472000000,
    "netIncomeRatio": 0.1497937163,
    "eps": 0.76,
    "epsdiluted": 0.74,
    "weightedAverageShsOut": 625000000,
    "weightedAverageShsOutDil": 638000000,
    "link": "https://www.sec.gov/Archives/edgar/data/10456/000095013708013338/0000950137-08-013338-index.htm",
    "finalLink": "https://www.sec.gov/Archives/edgar/data/10456/000095013708013338/c47239e10vq.htm"
  },
  {
    "date": "2008-06-30",
    "symbol": "BAX",
    "reportedCurrency": "USD",
    "cik": "0000010456",
    "fillingDate": "2008-07-29",
    "acceptedDate": "2008-07-29 16:22:25",
    "calendarYear": "2008",
    "period": "Q2",
    "revenue": 3189000000,
    "costOfRevenue": 1562000000,
    "grossProfit": 1627000000,
    "grossProfitRatio": 0.5101912825,
    "researchAndDevelopmentExpenses": 222000000,
    "generalAndAdministrativeExpenses": 0,
    "sellingAndMarketingExpenses": 0,
    "sellingGeneralAndAdministrativeExpenses": 703000000,
    "otherExpenses": 0,
    "operatingExpenses": 925000000,
    "costAndExpenses": 2487000000,
    "interestIncome": 0,
    "interestExpense": 25000000,
    "depreciationAndAmortization": 160000000,
    "ebitda": 861000000,
    "ebitdaratio": 0.2699905927,
    "operatingIncome": 702000000,
    "operatingIncomeRatio": 0.2201317027,
    "totalOtherIncomeExpensesNet": -26000000,
    "incomeBeforeTax": 676000000,
    "incomeBeforeTaxRatio": 0.2119786767,
    "incomeTaxExpense": 128000000,
    "netIncome": 544000000,
    "netIncomeRatio": 0.1705863907,
    "eps": 0.87,
    "epsdiluted": 0.85,
    "weightedAverageShsOut": 626000000,
    "weightedAverageShsOutDil": 638000000,
    "link": "https://www.sec.gov/Archives/edgar/data/10456/000095013708009806/0000950137-08-009806-index.htm",
    "finalLink": "https://www.sec.gov/Archives/edgar/data/10456/000095013708009806/c33177e10vq.htm"
  },
  {
    "date": "2008-03-31",
    "symbol": "BAX",
    "reportedCurrency": "USD",
    "cik": "0000010456",
    "fillingDate": "2008-05-02",
    "acceptedDate": "2008-05-02 17:20:18",
    "calendarYear": "2008",
    "period": "Q1",
    "revenue": 2877000000,
    "costOfRevenue": 1497000000,
    "grossProfit": 1380000000,
    "grossProfitRatio": 0.4796663191,
    "researchAndDevelopmentExpenses": 190000000,
    "generalAndAdministrativeExpenses": 0,
    "sellingAndMarketingExpenses": 0,
    "sellingGeneralAndAdministrativeExpenses": 640000000,
    "otherExpenses": 0,
    "operatingExpenses": 830000000,
    "costAndExpenses": 2327000000,
    "interestIncome": 20000000,
    "interestExpense": 37000000,
    "depreciationAndAmortization": 156000000,
    "ebitda": 730000000,
    "ebitdaratio": 0.2537365311,
    "operatingIncome": 550000000,
    "operatingIncomeRatio": 0.1911713591,
    "totalOtherIncomeExpensesNet": -13000000,
    "incomeBeforeTax": 537000000,
    "incomeBeforeTaxRatio": 0.1866527633,
    "incomeTaxExpense": 105000000,
    "netIncome": 429000000,
    "netIncomeRatio": 0.1491136601,
    "eps": 0.68,
    "epsdiluted": 0.67,
    "weightedAverageShsOut": 632000000,
    "weightedAverageShsOutDil": 644000000,
    "link": "https://www.sec.gov/Archives/edgar/data/10456/000095013708006614/0000950137-08-006614-index.htm",
    "finalLink": "https://www.sec.gov/Archives/edgar/data/10456/000095013708006614/c26138e10vq.htm"
  },
  {
    "date": "2007-12-31",
    "symbol": "BAX",
    "reportedCurrency": "USD",
    "cik": "0000010456",
    "fillingDate": "2008-02-26",
    "acceptedDate": "2008-02-26 17:01:18",
    "calendarYear": "2007",
    "period": "Q4",
    "revenue": 3009000000,
    "costOfRevenue": 1524000000,
    "grossProfit": 1485000000,
    "grossProfitRatio": 0.4935194417,
    "researchAndDevelopmentExpenses": 221000000,
    "generalAndAdministrativeExpenses": 0,
    "sellingAndMarketingExpenses": 0,
    "sellingGeneralAndAdministrativeExpenses": 654000000,
    "otherExpenses": 0,
    "operatingExpenses": 875000000,
    "costAndExpenses": 2399000000,
    "interestIncome": 0,
    "interestExpense": 0,
    "depreciationAndAmortization": 153000000,
    "ebitda": 763000000,
    "ebitdaratio": 0.2535726155,
    "operatingIncome": 610000000,
    "operatingIncomeRatio": 0.2027251579,
    "totalOtherIncomeExpensesNet": -16000000,
    "incomeBeforeTax": 594000000,
    "incomeBeforeTaxRatio": 0.1974077767,
    "incomeTaxExpense": 116000000,
    "netIncome": 478000000,
    "netIncomeRatio": 0.158856763,
    "eps": 0.76,
    "epsdiluted": 0.74,
    "weightedAverageShsOut": 632000000,
    "weightedAverageShsOutDil": 644000000,
    "link": "https://www.sec.gov/Archives/edgar/data/10456/000095013708002771/0000950137-08-002771-index.htm",
    "finalLink": "https://www.sec.gov/Archives/edgar/data/10456/000095013708002771/c22852e10vk.htm"
  },
  {
    "date": "2007-09-30",
    "symbol": "BAX",
    "reportedCurrency": "USD",
    "cik": "0000010456",
    "fillingDate": "2007-11-05",
    "acceptedDate": "2007-11-05 16:01:55",
    "calendarYear": "2007",
    "period": "Q3",
    "revenue": 2750000000,
    "costOfRevenue": 1374000000,
    "grossProfit": 1376000000,
    "grossProfitRatio": 0.5003636364,
    "researchAndDevelopmentExpenses": 203000000,
    "generalAndAdministrativeExpenses": 0,
    "sellingAndMarketingExpenses": 0,
    "sellingGeneralAndAdministrativeExpenses": 663000000,
    "otherExpenses": 0,
    "operatingExpenses": 866000000,
    "costAndExpenses": 2240000000,
    "interestIncome": 0,
    "interestExpense": 0,
    "depreciationAndAmortization": 141000000,
    "ebitda": 651000000,
    "ebitdaratio": 0.2367272727,
    "operatingIncome": 510000000,
    "operatingIncomeRatio": 0.1854545455,
    "totalOtherIncomeExpensesNet": -27000000,
    "incomeBeforeTax": 483000000,
    "incomeBeforeTaxRatio": 0.1756363636,
    "incomeTaxExpense": 88000000,
    "netIncome": 395000000,
    "netIncomeRatio": 0.1436363636,
    "eps": 0.62,
    "epsdiluted": 0.61,
    "weightedAverageShsOut": 641000000,
    "weightedAverageShsOutDil": 651000000,
    "link": "https://www.sec.gov/Archives/edgar/data/10456/000095013707016572/0000950137-07-016572-index.htm",
    "finalLink": "https://www.sec.gov/Archives/edgar/data/10456/000095013707016572/c21080e10vq.htm"
  },
  {
    "date": "2007-06-30",
    "symbol": "BAX",
    "reportedCurrency": "USD",
    "cik": "0000010456",
    "fillingDate": "2007-08-01",
    "acceptedDate": "2007-07-31 21:49:02",
    "calendarYear": "2007",
    "period": "Q2",
    "revenue": 2829000000,
    "costOfRevenue": 1437000000,
    "grossProfit": 1392000000,
    "grossProfitRatio": 0.4920466596,
    "researchAndDevelopmentExpenses": 177000000,
    "generalAndAdministrativeExpenses": 0,
    "sellingAndMarketingExpenses": 0,
    "sellingGeneralAndAdministrativeExpenses": 621000000,
    "otherExpenses": 70000000,
    "operatingExpenses": 868000000,
    "costAndExpenses": 2305000000,
    "interestIncome": 0,
    "interestExpense": 0,
    "depreciationAndAmortization": 147000000,
    "ebitda": 741000000,
    "ebitdaratio": 0.2619300106,
    "operatingIncome": 524000000,
    "operatingIncomeRatio": 0.1852244609,
    "totalOtherIncomeExpensesNet": -16000000,
    "incomeBeforeTax": 508000000,
    "incomeBeforeTaxRatio": 0.1795687522,
    "incomeTaxExpense": 77000000,
    "netIncome": 431000000,
    "netIncomeRatio": 0.1523506539,
    "eps": 0.66,
    "epsdiluted": 0.65,
    "weightedAverageShsOut": 650000000,
    "weightedAverageShsOutDil": 661000000,
    "link": "https://www.sec.gov/Archives/edgar/data/10456/000095013707010939/0000950137-07-010939-index.htm",
    "finalLink": "https://www.sec.gov/Archives/edgar/data/10456/000095013707010939/c17186e10vq.htm"
  },
  {
    "date": "2007-03-31",
    "symbol": "BAX",
    "reportedCurrency": "USD",
    "cik": "0000010456",
    "fillingDate": "2007-05-04",
    "acceptedDate": "2007-05-03 19:25:59",
    "calendarYear": "2007",
    "period": "Q1",
    "revenue": 2675000000,
    "costOfRevenue": 1409000000,
    "grossProfit": 1266000000,
    "grossProfitRatio": 0.473271028,
    "researchAndDevelopmentExpenses": 159000000,
    "generalAndAdministrativeExpenses": 0,
    "sellingAndMarketingExpenses": 0,
    "sellingGeneralAndAdministrativeExpenses": 583000000,
    "otherExpenses": 0,
    "operatingExpenses": 742000000,
    "costAndExpenses": 2151000000,
    "interestIncome": 0,
    "interestExpense": 0,
    "depreciationAndAmortization": 140000000,
    "ebitda": 664000000,
    "ebitdaratio": 0.2482242991,
    "operatingIncome": 524000000,
    "operatingIncomeRatio": 0.1958878505,
    "totalOtherIncomeExpensesNet": 5000000,
    "incomeBeforeTax": 529000000,
    "incomeBeforeTaxRatio": 0.1977570093,
    "incomeTaxExpense": 126000000,
    "netIncome": 403000000,
    "netIncomeRatio": 0.1506542056,
    "eps": 0.62,
    "epsdiluted": 0.61,
    "weightedAverageShsOut": 650000000,
    "weightedAverageShsOutDil": 659000000,
    "link": "https://www.sec.gov/Archives/edgar/data/10456/000095013707006736/0000950137-07-006736-index.htm",
    "finalLink": "https://www.sec.gov/Archives/edgar/data/10456/000095013707006736/c14840e10vq.htm"
  },
  {
    "date": "2006-12-31",
    "symbol": "BAX",
    "reportedCurrency": "USD",
    "cik": "0000010456",
    "fillingDate": "2007-02-28",
    "acceptedDate": "2007-02-27 21:33:50",
    "calendarYear": "2006",
    "period": "Q4",
    "revenue": 2763000000,
    "costOfRevenue": 1448000000,
    "grossProfit": 1315000000,
    "grossProfitRatio": 0.475931958,
    "researchAndDevelopmentExpenses": 181000000,
    "generalAndAdministrativeExpenses": 0,
    "sellingAndMarketingExpenses": 0,
    "sellingGeneralAndAdministrativeExpenses": 612000000,
    "otherExpenses": 0,
    "operatingExpenses": 793000000,
    "costAndExpenses": 2241000000,
    "interestIncome": 0,
    "interestExpense": 0,
    "depreciationAndAmortization": 144000000,
    "ebitda": 666000000,
    "ebitdaratio": 0.2410423453,
    "operatingIncome": 522000000,
    "operatingIncomeRatio": 0.1889250814,
    "totalOtherIncomeExpensesNet": -7000000,
    "incomeBeforeTax": 515000000,
    "incomeBeforeTaxRatio": 0.1863916033,
    "incomeTaxExpense": 82000000,
    "netIncome": 431000000,
    "netIncomeRatio": 0.1559898661,
    "eps": 0.66,
    "epsdiluted": 0.65,
    "weightedAverageShsOut": 650000000,
    "weightedAverageShsOutDil": 659000000,
    "link": "https://www.sec.gov/Archives/edgar/data/10456/000095013707002905/0000950137-07-002905-index.htm",
    "finalLink": "https://www.sec.gov/Archives/edgar/data/10456/000095013707002905/n12610e10vk.htm"
  },
  {
    "date": "2006-09-30",
    "symbol": "BAX",
    "reportedCurrency": "USD",
    "cik": "0000010456",
    "fillingDate": "2006-11-03",
    "acceptedDate": "2006-11-03 17:28:10",
    "calendarYear": "2006",
    "period": "Q3",
    "revenue": 2557000000,
    "costOfRevenue": 1342000000,
    "grossProfit": 1215000000,
    "grossProfitRatio": 0.4751662104,
    "researchAndDevelopmentExpenses": 149000000,
    "generalAndAdministrativeExpenses": 0,
    "sellingAndMarketingExpenses": 0,
    "sellingGeneralAndAdministrativeExpenses": 562000000,
    "otherExpenses": 0,
    "operatingExpenses": 711000000,
    "costAndExpenses": 2053000000,
    "interestIncome": 0,
    "interestExpense": 0,
    "depreciationAndAmortization": 146000000,
    "ebitda": 650000000,
    "ebitdaratio": 0.2542041455,
    "operatingIncome": 504000000,
    "operatingIncomeRatio": 0.1971059836,
    "totalOtherIncomeExpensesNet": -25000000,
    "incomeBeforeTax": 479000000,
    "incomeBeforeTaxRatio": 0.1873289011,
    "incomeTaxExpense": 105000000,
    "netIncome": 374000000,
    "netIncomeRatio": 0.1462651545,
    "eps": 0.58,
    "epsdiluted": 0.57,
    "weightedAverageShsOut": 653000000,
    "weightedAverageShsOutDil": 661000000,
    "link": "https://www.sec.gov/Archives/edgar/data/10456/000095013706011824/0000950137-06-011824-index.htm",
    "finalLink": "https://www.sec.gov/Archives/edgar/data/10456/000095013706011824/c09558e10vq.htm"
  },
  {
    "date": "2006-06-30",
    "symbol": "BAX",
    "reportedCurrency": "USD",
    "cik": "0000010456",
    "fillingDate": "2006-08-01",
    "acceptedDate": "2006-08-01 06:02:32",
    "calendarYear": "2006",
    "period": "Q2",
    "revenue": 2649000000,
    "costOfRevenue": 1494000000,
    "grossProfit": 1155000000,
    "grossProfitRatio": 0.43601359,
    "researchAndDevelopmentExpenses": 146000000,
    "generalAndAdministrativeExpenses": 0,
    "sellingAndMarketingExpenses": 0,
    "sellingGeneralAndAdministrativeExpenses": 582000000,
    "otherExpenses": 0,
    "operatingExpenses": 728000000,
    "costAndExpenses": 2222000000,
    "interestIncome": 0,
    "interestExpense": 0,
    "depreciationAndAmortization": 146000000,
    "ebitda": 573000000,
    "ebitdaratio": 0.2163080408,
    "operatingIncome": 427000000,
    "operatingIncomeRatio": 0.161192903,
    "totalOtherIncomeExpensesNet": -29000000,
    "incomeBeforeTax": 398000000,
    "incomeBeforeTaxRatio": 0.1502453756,
    "incomeTaxExpense": 89000000,
    "netIncome": 309000000,
    "netIncomeRatio": 0.1166477916,
    "eps": 0.47,
    "epsdiluted": 0.47,
    "weightedAverageShsOut": 654000000,
    "weightedAverageShsOutDil": 659000000,
    "link": "https://www.sec.gov/Archives/edgar/data/10456/000095013406014360/0000950134-06-014360-index.htm",
    "finalLink": "https://www.sec.gov/Archives/edgar/data/10456/000095013406014360/c07180e10vq.htm"
  },
  {
    "date": "2006-03-31",
    "symbol": "BAX",
    "reportedCurrency": "USD",
    "cik": "0000010456",
    "fillingDate": "2006-05-03",
    "acceptedDate": "2006-05-03 17:25:36",
    "calendarYear": "2006",
    "period": "Q1",
    "revenue": 2409000000,
    "costOfRevenue": 1357000000,
    "grossProfit": 1052000000,
    "grossProfitRatio": 0.4366957244,
    "researchAndDevelopmentExpenses": 138000000,
    "generalAndAdministrativeExpenses": 0,
    "sellingAndMarketingExpenses": 0,
    "sellingGeneralAndAdministrativeExpenses": 526000000,
    "otherExpenses": 0,
    "operatingExpenses": 664000000,
    "costAndExpenses": 2021000000,
    "interestIncome": 0,
    "interestExpense": 0,
    "depreciationAndAmortization": 139000000,
    "ebitda": 527000000,
    "ebitdaratio": 0.2187629722,
    "operatingIncome": 388000000,
    "operatingIncomeRatio": 0.1610626816,
    "totalOtherIncomeExpensesNet": -34000000,
    "incomeBeforeTax": 354000000,
    "incomeBeforeTaxRatio": 0.1469489415,
    "incomeTaxExpense": 72000000,
    "netIncome": 282000000,
    "netIncomeRatio": 0.1170610212,
    "eps": 0.44,
    "epsdiluted": 0.43,
    "weightedAverageShsOut": 641000000,
    "weightedAverageShsOutDil": 648000000,
    "link": "https://www.sec.gov/Archives/edgar/data/10456/000095013706005333/0000950137-06-005333-index.htm",
    "finalLink": "https://www.sec.gov/Archives/edgar/data/10456/000095013706005333/c04751e10vq.htm"
  },
  {
    "date": "2005-12-31",
    "symbol": "BAX",
    "reportedCurrency": "USD",
    "cik": "0000010456",
    "fillingDate": "2006-03-07",
    "acceptedDate": "2006-03-07 17:16:49",
    "calendarYear": "2005",
    "period": "Q4",
    "revenue": 2491000000,
    "costOfRevenue": 1490000000,
    "grossProfit": 1001000000,
    "grossProfitRatio": 0.4018466479,
    "researchAndDevelopmentExpenses": 134000000,
    "generalAndAdministrativeExpenses": 0,
    "sellingAndMarketingExpenses": 0,
    "sellingGeneralAndAdministrativeExpenses": 519000000,
    "otherExpenses": 0,
    "operatingExpenses": 653000000,
    "costAndExpenses": 2143000000,
    "interestIncome": 0,
    "interestExpense": 0,
    "depreciationAndAmortization": 143000000,
    "ebitda": 491000000,
    "ebitdaratio": 0.1971095945,
    "operatingIncome": 348000000,
    "operatingIncomeRatio": 0.1397029305,
    "totalOtherIncomeExpensesNet": 36000000,
    "incomeBeforeTax": 384000000,
    "incomeBeforeTaxRatio": 0.1541549578,
    "incomeTaxExpense": 90000000,
    "netIncome": 292000000,
    "netIncomeRatio": 0.1172219992,
    "eps": 0.46,
    "epsdiluted": 0.45,
    "weightedAverageShsOut": 641000000,
    "weightedAverageShsOutDil": 648000000,
    "link": "https://www.sec.gov/Archives/edgar/data/10456/000095013706002686/0000950137-06-002686-index.htm",
    "finalLink": "https://www.sec.gov/Archives/edgar/data/10456/000095013706002686/c02804e10vk.htm"
  },
  {
    "date": "2005-09-30",
    "symbol": "BAX",
    "reportedCurrency": "USD",
    "cik": "0000010456",
    "fillingDate": "2005-11-03",
    "acceptedDate": "2005-11-03 17:09:55",
    "calendarYear": "2005",
    "period": "Q3",
    "revenue": 2398000000,
    "costOfRevenue": 1388000000,
    "grossProfit": 1010000000,
    "grossProfitRatio": 0.4211843203,
    "researchAndDevelopmentExpenses": 133000000,
    "generalAndAdministrativeExpenses": 0,
    "sellingAndMarketingExpenses": 0,
    "sellingGeneralAndAdministrativeExpenses": 491000000,
    "otherExpenses": 0,
    "operatingExpenses": 624000000,
    "costAndExpenses": 2012000000,
    "interestIncome": 0,
    "interestExpense": 0,
    "depreciationAndAmortization": 145000000,
    "ebitda": 531000000,
    "ebitdaratio": 0.2214345288,
    "operatingIncome": 386000000,
    "operatingIncomeRatio": 0.1609674729,
    "totalOtherIncomeExpensesNet": -36000000,
    "incomeBeforeTax": 350000000,
    "incomeBeforeTaxRatio": 0.1459549625,
    "incomeTaxExpense": 234000000,
    "netIncome": 116000000,
    "netIncomeRatio": 0.0483736447,
    "eps": 0.19,
    "epsdiluted": 0.18,
    "weightedAverageShsOut": 622000000,
    "weightedAverageShsOutDil": 632000000,
    "link": "https://www.sec.gov/Archives/edgar/data/10456/000095013705013292/0000950137-05-013292-index.htm",
    "finalLink": "https://www.sec.gov/Archives/edgar/data/10456/000095013705013292/c99475e10vq.htm"
  },
  {
    "date": "2005-06-30",
    "symbol": "BAX",
    "reportedCurrency": "USD",
    "cik": "0000010456",
    "fillingDate": "2005-08-09",
    "acceptedDate": "2005-08-08 19:08:31",
    "calendarYear": "2005",
    "period": "Q2",
    "revenue": 2577000000,
    "costOfRevenue": 1464000000,
    "grossProfit": 1113000000,
    "grossProfitRatio": 0.4318975553,
    "researchAndDevelopmentExpenses": 133000000,
    "generalAndAdministrativeExpenses": 0,
    "sellingAndMarketingExpenses": 0,
    "sellingGeneralAndAdministrativeExpenses": 537000000,
    "otherExpenses": -104000000,
    "operatingExpenses": 566000000,
    "costAndExpenses": 2030000000,
    "interestIncome": 0,
    "interestExpense": 0,
    "depreciationAndAmortization": 145000000,
    "ebitda": 588000000,
    "ebitdaratio": 0.2281722934,
    "operatingIncome": 547000000,
    "operatingIncomeRatio": 0.2122623205,
    "totalOtherIncomeExpensesNet": -135000000,
    "incomeBeforeTax": 412000000,
    "incomeBeforeTaxRatio": 0.1598758246,
    "incomeTaxExpense": 88000000,
    "netIncome": 322000000,
    "netIncomeRatio": 0.124951494,
    "eps": 0.52,
    "epsdiluted": 0.51,
    "weightedAverageShsOut": 621000000,
    "weightedAverageShsOutDil": 626000000,
    "link": "https://www.sec.gov/Archives/edgar/data/10456/000119312505161084/0001193125-05-161084-index.htm",
    "finalLink": "https://www.sec.gov/Archives/edgar/data/10456/000119312505161084/d10q.htm"
  },
  {
    "date": "2005-03-31",
    "symbol": "BAX",
    "reportedCurrency": "USD",
    "cik": "0000010456",
    "fillingDate": "2005-05-06",
    "acceptedDate": "2005-05-06 16:38:20",
    "calendarYear": "2005",
    "period": "Q1",
    "revenue": 2383000000,
    "costOfRevenue": 1414000000,
    "grossProfit": 969000000,
    "grossProfitRatio": 0.4066302979,
    "researchAndDevelopmentExpenses": 133000000,
    "generalAndAdministrativeExpenses": 0,
    "sellingAndMarketingExpenses": 0,
    "sellingGeneralAndAdministrativeExpenses": 507000000,
    "otherExpenses": 0,
    "operatingExpenses": 640000000,
    "costAndExpenses": 2054000000,
    "interestIncome": 0,
    "interestExpense": 0,
    "depreciationAndAmortization": 147000000,
    "ebitda": 476000000,
    "ebitdaratio": 0.1997482165,
    "operatingIncome": 329000000,
    "operatingIncomeRatio": 0.1380612673,
    "totalOtherIncomeExpensesNet": -31000000,
    "incomeBeforeTax": 298000000,
    "incomeBeforeTaxRatio": 0.1250524549,
    "incomeTaxExpense": 74000000,
    "netIncome": 226000000,
    "netIncomeRatio": 0.0948384389,
    "eps": 0.37,
    "epsdiluted": 0.36,
    "weightedAverageShsOut": 619000000,
    "weightedAverageShsOutDil": 623000000,
    "link": "https://www.sec.gov/Archives/edgar/data/10456/000119312505099328/0001193125-05-099328-index.htm",
    "finalLink": "https://www.sec.gov/Archives/edgar/data/10456/000119312505099328/d10q.htm"
  },
  {
    "date": "2004-12-31",
    "symbol": "BAX",
    "reportedCurrency": "USD",
    "cik": "0000010456",
    "fillingDate": "2005-03-16",
    "acceptedDate": "2005-03-16 13:33:55",
    "calendarYear": "2004",
    "period": "Q4",
    "revenue": 2601000000,
    "costOfRevenue": 1481000000,
    "grossProfit": 1120000000,
    "grossProfitRatio": 0.430603614,
    "researchAndDevelopmentExpenses": 128000000,
    "generalAndAdministrativeExpenses": 0,
    "sellingAndMarketingExpenses": 0,
    "sellingGeneralAndAdministrativeExpenses": 789000000,
    "otherExpenses": 0,
    "operatingExpenses": 917000000,
    "costAndExpenses": 2398000000,
    "interestIncome": 0,
    "interestExpense": 0,
    "depreciationAndAmortization": 156000000,
    "ebitda": 359000000,
    "ebitdaratio": 0.138023837,
    "operatingIncome": 203000000,
    "operatingIncomeRatio": 0.078046905,
    "totalOtherIncomeExpensesNet": -36000000,
    "incomeBeforeTax": 167000000,
    "incomeBeforeTaxRatio": 0.0642060746,
    "incomeTaxExpense": 61000000,
    "netIncome": 106000000,
    "netIncomeRatio": 0.0407535563,
    "eps": 0.17,
    "epsdiluted": 0.17,
    "weightedAverageShsOut": 619000000,
    "weightedAverageShsOutDil": 623000000,
    "link": "https://www.sec.gov/Archives/edgar/data/10456/000119312505052405/0001193125-05-052405-index.htm",
    "finalLink": "https://www.sec.gov/Archives/edgar/data/10456/000119312505052405/d10k.htm"
  },
  {
    "date": "2004-09-30",
    "symbol": "BAX",
    "reportedCurrency": "USD",
    "cik": "0000010456",
    "fillingDate": "2004-11-04",
    "acceptedDate": "2004-11-04 15:44:04",
    "calendarYear": "2004",
    "period": "Q3",
    "revenue": 2320000000,
    "costOfRevenue": 1357000000,
    "grossProfit": 963000000,
    "grossProfitRatio": 0.4150862069,
    "researchAndDevelopmentExpenses": 124000000,
    "generalAndAdministrativeExpenses": 0,
    "sellingAndMarketingExpenses": 0,
    "sellingGeneralAndAdministrativeExpenses": 462000000,
    "otherExpenses": 0,
    "operatingExpenses": 586000000,
    "costAndExpenses": 1943000000,
    "interestIncome": 0,
    "interestExpense": 0,
    "depreciationAndAmortization": 150000000,
    "ebitda": 527000000,
    "ebitdaratio": 0.2271551724,
    "operatingIncome": 377000000,
    "operatingIncomeRatio": 0.1625,
    "totalOtherIncomeExpensesNet": -31000000,
    "incomeBeforeTax": 346000000,
    "incomeBeforeTaxRatio": 0.149137931,
    "incomeTaxExpense": 87000000,
    "netIncome": 276000000,
    "netIncomeRatio": 0.1189655172,
    "eps": 0.45,
    "epsdiluted": 0.45,
    "weightedAverageShsOut": 615000000,
    "weightedAverageShsOutDil": 619000000,
    "link": "https://www.sec.gov/Archives/edgar/data/10456/000119312504186250/0001193125-04-186250-index.htm",
    "finalLink": "https://www.sec.gov/Archives/edgar/data/10456/000119312504186250/d10q.htm"
  },
  {
    "date": "2004-06-30",
    "symbol": "BAX",
    "reportedCurrency": "USD",
    "cik": "0000010456",
    "fillingDate": "2004-08-09",
    "acceptedDate": "2004-08-09 17:02:25",
    "calendarYear": "2004",
    "period": "Q2",
    "revenue": 2379000000,
    "costOfRevenue": 1440000000,
    "grossProfit": 939000000,
    "grossProfitRatio": 0.394703657,
    "researchAndDevelopmentExpenses": 129000000,
    "generalAndAdministrativeExpenses": 0,
    "sellingAndMarketingExpenses": 0,
    "sellingGeneralAndAdministrativeExpenses": 532000000,
    "otherExpenses": 543000000,
    "operatingExpenses": 1204000000,
    "costAndExpenses": 2644000000,
    "interestIncome": 0,
    "interestExpense": 0,
    "depreciationAndAmortization": 147000000,
    "ebitda": 425000000,
    "ebitdaratio": 0.1786464901,
    "operatingIncome": -265000000,
    "operatingIncomeRatio": -0.1113913409,
    "totalOtherIncomeExpensesNet": -67000000,
    "incomeBeforeTax": -332000000,
    "incomeBeforeTaxRatio": -0.1395544346,
    "incomeTaxExpense": -163000000,
    "netIncome": -170000000,
    "netIncomeRatio": -0.071458596,
    "eps": -0.28,
    "epsdiluted": -0.28,
    "weightedAverageShsOut": 613000000,
    "weightedAverageShsOutDil": 613000000,
    "link": "https://www.sec.gov/Archives/edgar/data/10456/000119312504136031/0001193125-04-136031-index.htm",
    "finalLink": "https://www.sec.gov/Archives/edgar/data/10456/000119312504136031/d10q.htm"
  },
  {
    "date": "2004-03-31",
    "symbol": "BAX",
    "reportedCurrency": "USD",
    "cik": "0000010456",
    "fillingDate": "2004-08-09",
    "acceptedDate": "2004-08-09 16:57:47",
    "calendarYear": "2004",
    "period": "Q1",
    "revenue": 2209000000,
    "costOfRevenue": 1315000000,
    "grossProfit": 894000000,
    "grossProfitRatio": 0.4047080127,
    "researchAndDevelopmentExpenses": 136000000,
    "generalAndAdministrativeExpenses": 0,
    "sellingAndMarketingExpenses": 0,
    "sellingGeneralAndAdministrativeExpenses": 464000000,
    "otherExpenses": 3000000,
    "operatingExpenses": 603000000,
    "costAndExpenses": 1918000000,
    "interestIncome": 0,
    "interestExpense": 0,
    "depreciationAndAmortization": 148000000,
    "ebitda": 439000000,
    "ebitdaratio": 0.1987324581,
    "operatingIncome": 291000000,
    "operatingIncomeRatio": 0.1317338162,
    "totalOtherIncomeExpensesNet": -39000000,
    "incomeBeforeTax": 252000000,
    "incomeBeforeTaxRatio": 0.1140787687,
    "incomeTaxExpense": 63000000,
    "netIncome": 178000000,
    "netIncomeRatio": 0.0805794477,
    "eps": 0.29,
    "epsdiluted": 0.29,
    "weightedAverageShsOut": 612000000,
    "weightedAverageShsOutDil": 616000000,
    "link": "https://www.sec.gov/Archives/edgar/data/10456/000119312504136014/0001193125-04-136014-index.htm",
    "finalLink": "https://www.sec.gov/Archives/edgar/data/10456/000119312504136014/d10qa.htm"
  },
  {
    "date": "2003-12-31",
    "symbol": "BAX",
    "reportedCurrency": "USD",
    "cik": "0000010456",
    "fillingDate": "2005-03-14",
    "acceptedDate": "2005-03-14 16:47:37",
    "calendarYear": "2003",
    "period": "Q4",
    "revenue": 2537000000,
    "costOfRevenue": 1397000000,
    "grossProfit": 1140000000,
    "grossProfitRatio": 0.4493496255,
    "researchAndDevelopmentExpenses": 141000000,
    "generalAndAdministrativeExpenses": 0,
    "sellingAndMarketingExpenses": 0,
    "sellingGeneralAndAdministrativeExpenses": 481000000,
    "otherExpenses": 0,
    "operatingExpenses": 622000000,
    "costAndExpenses": 2019000000,
    "interestIncome": 0,
    "interestExpense": 0,
    "depreciationAndAmortization": 146000000,
    "ebitda": 664000000,
    "ebitdaratio": 0.2617264486,
    "operatingIncome": 518000000,
    "operatingIncomeRatio": 0.2041781632,
    "totalOtherIncomeExpensesNet": -12000000,
    "incomeBeforeTax": 506000000,
    "incomeBeforeTaxRatio": 0.1994481671,
    "incomeTaxExpense": 128000000,
    "netIncome": 371000000,
    "netIncomeRatio": 0.1462357115,
    "eps": 0.61,
    "epsdiluted": 0.6,
    "weightedAverageShsOut": 612000000,
    "weightedAverageShsOutDil": 616000000,
    "link": "https://www.sec.gov/Archives/edgar/data/10456/000119312505049548/0001193125-05-049548-index.htm",
    "finalLink": "https://www.sec.gov/Archives/edgar/data/10456/000119312505049548/d10ka.htm"
  },
  {
    "date": "2003-09-30",
    "symbol": "BAX",
    "reportedCurrency": "USD",
    "cik": "0000010456",
    "fillingDate": "2003-11-06",
    "acceptedDate": "2003-11-06 14:25:53",
    "calendarYear": "2003",
    "period": "Q3",
    "revenue": 2219000000,
    "costOfRevenue": 1247000000,
    "grossProfit": 972000000,
    "grossProfitRatio": 0.438035151,
    "researchAndDevelopmentExpenses": 137000000,
    "generalAndAdministrativeExpenses": 0,
    "sellingAndMarketingExpenses": 0,
    "sellingGeneralAndAdministrativeExpenses": 438000000,
    "otherExpenses": 0,
    "operatingExpenses": 575000000,
    "costAndExpenses": 1822000000,
    "interestIncome": 0,
    "interestExpense": 0,
    "depreciationAndAmortization": 140000000,
    "ebitda": 537000000,
    "ebitdaratio": 0.2420009013,
    "operatingIncome": 397000000,
    "operatingIncomeRatio": 0.1789094187,
    "totalOtherIncomeExpensesNet": -31000000,
    "incomeBeforeTax": 366000000,
    "incomeBeforeTaxRatio": 0.1649391618,
    "incomeTaxExpense": 88000000,
    "netIncome": 256000000,
    "netIncomeRatio": 0.1153672826,
    "eps": 0.43,
    "epsdiluted": 0.43,
    "weightedAverageShsOut": 589000000,
    "weightedAverageShsOutDil": 592000000,
    "link": "https://www.sec.gov/Archives/edgar/data/10456/000119312503074247/0001193125-03-074247-index.htm",
    "finalLink": "https://www.sec.gov/Archives/edgar/data/10456/000119312503074247/d10q.htm"
  },
  {
    "date": "2003-06-30",
    "symbol": "BAX",
    "reportedCurrency": "USD",
    "cik": "0000010456",
    "fillingDate": "2003-08-13",
    "acceptedDate": "2003-08-13 17:05:09",
    "calendarYear": "2003",
    "period": "Q2",
    "revenue": 2162000000,
    "costOfRevenue": 1191000000,
    "grossProfit": 971000000,
    "grossProfitRatio": 0.4491211841,
    "researchAndDevelopmentExpenses": 139000000,
    "generalAndAdministrativeExpenses": 0,
    "sellingAndMarketingExpenses": 0,
    "sellingGeneralAndAdministrativeExpenses": 466000000,
    "otherExpenses": 337000000,
    "operatingExpenses": 942000000,
    "costAndExpenses": 2133000000,
    "interestIncome": 0,
    "interestExpense": 0,
    "depreciationAndAmortization": 131000000,
    "ebitda": 497000000,
    "ebitdaratio": 0.229879741,
    "operatingIncome": 29000000,
    "operatingIncomeRatio": 0.013413506,
    "totalOtherIncomeExpensesNet": -41000000,
    "incomeBeforeTax": -12000000,
    "incomeBeforeTaxRatio": -0.0055504163,
    "incomeTaxExpense": -58000000,
    "netIncome": 35000000,
    "netIncomeRatio": 0.0161887142,
    "eps": 0.06,
    "epsdiluted": 0.06,
    "weightedAverageShsOut": 598000000,
    "weightedAverageShsOutDil": 613000000,
    "link": "https://www.sec.gov/Archives/edgar/data/10456/000119312503036139/0001193125-03-036139-index.htm",
    "finalLink": "https://www.sec.gov/Archives/edgar/data/10456/000119312503036139/d10q.txt"
  },
  {
    "date": "2003-03-31",
    "symbol": "BAX",
    "reportedCurrency": "USD",
    "cik": "0000010456",
    "fillingDate": "2003-05-07",
    "acceptedDate": "2003-05-07 16:28:07",
    "calendarYear": "2003",
    "period": "Q1",
    "revenue": 1997000000,
    "costOfRevenue": 1117000000,
    "grossProfit": 880000000,
    "grossProfitRatio": 0.4406609915,
    "researchAndDevelopmentExpenses": 136000000,
    "generalAndAdministrativeExpenses": 0,
    "sellingAndMarketingExpenses": 0,
    "sellingGeneralAndAdministrativeExpenses": 413000000,
    "otherExpenses": 0,
    "operatingExpenses": 549000000,
    "costAndExpenses": 1666000000,
    "interestIncome": 0,
    "interestExpense": 0,
    "depreciationAndAmortization": 128000000,
    "ebitda": 459000000,
    "ebitdaratio": 0.2298447672,
    "operatingIncome": 331000000,
    "operatingIncomeRatio": 0.1657486229,
    "totalOtherIncomeExpensesNet": -45000000,
    "incomeBeforeTax": 286000000,
    "incomeBeforeTaxRatio": 0.1432148222,
    "incomeTaxExpense": 69000000,
    "netIncome": 216000000,
    "netIncomeRatio": 0.1081622434,
    "eps": 0.36,
    "epsdiluted": 0.35,
    "weightedAverageShsOut": 598000000,
    "weightedAverageShsOutDil": 611000000,
    "link": "https://www.sec.gov/Archives/edgar/data/10456/000095013103002667/0000950131-03-002667-index.htm",
    "finalLink": "https://www.sec.gov/Archives/edgar/data/10456/000095013103002667/d10q.txt"
  },
  {
    "date": "2002-12-31",
    "symbol": "BAX",
    "reportedCurrency": "USD",
    "cik": "0000010456",
    "fillingDate": "2003-03-12",
    "acceptedDate": "2003-03-12 17:06:10",
    "calendarYear": "2002",
    "period": "Q4",
    "revenue": 2036000000,
    "costOfRevenue": 997000000,
    "grossProfit": 1039000000,
    "grossProfitRatio": 0.5103143418,
    "researchAndDevelopmentExpenses": 141000000,
    "generalAndAdministrativeExpenses": 0,
    "sellingAndMarketingExpenses": 0,
    "sellingGeneralAndAdministrativeExpenses": 387000000,
    "otherExpenses": 138000000,
    "operatingExpenses": 666000000,
    "costAndExpenses": 1663000000,
    "interestIncome": 0,
    "interestExpense": 0,
    "depreciationAndAmortization": 107000000,
    "ebitda": 618000000,
    "ebitdaratio": 0.3035363458,
    "operatingIncome": 373000000,
    "operatingIncomeRatio": 0.1832023576,
    "totalOtherIncomeExpensesNet": -17000000,
    "incomeBeforeTax": 356000000,
    "incomeBeforeTaxRatio": 0.1748526523,
    "incomeTaxExpense": 92000000,
    "netIncome": 9000000,
    "netIncomeRatio": 0.0044204322,
    "eps": 0.015,
    "epsdiluted": 0.015,
    "weightedAverageShsOut": 598000000,
    "weightedAverageShsOutDil": 611000000,
    "link": "https://www.sec.gov/Archives/edgar/data/10456/000095013103001306/0000950131-03-001306-index.htm",
    "finalLink": "https://www.sec.gov/Archives/edgar/data/10456/000095013103001306/d10k.txt"
  },
  {
    "date": "2002-09-30",
    "symbol": "BAX",
    "reportedCurrency": "USD",
    "cik": "0000010456",
    "fillingDate": "2002-11-12",
    "acceptedDate": "2002-11-12 09:06:24",
    "calendarYear": "2002",
    "period": "Q3",
    "revenue": 2102000000,
    "costOfRevenue": 1156000000,
    "grossProfit": 946000000,
    "grossProfitRatio": 0.4500475737,
    "researchAndDevelopmentExpenses": 122000000,
    "generalAndAdministrativeExpenses": 0,
    "sellingAndMarketingExpenses": 0,
    "sellingGeneralAndAdministrativeExpenses": 385000000,
    "otherExpenses": 0,
    "operatingExpenses": 507000000,
    "costAndExpenses": 1663000000,
    "interestIncome": 0,
    "interestExpense": 0,
    "depreciationAndAmortization": 120000000,
    "ebitda": 559000000,
    "ebitdaratio": 0.2659372027,
    "operatingIncome": 439000000,
    "operatingIncomeRatio": 0.2088487155,
    "totalOtherIncomeExpensesNet": -17000000,
    "incomeBeforeTax": 422000000,
    "incomeBeforeTaxRatio": 0.2007611798,
    "incomeTaxExpense": 106000000,
    "netIncome": 316000000,
    "netIncomeRatio": 0.1503330162,
    "eps": 0.52,
    "epsdiluted": 0.51,
    "weightedAverageShsOut": 603000000,
    "weightedAverageShsOutDil": 624000000,
    "link": "https://www.sec.gov/Archives/edgar/data/10456/000095013102004272/0000950131-02-004272-index.htm",
    "finalLink": "https://www.sec.gov/Archives/edgar/data/10456/000095013102004272/d10q.txt"
  },
  {
    "date": "2002-06-30",
    "symbol": "BAX",
    "reportedCurrency": "USD",
    "cik": "0000010456",
    "fillingDate": "2002-08-07",
    "acceptedDate": "2002-08-07 12:06:06",
    "calendarYear": "2002",
    "period": "Q2",
    "revenue": 2022000000,
    "costOfRevenue": 1101000000,
    "grossProfit": 921000000,
    "grossProfitRatio": 0.4554896142,
    "researchAndDevelopmentExpenses": 123000000,
    "generalAndAdministrativeExpenses": 0,
    "sellingAndMarketingExpenses": 0,
    "sellingGeneralAndAdministrativeExpenses": 390000000,
    "otherExpenses": 51000000,
    "operatingExpenses": 564000000,
    "costAndExpenses": 1665000000,
    "interestIncome": 0,
    "interestExpense": 0,
    "depreciationAndAmortization": 109000000,
    "ebitda": 517000000,
    "ebitdaratio": 0.2556874382,
    "operatingIncome": 357000000,
    "operatingIncomeRatio": 0.1765578635,
    "totalOtherIncomeExpensesNet": -80000000,
    "incomeBeforeTax": 277000000,
    "incomeBeforeTaxRatio": 0.1369930762,
    "incomeTaxExpense": 77000000,
    "netIncome": 200000000,
    "netIncomeRatio": 0.0989119683,
    "eps": 0.33,
    "epsdiluted": 0.32,
    "weightedAverageShsOut": 602000000,
    "weightedAverageShsOutDil": 622000000,
    "link": "https://www.sec.gov/Archives/edgar/data/10456/000095013102002977/0000950131-02-002977-index.htm",
    "finalLink": "https://www.sec.gov/Archives/edgar/data/10456/000095013102002977/d10q.txt"
  },
  {
    "date": "2002-03-31",
    "symbol": "BAX",
    "reportedCurrency": "USD",
    "cik": "0000010456",
    "fillingDate": "2002-05-03",
    "acceptedDate": "2002-05-03 11:56:44",
    "calendarYear": "2002",
    "period": "Q1",
    "revenue": 1875000000,
    "costOfRevenue": 995000000,
    "grossProfit": 880000000,
    "grossProfitRatio": 0.4693333333,
    "researchAndDevelopmentExpenses": 115000000,
    "generalAndAdministrativeExpenses": 0,
    "sellingAndMarketingExpenses": 0,
    "sellingGeneralAndAdministrativeExpenses": 393000000,
    "otherExpenses": 0,
    "operatingExpenses": 508000000,
    "costAndExpenses": 1503000000,
    "interestIncome": 0,
    "interestExpense": 0,
    "depreciationAndAmortization": 103000000,
    "ebitda": 475000000,
    "ebitdaratio": 0.2533333333,
    "operatingIncome": 372000000,
    "operatingIncomeRatio": 0.1984,
    "totalOtherIncomeExpensesNet": -28000000,
    "incomeBeforeTax": 344000000,
    "incomeBeforeTaxRatio": 0.1834666667,
    "incomeTaxExpense": 91000000,
    "netIncome": 253000000,
    "netIncomeRatio": 0.1349333333,
    "eps": 0.42,
    "epsdiluted": 0.41,
    "weightedAverageShsOut": 600000000,
    "weightedAverageShsOutDil": 622000000,
    "link": "https://www.sec.gov/Archives/edgar/data/10456/000095013102001798/0000950131-02-001798-index.htm",
    "finalLink": "https://www.sec.gov/Archives/edgar/data/10456/000095013102001798/d10q.txt"
  },
  {
    "date": "2001-12-31",
    "symbol": "BAX",
    "reportedCurrency": "USD",
    "cik": "0000010456",
    "fillingDate": "2002-03-13",
    "acceptedDate": "2002-03-13 00:00:00",
    "calendarYear": "2001",
    "period": "Q4",
    "revenue": 2136000000,
    "costOfRevenue": 1152000000,
    "grossProfit": 984000000,
    "grossProfitRatio": 0.4606741573,
    "researchAndDevelopmentExpenses": 115000000,
    "generalAndAdministrativeExpenses": 0,
    "sellingAndMarketingExpenses": 0,
    "sellingGeneralAndAdministrativeExpenses": 413000000,
    "otherExpenses": 292000000,
    "operatingExpenses": 820000000,
    "costAndExpenses": 1972000000,
    "interestIncome": 0,
    "interestExpense": 0,
    "depreciationAndAmortization": 113000000,
    "ebitda": 557000000,
    "ebitdaratio": 0.2607677903,
    "operatingIncome": 164000000,
    "operatingIncomeRatio": 0.0767790262,
    "totalOtherIncomeExpensesNet": -197000000,
    "incomeBeforeTax": -33000000,
    "incomeBeforeTaxRatio": -0.0154494382,
    "incomeTaxExpense": 42000000,
    "netIncome": -75000000,
    "netIncomeRatio": -0.0351123596,
    "eps": -0.12,
    "epsdiluted": -0.12,
    "weightedAverageShsOut": 600000000,
    "weightedAverageShsOutDil": 622000000,
    "link": "https://www.sec.gov/Archives/edgar/data/10456/000095013102000882/0000950131-02-000882-index.htm",
    "finalLink": "https://www.sec.gov/Archives/edgar/data/10456/000095013102000882/d10k.txt"
  },
  {
    "date": "2001-09-30",
    "symbol": "BAX",
    "reportedCurrency": "USD",
    "cik": "0000010456",
    "fillingDate": "2001-11-06",
    "acceptedDate": "2001-11-06 00:00:00",
    "calendarYear": "2001",
    "period": "Q3",
    "revenue": 1900000000,
    "costOfRevenue": 1045000000,
    "grossProfit": 855000000,
    "grossProfitRatio": 0.45,
    "researchAndDevelopmentExpenses": 105000000,
    "generalAndAdministrativeExpenses": 0,
    "sellingAndMarketingExpenses": 0,
    "sellingGeneralAndAdministrativeExpenses": 352000000,
    "otherExpenses": 12000000,
    "operatingExpenses": 469000000,
    "costAndExpenses": 1514000000,
    "interestIncome": 0,
    "interestExpense": 0,
    "depreciationAndAmortization": 111000000,
    "ebitda": 497000000,
    "ebitdaratio": 0.2615789474,
    "operatingIncome": 386000000,
    "operatingIncomeRatio": 0.2031578947,
    "totalOtherIncomeExpensesNet": -18000000,
    "incomeBeforeTax": 368000000,
    "incomeBeforeTaxRatio": 0.1936842105,
    "incomeTaxExpense": 96000000,
    "netIncome": 272000000,
    "netIncomeRatio": 0.1431578947,
    "eps": 0.46,
    "epsdiluted": 0.45,
    "weightedAverageShsOut": 589000000,
    "weightedAverageShsOutDil": 609000000,
    "link": "https://www.sec.gov/Archives/edgar/data/10456/000095013101503991/0000950131-01-503991-index.htm",
    "finalLink": "https://www.sec.gov/Archives/edgar/data/10456/000095013101503991/d10q.txt"
  },
  {
    "date": "2001-06-30",
    "symbol": "BAX",
    "reportedCurrency": "USD",
    "cik": "0000010456",
    "fillingDate": "2001-08-09",
    "acceptedDate": "2001-08-09 00:00:00",
    "calendarYear": "2001",
    "period": "Q2",
    "revenue": 1870000000,
    "costOfRevenue": 1044000000,
    "grossProfit": 826000000,
    "grossProfitRatio": 0.4417112299,
    "researchAndDevelopmentExpenses": 104000000,
    "generalAndAdministrativeExpenses": 0,
    "sellingAndMarketingExpenses": 0,
    "sellingGeneralAndAdministrativeExpenses": 361000000,
    "otherExpenses": 11000000,
    "operatingExpenses": 476000000,
    "costAndExpenses": 1520000000,
    "interestIncome": 0,
    "interestExpense": 0,
    "depreciationAndAmortization": 109000000,
    "ebitda": 459000000,
    "ebitdaratio": 0.2454545455,
    "operatingIncome": 350000000,
    "operatingIncomeRatio": 0.1871657754,
    "totalOtherIncomeExpensesNet": -8000000,
    "incomeBeforeTax": 342000000,
    "incomeBeforeTaxRatio": 0.1828877005,
    "incomeTaxExpense": 89000000,
    "netIncome": 253000000,
    "netIncomeRatio": 0.1352941176,
    "eps": 0.43,
    "epsdiluted": 0.42,
    "weightedAverageShsOut": 590000000,
    "weightedAverageShsOutDil": 608000000,
    "link": "https://www.sec.gov/Archives/edgar/data/10456/000095013101502780/0000950131-01-502780-index.htm",
    "finalLink": "https://www.sec.gov/Archives/edgar/data/10456/000095013101502780/d10q.txt"
  },
  {
    "date": "2001-03-31",
    "symbol": "BAX",
    "reportedCurrency": "USD",
    "cik": "0000010456",
    "fillingDate": "2001-05-15",
    "acceptedDate": "2001-05-15 00:00:00",
    "calendarYear": "2001",
    "period": "Q1",
    "revenue": 1757000000,
    "costOfRevenue": 986000000,
    "grossProfit": 771000000,
    "grossProfitRatio": 0.4388161639,
    "researchAndDevelopmentExpenses": 103000000,
    "generalAndAdministrativeExpenses": 0,
    "sellingAndMarketingExpenses": 0,
    "sellingGeneralAndAdministrativeExpenses": 343000000,
    "otherExpenses": 12000000,
    "operatingExpenses": 458000000,
    "costAndExpenses": 1444000000,
    "interestIncome": 0,
    "interestExpense": 0,
    "depreciationAndAmortization": 108000000,
    "ebitda": 421000000,
    "ebitdaratio": 0.2396129767,
    "operatingIncome": 313000000,
    "operatingIncomeRatio": 0.1781445646,
    "totalOtherIncomeExpensesNet": -26000000,
    "incomeBeforeTax": 287000000,
    "incomeBeforeTaxRatio": 0.1633466135,
    "incomeTaxExpense": 73000000,
    "netIncome": 162000000,
    "netIncomeRatio": 0.0922026181,
    "eps": 0.28,
    "epsdiluted": 0.27,
    "weightedAverageShsOut": 590000000,
    "weightedAverageShsOutDil": 606000000,
    "link": "https://www.sec.gov/Archives/edgar/data/10456/000095013101501484/0000950131-01-501484-index.htm",
    "finalLink": "https://www.sec.gov/Archives/edgar/data/10456/000095013101501484/d10q.txt"
  },
  {
    "date": "2000-12-31",
    "symbol": "BAX",
    "reportedCurrency": "USD",
    "cik": "0000010456",
    "fillingDate": "2001-03-23",
    "acceptedDate": "2001-03-23 00:00:00",
    "calendarYear": "2000",
    "period": "Q4",
    "revenue": 1932000000,
    "costOfRevenue": 972000000,
    "grossProfit": 960000000,
    "grossProfitRatio": 0.4968944099,
    "researchAndDevelopmentExpenses": 106000000,
    "generalAndAdministrativeExpenses": 0,
    "sellingAndMarketingExpenses": 0,
    "sellingGeneralAndAdministrativeExpenses": 406000000,
    "otherExpenses": 104000000,
    "operatingExpenses": 616000000,
    "costAndExpenses": 1588000000,
    "interestIncome": 0,
    "interestExpense": 0,
    "depreciationAndAmortization": 104000000,
    "ebitda": 448000000,
    "ebitdaratio": 0.231884058,
    "operatingIncome": 344000000,
    "operatingIncomeRatio": 0.1780538302,
    "totalOtherIncomeExpensesNet": 20000000,
    "incomeBeforeTax": 364000000,
    "incomeBeforeTaxRatio": 0.1884057971,
    "incomeTaxExpense": 94000000,
    "netIncome": 270000000,
    "netIncomeRatio": 0.1397515528,
    "eps": 0.46,
    "epsdiluted": 0.45,
    "weightedAverageShsOut": 590000000,
    "weightedAverageShsOutDil": 606000000,
    "link": "https://www.sec.gov/Archives/edgar/data/10456/000095013101001585/0000950131-01-001585-index.htm",
    "finalLink": "https://www.sec.gov/Archives/edgar/data/10456/000095013101001585/0000950131-01-001585-0001.txt"
  },
  {
    "date": "2000-09-30",
    "symbol": "BAX",
    "reportedCurrency": "USD",
    "cik": "0000010456",
    "fillingDate": "2000-11-14",
    "acceptedDate": "2000-11-14 00:00:00",
    "calendarYear": "2000",
    "period": "Q3",
    "revenue": 1687000000,
    "costOfRevenue": 816000000,
    "grossProfit": 871000000,
    "grossProfitRatio": 0.5163011263,
    "researchAndDevelopmentExpenses": 97000000,
    "generalAndAdministrativeExpenses": 0,
    "sellingAndMarketingExpenses": 0,
    "sellingGeneralAndAdministrativeExpenses": 328000000,
    "otherExpenses": 118000000,
    "operatingExpenses": 543000000,
    "costAndExpenses": 1359000000,
    "interestIncome": 0,
    "interestExpense": 0,
    "depreciationAndAmortization": 118000000,
    "ebitda": 446000000,
    "ebitdaratio": 0.2643746295,
    "operatingIncome": 328000000,
    "operatingIncomeRatio": 0.1944279787,
    "totalOtherIncomeExpensesNet": -16000000,
    "incomeBeforeTax": 312000000,
    "incomeBeforeTaxRatio": 0.184943687,
    "incomeTaxExpense": 81000000,
    "netIncome": 231000000,
    "netIncomeRatio": 0.1369294606,
    "eps": 0.39,
    "epsdiluted": 0.39,
    "weightedAverageShsOut": 590000000,
    "weightedAverageShsOutDil": 604000000,
    "link": "https://www.sec.gov/Archives/edgar/data/10456/000095013100006397/0000950131-00-006397-index.htm",
    "finalLink": "https://www.sec.gov/Archives/edgar/data/10456/000095013100006397/0000950131-00-006397-0001.txt"
  },
  {
    "date": "2000-06-30",
    "symbol": "BAX",
    "reportedCurrency": "USD",
    "cik": "0000010456",
    "fillingDate": "2000-08-10",
    "acceptedDate": "2000-08-10 00:00:00",
    "calendarYear": "2000",
    "period": "Q2",
    "revenue": 1694000000,
    "costOfRevenue": 867000000,
    "grossProfit": 827000000,
    "grossProfitRatio": 0.4881936246,
    "researchAndDevelopmentExpenses": 93000000,
    "generalAndAdministrativeExpenses": 0,
    "sellingAndMarketingExpenses": 0,
    "sellingGeneralAndAdministrativeExpenses": 336000000,
    "otherExpenses": 86000000,
    "operatingExpenses": 515000000,
    "costAndExpenses": 1382000000,
    "interestIncome": 0,
    "interestExpense": 0,
    "depreciationAndAmortization": 86000000,
    "ebitda": 398000000,
    "ebitdaratio": 0.2349468713,
    "operatingIncome": 312000000,
    "operatingIncomeRatio": 0.1841794569,
    "totalOtherIncomeExpensesNet": -299000000,
    "incomeBeforeTax": 13000000,
    "incomeBeforeTaxRatio": 0.007674144,
    "incomeTaxExpense": -33000000,
    "netIncome": 48000000,
    "netIncomeRatio": 0.0283353011,
    "eps": 0.08,
    "epsdiluted": 0.08,
    "weightedAverageShsOut": 582000000,
    "weightedAverageShsOutDil": 594000000,
    "link": "https://www.sec.gov/Archives/edgar/data/10456/000095013100004778/0000950131-00-004778-index.htm",
    "finalLink": "https://www.sec.gov/Archives/edgar/data/10456/000095013100004778/0000950131-00-004778-0001.txt"
  },
  {
    "date": "2000-03-31",
    "symbol": "BAX",
    "reportedCurrency": "USD",
    "cik": "0000010456",
    "fillingDate": "2000-05-12",
    "acceptedDate": "2000-05-12 00:00:00",
    "calendarYear": "2000",
    "period": "Q1",
    "revenue": 1583000000,
    "costOfRevenue": 804000000,
    "grossProfit": 779000000,
    "grossProfitRatio": 0.4921036008,
    "researchAndDevelopmentExpenses": 83000000,
    "generalAndAdministrativeExpenses": 0,
    "sellingAndMarketingExpenses": 0,
    "sellingGeneralAndAdministrativeExpenses": 315000000,
    "otherExpenses": 97000000,
    "operatingExpenses": 495000000,
    "costAndExpenses": 1299000000,
    "interestIncome": 0,
    "interestExpense": 0,
    "depreciationAndAmortization": 97000000,
    "ebitda": 381000000,
    "ebitdaratio": 0.2406822489,
    "operatingIncome": 284000000,
    "operatingIncomeRatio": 0.1794061908,
    "totalOtherIncomeExpensesNet": -27000000,
    "incomeBeforeTax": 257000000,
    "incomeBeforeTaxRatio": 0.1623499684,
    "incomeTaxExpense": 66000000,
    "netIncome": 191000000,
    "netIncomeRatio": 0.1206569804,
    "eps": 0.35,
    "epsdiluted": 0.35,
    "weightedAverageShsOut": 580000000,
    "weightedAverageShsOutDil": 592000000,
    "link": "https://www.sec.gov/Archives/edgar/data/10456/000095013100003336/0000950131-00-003336-index.html",
    "finalLink": "https://www.sec.gov/Archives/edgar/data/10456/000095013100003336/"
  },
  {
    "date": "1999-12-31",
    "symbol": "BAX",
    "reportedCurrency": "USD",
    "cik": "0000010456",
    "fillingDate": "2000-03-23",
    "acceptedDate": "2000-03-23 00:00:00",
    "calendarYear": "1999",
    "period": "Q4",
    "revenue": 1769000000,
    "costOfRevenue": 898000000,
    "grossProfit": 871000000,
    "grossProfitRatio": 0.4923685698,
    "researchAndDevelopmentExpenses": 90000000,
    "generalAndAdministrativeExpenses": 0,
    "sellingAndMarketingExpenses": 0,
    "sellingGeneralAndAdministrativeExpenses": 360000000,
    "otherExpenses": 93000000,
    "operatingExpenses": 543000000,
    "costAndExpenses": 1441000000,
    "interestIncome": 0,
    "interestExpense": 0,
    "depreciationAndAmortization": 93000000,
    "ebitda": 421000000,
    "ebitdaratio": 0.2379875636,
    "operatingIncome": 328000000,
    "operatingIncomeRatio": 0.185415489,
    "totalOtherIncomeExpensesNet": -15000000,
    "incomeBeforeTax": 313000000,
    "incomeBeforeTaxRatio": 0.1769361221,
    "incomeTaxExpense": 82000000,
    "netIncome": 229000000,
    "netIncomeRatio": 0.1294516676,
    "eps": 0.39,
    "epsdiluted": 0.39,
    "weightedAverageShsOut": 580000000,
    "weightedAverageShsOutDil": 592000000,
    "link": "https://www.sec.gov/Archives/edgar/data/10456/000095013100001927/0000950131-00-001927-index.html",
    "finalLink": "https://www.sec.gov/Archives/edgar/data/10456/000095013100001927/"
  },
  {
    "date": "1999-09-30",
    "symbol": "BAX",
    "reportedCurrency": "USD",
    "cik": "0000010456",
    "fillingDate": "1999-11-12",
    "acceptedDate": "1999-11-12 00:00:00",
    "calendarYear": "1999",
    "period": "Q3",
    "revenue": 1589000000,
    "costOfRevenue": 828000000,
    "grossProfit": 761000000,
    "grossProfitRatio": 0.4789175582,
    "researchAndDevelopmentExpenses": 83000000,
    "generalAndAdministrativeExpenses": 0,
    "sellingAndMarketingExpenses": 0,
    "sellingGeneralAndAdministrativeExpenses": 328000000,
    "otherExpenses": 52000000,
    "operatingExpenses": 463000000,
    "costAndExpenses": 1291000000,
    "interestIncome": 0,
    "interestExpense": 0,
    "depreciationAndAmortization": 52000000,
    "ebitda": 350000000,
    "ebitdaratio": 0.2202643172,
    "operatingIncome": 298000000,
    "operatingIncomeRatio": 0.1875393329,
    "totalOtherIncomeExpensesNet": -31000000,
    "incomeBeforeTax": 267000000,
    "incomeBeforeTaxRatio": 0.1680302077,
    "incomeTaxExpense": 70000000,
    "netIncome": 210000000,
    "netIncomeRatio": 0.1321585903,
    "eps": 0.36,
    "epsdiluted": 0.36,
    "weightedAverageShsOut": 584000000,
    "weightedAverageShsOutDil": 594000000,
    "link": "https://www.sec.gov/Archives/edgar/data/10456/000095013199006283/0000950131-99-006283-index.html",
    "finalLink": "https://www.sec.gov/Archives/edgar/data/10456/000095013199006283/"
  },
  {
    "date": "1999-06-30",
    "symbol": "BAX",
    "reportedCurrency": "USD",
    "cik": "0000010456",
    "fillingDate": "1999-08-16",
    "acceptedDate": "1999-08-16 00:00:00",
    "calendarYear": "1999",
    "period": "Q2",
    "revenue": 1560000000,
    "costOfRevenue": 766000000,
    "grossProfit": 794000000,
    "grossProfitRatio": 0.508974359,
    "researchAndDevelopmentExpenses": 84000000,
    "generalAndAdministrativeExpenses": 0,
    "sellingAndMarketingExpenses": 0,
    "sellingGeneralAndAdministrativeExpenses": 319000000,
    "otherExpenses": 108000000,
    "operatingExpenses": 511000000,
    "costAndExpenses": 1277000000,
    "interestIncome": 0,
    "interestExpense": 0,
    "depreciationAndAmortization": 130000000,
    "ebitda": 413000000,
    "ebitdaratio": 0.2647435897,
    "operatingIncome": 283000000,
    "operatingIncomeRatio": 0.1814102564,
    "totalOtherIncomeExpensesNet": -28000000,
    "incomeBeforeTax": 255000000,
    "incomeBeforeTaxRatio": 0.1634615385,
    "incomeTaxExpense": 66000000,
    "netIncome": 207000000,
    "netIncomeRatio": 0.1326923077,
    "eps": 0.36,
    "epsdiluted": 0.35,
    "weightedAverageShsOut": 580000000,
    "weightedAverageShsOutDil": 590000000,
    "link": "https://www.sec.gov/Archives/edgar/data/10456/000095013199004977/0000950131-99-004977-index.html",
    "finalLink": "https://www.sec.gov/Archives/edgar/data/10456/000095013199004977/"
  },
  {
    "date": "1999-03-31",
    "symbol": "BAX",
    "reportedCurrency": "USD",
    "cik": "0000010456",
    "fillingDate": "1999-05-13",
    "acceptedDate": "1999-05-13 00:00:00",
    "calendarYear": "1999",
    "period": "Q1",
    "revenue": 1462000000,
    "costOfRevenue": 745000000,
    "grossProfit": 717000000,
    "grossProfitRatio": 0.4904240766,
    "researchAndDevelopmentExpenses": 75000000,
    "generalAndAdministrativeExpenses": 0,
    "sellingAndMarketingExpenses": 0,
    "sellingGeneralAndAdministrativeExpenses": 304000000,
    "otherExpenses": 97000000,
    "operatingExpenses": 476000000,
    "costAndExpenses": 1221000000,
    "interestIncome": 0,
    "interestExpense": 0,
    "depreciationAndAmortization": 97000000,
    "ebitda": 338000000,
    "ebitdaratio": 0.2311901505,
    "operatingIncome": 241000000,
    "operatingIncomeRatio": 0.1648426813,
    "totalOtherIncomeExpensesNet": -25000000,
    "incomeBeforeTax": 216000000,
    "incomeBeforeTaxRatio": 0.1477428181,
    "incomeTaxExpense": 54000000,
    "netIncome": 151000000,
    "netIncomeRatio": 0.1032831737,
    "eps": 0.27,
    "epsdiluted": 0.26,
    "weightedAverageShsOut": 574000000,
    "weightedAverageShsOutDil": 586000000,
    "link": "https://www.sec.gov/Archives/edgar/data/10456/000095013199003071/0000950131-99-003071-index.html",
    "finalLink": "https://www.sec.gov/Archives/edgar/data/10456/"
  },
  {
    "date": "1998-12-31",
    "symbol": "BAX",
    "reportedCurrency": "USD",
    "cik": "0000010456",
    "fillingDate": "1999-03-19",
    "acceptedDate": "1999-03-19 00:00:00",
    "calendarYear": "1998",
    "period": "Q4",
    "revenue": 1836000000,
    "costOfRevenue": 919000000,
    "grossProfit": 917000000,
    "grossProfitRatio": 0.4994553377,
    "researchAndDevelopmentExpenses": 92000000,
    "generalAndAdministrativeExpenses": 0,
    "sellingAndMarketingExpenses": 0,
    "sellingGeneralAndAdministrativeExpenses": 397000000,
    "otherExpenses": 112000000,
    "operatingExpenses": 601000000,
    "costAndExpenses": 1520000000,
    "interestIncome": 0,
    "interestExpense": 0,
    "depreciationAndAmortization": 112000000,
    "ebitda": 428000000,
    "ebitdaratio": 0.2331154684,
    "operatingIncome": 316000000,
    "operatingIncomeRatio": 0.1721132898,
    "totalOtherIncomeExpensesNet": -29000000,
    "incomeBeforeTax": 287000000,
    "incomeBeforeTaxRatio": 0.1563180828,
    "incomeTaxExpense": 75000000,
    "netIncome": 212000000,
    "netIncomeRatio": 0.1154684096,
    "eps": 0.37,
    "epsdiluted": 0.36,
    "weightedAverageShsOut": 574000000,
    "weightedAverageShsOutDil": 586000000,
    "link": "https://www.sec.gov/Archives/edgar/data/10456/000095013199001586/0000950131-99-001586-index.html",
    "finalLink": "https://www.sec.gov/Archives/edgar/data/10456/"
  },
  {
    "date": "1998-09-30",
    "symbol": "BAX",
    "reportedCurrency": "USD",
    "cik": "0000010456",
    "fillingDate": "1998-11-12",
    "acceptedDate": "1998-11-12 00:00:00",
    "calendarYear": "1998",
    "period": "Q3",
    "revenue": 1427000000,
    "costOfRevenue": 756000000,
    "grossProfit": 671000000,
    "grossProfitRatio": 0.470217239,
    "researchAndDevelopmentExpenses": 89000000,
    "generalAndAdministrativeExpenses": 0,
    "sellingAndMarketingExpenses": 0,
    "sellingGeneralAndAdministrativeExpenses": 306000000,
    "otherExpenses": 42000000,
    "operatingExpenses": 437000000,
    "costAndExpenses": 1193000000,
    "interestIncome": 0,
    "interestExpense": 0,
    "depreciationAndAmortization": 42000000,
    "ebitda": 276000000,
    "ebitdaratio": 0.193412754,
    "operatingIncome": 234000000,
    "operatingIncomeRatio": 0.1639803784,
    "totalOtherIncomeExpensesNet": -317000000,
    "incomeBeforeTax": -83000000,
    "incomeBeforeTaxRatio": -0.0581639804,
    "incomeTaxExpense": 44000000,
    "netIncome": -124000000,
    "netIncomeRatio": -0.0868955851,
    "eps": -0.22,
    "epsdiluted": -0.22,
    "weightedAverageShsOut": 570000000,
    "weightedAverageShsOutDil": 570000000,
    "link": "https://www.sec.gov/Archives/edgar/data/10456/000095013198005946/0000950131-98-005946-index.html",
    "finalLink": "https://www.sec.gov/Archives/edgar/data/10456/"
  },
  {
    "date": "1998-06-30",
    "symbol": "BAX",
    "reportedCurrency": "USD",
    "cik": "0000010456",
    "fillingDate": "1998-08-11",
    "acceptedDate": "1998-08-11 00:00:00",
    "calendarYear": "1998",
    "period": "Q2",
    "revenue": 1419000000,
    "costOfRevenue": 664000000,
    "grossProfit": 755000000,
    "grossProfitRatio": 0.5320648344,
    "researchAndDevelopmentExpenses": 84000000,
    "generalAndAdministrativeExpenses": 0,
    "sellingAndMarketingExpenses": 0,
    "sellingGeneralAndAdministrativeExpenses": 306000000,
    "otherExpenses": 106000000,
    "operatingExpenses": 496000000,
    "costAndExpenses": 1160000000,
    "interestIncome": 0,
    "interestExpense": 0,
    "depreciationAndAmortization": 104000000,
    "ebitda": 365000000,
    "ebitdaratio": 0.2572233968,
    "operatingIncome": 259000000,
    "operatingIncomeRatio": 0.1825229035,
    "totalOtherIncomeExpensesNet": -155000000,
    "incomeBeforeTax": 104000000,
    "incomeBeforeTaxRatio": 0.07329105,
    "incomeTaxExpense": 52000000,
    "netIncome": 63000000,
    "netIncomeRatio": 0.044397463,
    "eps": 0.11,
    "epsdiluted": 0.11,
    "weightedAverageShsOut": 566000000,
    "weightedAverageShsOutDil": 576000000,
    "link": "https://www.sec.gov/Archives/edgar/data/10456/000095013198004708/0000950131-98-004708-index.html",
    "finalLink": "https://www.sec.gov/Archives/edgar/data/10456/"
  },
  {
    "date": "1998-03-31",
    "symbol": "BAX",
    "reportedCurrency": "USD",
    "cik": "0000010456",
    "fillingDate": "1998-05-13",
    "acceptedDate": "1998-05-13 00:00:00",
    "calendarYear": "1998",
    "period": "Q1",
    "revenue": 1468000000,
    "costOfRevenue": 711000000,
    "grossProfit": 757000000,
    "grossProfitRatio": 0.5156675749,
    "researchAndDevelopmentExpenses": 86000000,
    "generalAndAdministrativeExpenses": 0,
    "sellingAndMarketingExpenses": 0,
    "sellingGeneralAndAdministrativeExpenses": 307000000,
    "otherExpenses": 107000000,
    "operatingExpenses": 500000000,
    "costAndExpenses": 1211000000,
    "interestIncome": 0,
    "interestExpense": 0,
    "depreciationAndAmortization": 107000000,
    "ebitda": 364000000,
    "ebitdaratio": 0.2479564033,
    "operatingIncome": 257000000,
    "operatingIncomeRatio": 0.1750681199,
    "totalOtherIncomeExpensesNet": -38000000,
    "incomeBeforeTax": 219000000,
    "incomeBeforeTaxRatio": 0.1491825613,
    "incomeTaxExpense": 55000000,
    "netIncome": 164000000,
    "netIncomeRatio": 0.1117166213,
    "eps": 0.3,
    "epsdiluted": 0.29,
    "weightedAverageShsOut": 560000000,
    "weightedAverageShsOutDil": 570000000,
    "link": "https://www.sec.gov/Archives/edgar/data/10456/000095013198003272/0000950131-98-003272-index.html",
    "finalLink": "https://www.sec.gov/Archives/edgar/data/10456/"
  },
  {
    "date": "1997-12-31",
    "symbol": "BAX",
    "reportedCurrency": "USD",
    "cik": "0000010456",
    "fillingDate": "1998-03-20",
    "acceptedDate": "1998-03-20 00:00:00",
    "calendarYear": "1997",
    "period": "Q4",
    "revenue": 1632000000,
    "costOfRevenue": 792000000,
    "grossProfit": 840000000,
    "grossProfitRatio": 0.5147058824,
    "researchAndDevelopmentExpenses": 110000000,
    "generalAndAdministrativeExpenses": 0,
    "sellingAndMarketingExpenses": 0,
    "sellingGeneralAndAdministrativeExpenses": 361000000,
    "otherExpenses": 99000000,
    "operatingExpenses": 570000000,
    "costAndExpenses": 1362000000,
    "interestIncome": 0,
    "interestExpense": 0,
    "depreciationAndAmortization": 99000000,
    "ebitda": 369000000,
    "ebitdaratio": 0.2261029412,
    "operatingIncome": 270000000,
    "operatingIncomeRatio": 0.1654411765,
    "totalOtherIncomeExpensesNet": -27000000,
    "incomeBeforeTax": 243000000,
    "incomeBeforeTaxRatio": 0.1488970588,
    "incomeTaxExpense": 61000000,
    "netIncome": 182000000,
    "netIncomeRatio": 0.1115196078,
    "eps": 0.33,
    "epsdiluted": 0.32,
    "weightedAverageShsOut": 560000000,
    "weightedAverageShsOutDil": 570000000,
    "link": "https://www.sec.gov/Archives/edgar/data/10456/000095013198001860/0000950131-98-001860-index.html",
    "finalLink": "https://www.sec.gov/Archives/edgar/data/10456/"
  },
  {
    "date": "1997-09-30",
    "symbol": "BAX",
    "reportedCurrency": "USD",
    "cik": "0000010456",
    "fillingDate": "1997-11-13",
    "acceptedDate": "1997-11-13 00:00:00",
    "calendarYear": "1997",
    "period": "Q3",
    "revenue": 1494000000,
    "costOfRevenue": 739000000,
    "grossProfit": 755000000,
    "grossProfitRatio": 0.5053547523,
    "researchAndDevelopmentExpenses": 97000000,
    "generalAndAdministrativeExpenses": 0,
    "sellingAndMarketingExpenses": 0,
    "sellingGeneralAndAdministrativeExpenses": 325000000,
    "otherExpenses": 97000000,
    "operatingExpenses": 519000000,
    "costAndExpenses": 1258000000,
    "interestIncome": 0,
    "interestExpense": 0,
    "depreciationAndAmortization": 97000000,
    "ebitda": 333000000,
    "ebitdaratio": 0.2228915663,
    "operatingIncome": 236000000,
    "operatingIncomeRatio": 0.1579651941,
    "totalOtherIncomeExpensesNet": -24000000,
    "incomeBeforeTax": 212000000,
    "incomeBeforeTaxRatio": 0.1419009371,
    "incomeTaxExpense": 53000000,
    "netIncome": 159000000,
    "netIncomeRatio": 0.1064257028,
    "eps": 0.28,
    "epsdiluted": 0.28,
    "weightedAverageShsOut": 560000000,
    "weightedAverageShsOutDil": 570000000,
    "link": "https://www.sec.gov/Archives/edgar/data/10456/000104746997004269/0001047469-97-004269-index.html",
    "finalLink": "https://www.sec.gov/Archives/edgar/data/10456/"
  },
  {
    "date": "1997-06-30",
    "symbol": "BAX",
    "reportedCurrency": "USD",
    "cik": "0000010456",
    "fillingDate": "1997-08-13",
    "acceptedDate": "1997-08-13 00:00:00",
    "calendarYear": "1997",
    "period": "Q2",
    "revenue": 1569000000,
    "costOfRevenue": 773000000,
    "grossProfit": 796000000,
    "grossProfitRatio": 0.5073295092,
    "researchAndDevelopmentExpenses": 95000000,
    "generalAndAdministrativeExpenses": 0,
    "sellingAndMarketingExpenses": 0,
    "sellingGeneralAndAdministrativeExpenses": 347000000,
    "otherExpenses": 93000000,
    "operatingExpenses": 535000000,
    "costAndExpenses": 1308000000,
    "interestIncome": 0,
    "interestExpense": 0,
    "depreciationAndAmortization": 93000000,
    "ebitda": 354000000,
    "ebitdaratio": 0.2256214149,
    "operatingIncome": 261000000,
    "operatingIncomeRatio": 0.1663479924,
    "totalOtherIncomeExpensesNet": -43000000,
    "incomeBeforeTax": 218000000,
    "incomeBeforeTaxRatio": 0.1389420013,
    "incomeTaxExpense": 56000000,
    "netIncome": 162000000,
    "netIncomeRatio": 0.103250478,
    "eps": 0.29,
    "epsdiluted": 0.28,
    "weightedAverageShsOut": 556000000,
    "weightedAverageShsOutDil": 564000000,
    "link": "https://www.sec.gov/Archives/edgar/data/10456/000091205797027564/0000912057-97-027564-index.html",
    "finalLink": "https://www.sec.gov/Archives/edgar/data/10456/"
  },
  {
    "date": "1997-03-31",
    "symbol": "BAX",
    "reportedCurrency": "USD",
    "cik": "0000010456",
    "fillingDate": "1997-05-14",
    "acceptedDate": "1997-05-14 00:00:00",
    "calendarYear": "1997",
    "period": "Q1",
    "revenue": 1443000000,
    "costOfRevenue": 683000000,
    "grossProfit": 760000000,
    "grossProfitRatio": 0.5266805267,
    "researchAndDevelopmentExpenses": 90000000,
    "generalAndAdministrativeExpenses": 0,
    "sellingAndMarketingExpenses": 0,
    "sellingGeneralAndAdministrativeExpenses": 323000000,
    "otherExpenses": 109000000,
    "operatingExpenses": 522000000,
    "costAndExpenses": 1205000000,
    "interestIncome": 0,
    "interestExpense": 0,
    "depreciationAndAmortization": 109000000,
    "ebitda": 347000000,
    "ebitdaratio": 0.2404712405,
    "operatingIncome": 238000000,
    "operatingIncomeRatio": 0.1649341649,
    "totalOtherIncomeExpensesNet": -388000000,
    "incomeBeforeTax": -150000000,
    "incomeBeforeTaxRatio": -0.103950104,
    "incomeTaxExpense": 53000000,
    "netIncome": -203000000,
    "netIncomeRatio": -0.1406791407,
    "eps": -0.37,
    "epsdiluted": -0.37,
    "weightedAverageShsOut": 548000000,
    "weightedAverageShsOutDil": 548000000,
    "link": "https://www.sec.gov/Archives/edgar/data/10456/000091205797017674/0000912057-97-017674-index.html",
    "finalLink": "https://www.sec.gov/Archives/edgar/data/10456/"
  },
  {
    "date": "1996-12-31",
    "symbol": "BAX",
    "reportedCurrency": "USD",
    "cik": "0000010456",
    "fillingDate": "1997-03-19",
    "acceptedDate": "1997-03-19 00:00:00",
    "calendarYear": "1996",
    "period": "Q4",
    "revenue": 1494000000,
    "costOfRevenue": 745000000,
    "grossProfit": 749000000,
    "grossProfitRatio": 0.5013386881,
    "researchAndDevelopmentExpenses": 90000000,
    "generalAndAdministrativeExpenses": 0,
    "sellingAndMarketingExpenses": 0,
    "sellingGeneralAndAdministrativeExpenses": 312000000,
    "otherExpenses": 93000000,
    "operatingExpenses": 495000000,
    "costAndExpenses": 1240000000,
    "interestIncome": 0,
    "interestExpense": 0,
    "depreciationAndAmortization": 93000000,
    "ebitda": 347000000,
    "ebitdaratio": 0.2322623829,
    "operatingIncome": 254000000,
    "operatingIncomeRatio": 0.1700133869,
    "totalOtherIncomeExpensesNet": -36000000,
    "incomeBeforeTax": 218000000,
    "incomeBeforeTaxRatio": 0.1459170013,
    "incomeTaxExpense": 60000000,
    "netIncome": 158000000,
    "netIncomeRatio": 0.1057563588,
    "eps": 0.29,
    "epsdiluted": 0.29,
    "weightedAverageShsOut": 544880000,
    "weightedAverageShsOutDil": 548000000,
    "link": "https://www.sec.gov/Archives/edgar/data/10456/000095013197001923/0000950131-97-001923-index.html",
    "finalLink": "https://www.sec.gov/Archives/edgar/data/10456/"
  },
  {
    "date": "1996-09-30",
    "symbol": "BAX",
    "reportedCurrency": "USD",
    "cik": "0000010456",
    "fillingDate": "1996-11-14",
    "acceptedDate": "1996-11-14 00:00:00",
    "calendarYear": "1996",
    "period": "Q3",
    "revenue": 1310000000,
    "costOfRevenue": 644000000,
    "grossProfit": 666000000,
    "grossProfitRatio": 0.5083969466,
    "researchAndDevelopmentExpenses": 84000000,
    "generalAndAdministrativeExpenses": 0,
    "sellingAndMarketingExpenses": 0,
    "sellingGeneralAndAdministrativeExpenses": 272000000,
    "otherExpenses": 84000000,
    "operatingExpenses": 440000000,
    "costAndExpenses": 1084000000,
    "interestIncome": 0,
    "interestExpense": 0,
    "depreciationAndAmortization": 84000000,
    "ebitda": 310000000,
    "ebitdaratio": 0.2366412214,
    "operatingIncome": 226000000,
    "operatingIncomeRatio": 0.172519084,
    "totalOtherIncomeExpensesNet": -36000000,
    "incomeBeforeTax": 190000000,
    "incomeBeforeTaxRatio": 0.1450381679,
    "incomeTaxExpense": 53000000,
    "netIncome": 177000000,
    "netIncomeRatio": 0.1351145038,
    "eps": 0.32,
    "epsdiluted": 0.32,
    "weightedAverageShsOut": 549000000,
    "weightedAverageShsOutDil": 552000000,
    "link": "https://www.sec.gov/Archives/edgar/data/10456/000091205796026282/0000912057-96-026282-index.html",
    "finalLink": "https://www.sec.gov/Archives/edgar/data/10456/"
  },
  {
    "date": "1996-06-30",
    "symbol": "BAX",
    "reportedCurrency": "USD",
    "cik": "0000010456",
    "fillingDate": "1996-08-14",
    "acceptedDate": "1996-08-14 00:00:00",
    "calendarYear": "1996",
    "period": "Q2",
    "revenue": 1335000000,
    "costOfRevenue": 663000000,
    "grossProfit": 672000000,
    "grossProfitRatio": 0.5033707865,
    "researchAndDevelopmentExpenses": 84000000,
    "generalAndAdministrativeExpenses": 0,
    "sellingAndMarketingExpenses": 0,
    "sellingGeneralAndAdministrativeExpenses": 282000000,
    "otherExpenses": 87000000,
    "operatingExpenses": 453000000,
    "costAndExpenses": 1116000000,
    "interestIncome": 0,
    "interestExpense": 0,
    "depreciationAndAmortization": 87000000,
    "ebitda": 306000000,
    "ebitdaratio": 0.2292134831,
    "operatingIncome": 219000000,
    "operatingIncomeRatio": 0.1640449438,
    "totalOtherIncomeExpensesNet": -22000000,
    "incomeBeforeTax": 197000000,
    "incomeBeforeTaxRatio": 0.1475655431,
    "incomeTaxExpense": 55000000,
    "netIncome": 176000000,
    "netIncomeRatio": 0.131835206,
    "eps": 0.33,
    "epsdiluted": 0.33,
    "weightedAverageShsOut": 549000000,
    "weightedAverageShsOutDil": 552000000,
    "link": "https://www.sec.gov/Archives/edgar/data/10456/000091205796017925/0000912057-96-017925-index.html",
    "finalLink": "https://www.sec.gov/Archives/edgar/data/10456/"
  },
  {
    "date": "1996-03-31",
    "symbol": "BAX",
    "reportedCurrency": "USD",
    "cik": "0000010456",
    "fillingDate": "1996-05-15",
    "acceptedDate": "1996-05-15 00:00:00",
    "calendarYear": "1996",
    "period": "Q1",
    "revenue": 1299000000,
    "costOfRevenue": 645000000,
    "grossProfit": 654000000,
    "grossProfitRatio": 0.5034642032,
    "researchAndDevelopmentExpenses": 82000000,
    "generalAndAdministrativeExpenses": 0,
    "sellingAndMarketingExpenses": 0,
    "sellingGeneralAndAdministrativeExpenses": 276000000,
    "otherExpenses": 84000000,
    "operatingExpenses": 442000000,
    "costAndExpenses": 1087000000,
    "interestIncome": 0,
    "interestExpense": 0,
    "depreciationAndAmortization": 84000000,
    "ebitda": 296000000,
    "ebitdaratio": 0.2278675905,
    "operatingIncome": 212000000,
    "operatingIncomeRatio": 0.1632024634,
    "totalOtherIncomeExpensesNet": -24000000,
    "incomeBeforeTax": 188000000,
    "incomeBeforeTaxRatio": 0.1447267129,
    "incomeTaxExpense": 50000000,
    "netIncome": 158000000,
    "netIncomeRatio": 0.1216320246,
    "eps": 0.29,
    "epsdiluted": 0.29,
    "weightedAverageShsOut": 549000000,
    "weightedAverageShsOutDil": 552000000,
    "link": "https://www.sec.gov/Archives/edgar/data/10456/000091205796009951/0000912057-96-009951-index.html",
    "finalLink": "https://www.sec.gov/Archives/edgar/data/10456/"
  },
  {
    "date": "1995-12-31",
    "symbol": "BAX",
    "reportedCurrency": "USD",
    "cik": "0000010456",
    "fillingDate": "1996-03-22",
    "acceptedDate": "1996-03-22 00:00:00",
    "calendarYear": "1995",
    "period": "Q4",
    "revenue": -2191000000,
    "costOfRevenue": -2029000000,
    "grossProfit": -162000000,
    "grossProfitRatio": 0.0739388407,
    "researchAndDevelopmentExpenses": 83000000,
    "generalAndAdministrativeExpenses": 0,
    "sellingAndMarketingExpenses": 0,
    "sellingGeneralAndAdministrativeExpenses": -237000000,
    "otherExpenses": -41000000,
    "operatingExpenses": -195000000,
    "costAndExpenses": -2224000000,
    "interestIncome": 0,
    "interestExpense": 0,
    "depreciationAndAmortization": -41000000,
    "ebitda": -8000000,
    "ebitdaratio": 0.0036513008,
    "operatingIncome": 33000000,
    "operatingIncomeRatio": -0.0150616157,
    "totalOtherIncomeExpensesNet": -169000000,
    "incomeBeforeTax": -136000000,
    "incomeBeforeTaxRatio": 0.0620721132,
    "incomeTaxExpense": -34000000,
    "netIncome": 176000000,
    "netIncomeRatio": -0.0803286171,
    "eps": 0.32,
    "epsdiluted": 0.32,
    "weightedAverageShsOut": 549000000,
    "weightedAverageShsOutDil": 552000000,
    "link": "https://www.sec.gov/Archives/edgar/data/10456/000091205796004966/0000912057-96-004966-index.html",
    "finalLink": "https://www.sec.gov/Archives/edgar/data/10456/"
  },
  {
    "date": "1995-09-30",
    "symbol": "BAX",
    "reportedCurrency": "USD",
    "cik": "0000010456",
    "fillingDate": "1995-11-13",
    "acceptedDate": "1995-11-13 00:00:00",
    "calendarYear": "1995",
    "period": "Q3",
    "revenue": 2456000000,
    "costOfRevenue": 1531000000,
    "grossProfit": 925000000,
    "grossProfitRatio": 0.3766286645,
    "researchAndDevelopmentExpenses": 100000000,
    "generalAndAdministrativeExpenses": 0,
    "sellingAndMarketingExpenses": 0,
    "sellingGeneralAndAdministrativeExpenses": 451000000,
    "otherExpenses": 122000000,
    "operatingExpenses": 673000000,
    "costAndExpenses": 2204000000,
    "interestIncome": 0,
    "interestExpense": 0,
    "depreciationAndAmortization": 122000000,
    "ebitda": 374000000,
    "ebitdaratio": 0.1522801303,
    "operatingIncome": 252000000,
    "operatingIncomeRatio": 0.1026058632,
    "totalOtherIncomeExpensesNet": -21000000,
    "incomeBeforeTax": 231000000,
    "incomeBeforeTaxRatio": 0.0940553746,
    "incomeTaxExpense": 68000000,
    "netIncome": 163000000,
    "netIncomeRatio": 0.0663680782,
    "eps": 0.3,
    "epsdiluted": 0.3,
    "weightedAverageShsOut": 550000000,
    "weightedAverageShsOutDil": 550000000,
    "link": "https://www.sec.gov/Archives/edgar/data/10456/000091205795009795/0000912057-95-009795-index.html",
    "finalLink": "https://www.sec.gov/Archives/edgar/data/10456/"
  }
]