[
  {
    "date": "2024-12-31",
    "symbol": "BAX",
    "reportedCurrency": "USD",
    "cik": "0000010456",
    "fillingDate": "2025-02-21",
    "acceptedDate": "2025-02-21 17:15:03",
    "calendarYear": "2024",
    "period": "FY",
    "revenue": 10636000000,
    "costOfRevenue": 6652000000,
    "grossProfit": 3984000000,
    "grossProfitRatio": 0.3745769086,
    "researchAndDevelopmentExpenses": 590000000,
    "generalAndAdministrativeExpenses": 2967000000,
    "sellingAndMarketingExpenses": 0,
    "sellingGeneralAndAdministrativeExpenses": 2967000000,
    "otherExpenses": 413000000,
    "operatingExpenses": 3970000000,
    "costAndExpenses": 10622000000,
    "interestIncome": 67000000,
    "interestExpense": 408000000,
    "depreciationAndAmortization": 997000000,
    "ebitda": 1116000000,
    "ebitdaratio": 0.1049266642,
    "operatingIncome": 14000000,
    "operatingIncomeRatio": 0.0013162843,
    "totalOtherIncomeExpensesNet": -303000000,
    "incomeBeforeTax": -289000000,
    "incomeBeforeTaxRatio": -0.0271718691,
    "incomeTaxExpense": 37000000,
    "netIncome": -649000000,
    "netIncomeRatio": -0.0610191801,
    "eps": -1.27,
    "epsdiluted": -1.27,
    "weightedAverageShsOut": 510000000,
    "weightedAverageShsOutDil": 510000000,
    "link": "https://www.sec.gov/Archives/edgar/data/10456/000162828025007201/0001628280-25-007201-index.htm",
    "finalLink": "https://www.sec.gov/Archives/edgar/data/10456/000162828025007201/bax-20241231.htm"
  },
  {
    "date": "2023-12-31",
    "symbol": "BAX",
    "reportedCurrency": "USD",
    "cik": "0000010456",
    "fillingDate": "2024-02-08",
    "acceptedDate": "2024-02-08 17:29:20",
    "calendarYear": "2023",
    "period": "FY",
    "revenue": 10360000000,
    "costOfRevenue": 6210000000,
    "grossProfit": 4150000000,
    "grossProfitRatio": 0.4005791506,
    "researchAndDevelopmentExpenses": 518000000,
    "generalAndAdministrativeExpenses": 2953000000,
    "sellingAndMarketingExpenses": 0,
    "sellingGeneralAndAdministrativeExpenses": 2953000000,
    "otherExpenses": -28000000,
    "operatingExpenses": 3443000000,
    "costAndExpenses": 9653000000,
    "interestIncome": 69000000,
    "interestExpense": 508000000,
    "depreciationAndAmortization": 984000000,
    "ebitda": 1734000000,
    "ebitdaratio": 0.1673745174,
    "operatingIncome": 707000000,
    "operatingIncomeRatio": 0.0682432432,
    "totalOtherIncomeExpensesNet": -465000000,
    "incomeBeforeTax": 242000000,
    "incomeBeforeTaxRatio": 0.0233590734,
    "incomeTaxExpense": 61000000,
    "netIncome": 2656000000,
    "netIncomeRatio": 0.2563706564,
    "eps": 5.25,
    "epsdiluted": 5.23,
    "weightedAverageShsOut": 506000000,
    "weightedAverageShsOutDil": 506000000,
    "link": "https://www.sec.gov/Archives/edgar/data/10456/000162828024003932/0001628280-24-003932-index.htm",
    "finalLink": "https://www.sec.gov/Archives/edgar/data/10456/000162828024003932/bax-20231231.htm"
  },
  {
    "date": "2022-12-31",
    "symbol": "BAX",
    "reportedCurrency": "USD",
    "cik": "0000010456",
    "fillingDate": "2023-02-09",
    "acceptedDate": "2023-02-09 07:24:57",
    "calendarYear": "2022",
    "period": "FY",
    "revenue": 10057000000,
    "costOfRevenue": 6508000000,
    "grossProfit": 3549000000,
    "grossProfitRatio": 0.3528885353,
    "researchAndDevelopmentExpenses": 450000000,
    "generalAndAdministrativeExpenses": 3097000000,
    "sellingAndMarketingExpenses": 0,
    "sellingGeneralAndAdministrativeExpenses": 3097000000,
    "otherExpenses": 2847000000,
    "operatingExpenses": 6394000000,
    "costAndExpenses": 12902000000,
    "interestIncome": 19000000,
    "interestExpense": 413000000,
    "depreciationAndAmortization": 1072000000,
    "ebitda": -1763000000,
    "ebitdaratio": -0.1753007855,
    "operatingIncome": -2845000000,
    "operatingIncomeRatio": -0.282887541,
    "totalOtherIncomeExpensesNet": -403000000,
    "incomeBeforeTax": -3248000000,
    "incomeBeforeTaxRatio": -0.3229591329,
    "incomeTaxExpense": -135000000,
    "netIncome": -2433000000,
    "netIncomeRatio": -0.24192105,
    "eps": -4.83,
    "epsdiluted": -4.83,
    "weightedAverageShsOut": 504000000,
    "weightedAverageShsOutDil": 504000000,
    "link": "https://www.sec.gov/Archives/edgar/data/10456/000162828023002864/0001628280-23-002864-index.htm",
    "finalLink": "https://www.sec.gov/Archives/edgar/data/10456/000162828023002864/bax-20221231.htm"
  },
  {
    "date": "2021-12-31",
    "symbol": "BAX",
    "reportedCurrency": "USD",
    "cik": "0000010456",
    "fillingDate": "2022-02-23",
    "acceptedDate": "2022-02-23 08:33:25",
    "calendarYear": "2021",
    "period": "FY",
    "revenue": 12146000000,
    "costOfRevenue": 7426000000,
    "grossProfit": 4720000000,
    "grossProfitRatio": 0.3886053022,
    "researchAndDevelopmentExpenses": 531000000,
    "generalAndAdministrativeExpenses": 2845000000,
    "sellingAndMarketingExpenses": 0,
    "sellingGeneralAndAdministrativeExpenses": 2845000000,
    "otherExpenses": -6000000,
    "operatingExpenses": 3370000000,
    "costAndExpenses": 10796000000,
    "interestIncome": 14000000,
    "interestExpense": 207000000,
    "depreciationAndAmortization": 867000000,
    "ebitda": 2190000000,
    "ebitdaratio": 0.1803062737,
    "operatingIncome": 1350000000,
    "operatingIncomeRatio": 0.1111477029,
    "totalOtherIncomeExpensesNet": -234000000,
    "incomeBeforeTax": 1116000000,
    "incomeBeforeTaxRatio": 0.0918821011,
    "incomeTaxExpense": 83000000,
    "netIncome": 1284000000,
    "netIncomeRatio": 0.1057138152,
    "eps": 2.56,
    "epsdiluted": 2.53,
    "weightedAverageShsOut": 502000000,
    "weightedAverageShsOutDil": 508000000,
    "link": "https://www.sec.gov/Archives/edgar/data/10456/000162828022003432/0001628280-22-003432-index.htm",
    "finalLink": "https://www.sec.gov/Archives/edgar/data/10456/000162828022003432/bax-20211231.htm"
  },
  {
    "date": "2020-12-31",
    "symbol": "BAX",
    "reportedCurrency": "USD",
    "cik": "0000010456",
    "fillingDate": "2021-02-11",
    "acceptedDate": "2021-02-11 08:12:00",
    "calendarYear": "2020",
    "period": "FY",
    "revenue": 11673000000,
    "costOfRevenue": 7086000000,
    "grossProfit": 4587000000,
    "grossProfitRatio": 0.3929581085,
    "researchAndDevelopmentExpenses": 521000000,
    "generalAndAdministrativeExpenses": 2469000000,
    "sellingAndMarketingExpenses": 0,
    "sellingGeneralAndAdministrativeExpenses": 2469000000,
    "otherExpenses": -19000000,
    "operatingExpenses": 2971000000,
    "costAndExpenses": 10057000000,
    "interestIncome": 19000000,
    "interestExpense": 153000000,
    "depreciationAndAmortization": 823000000,
    "ebitda": 2268000000,
    "ebitdaratio": 0.1942945258,
    "operatingIncome": 1616000000,
    "operatingIncomeRatio": 0.138439133,
    "totalOtherIncomeExpensesNet": -324000000,
    "incomeBeforeTax": 1292000000,
    "incomeBeforeTaxRatio": 0.1106827722,
    "incomeTaxExpense": 182000000,
    "netIncome": 1102000000,
    "netIncomeRatio": 0.0944058939,
    "eps": 2.17,
    "epsdiluted": 2.13,
    "weightedAverageShsOut": 509000000,
    "weightedAverageShsOutDil": 517000000,
    "link": "https://www.sec.gov/Archives/edgar/data/10456/000162828021001867/0001628280-21-001867-index.htm",
    "finalLink": "https://www.sec.gov/Archives/edgar/data/10456/000162828021001867/bax-20201231.htm"
  },
  {
    "date": "2019-12-31",
    "symbol": "BAX",
    "reportedCurrency": "USD",
    "cik": "0000010456",
    "fillingDate": "2020-03-17",
    "acceptedDate": "2020-03-17 07:12:46",
    "calendarYear": "2019",
    "period": "FY",
    "revenue": 11362000000,
    "costOfRevenue": 6601000000,
    "grossProfit": 4761000000,
    "grossProfitRatio": 0.4190283401,
    "researchAndDevelopmentExpenses": 595000000,
    "generalAndAdministrativeExpenses": 2535000000,
    "sellingAndMarketingExpenses": 0,
    "sellingGeneralAndAdministrativeExpenses": 2535000000,
    "otherExpenses": -141000000,
    "operatingExpenses": 2989000000,
    "costAndExpenses": 9590000000,
    "interestIncome": 40000000,
    "interestExpense": 111000000,
    "depreciationAndAmortization": 789000000,
    "ebitda": 1870000000,
    "ebitdaratio": 0.1645837001,
    "operatingIncome": 1772000000,
    "operatingIncomeRatio": 0.155958458,
    "totalOtherIncomeExpensesNet": -802000000,
    "incomeBeforeTax": 970000000,
    "incomeBeforeTaxRatio": 0.0853722936,
    "incomeTaxExpense": -41000000,
    "netIncome": 1001000000,
    "netIncomeRatio": 0.0881006865,
    "eps": 1.97,
    "epsdiluted": 1.93,
    "weightedAverageShsOut": 509000000,
    "weightedAverageShsOutDil": 519000000,
    "link": "https://www.sec.gov/Archives/edgar/data/10456/000162828020003693/0001628280-20-003693-index.htm",
    "finalLink": "https://www.sec.gov/Archives/edgar/data/10456/000162828020003693/bax-20191231.htm"
  },
  {
    "date": "2018-12-31",
    "symbol": "BAX",
    "reportedCurrency": "USD",
    "cik": "0000010456",
    "fillingDate": "2019-02-21",
    "acceptedDate": "2019-02-21 17:29:43",
    "calendarYear": "2018",
    "period": "FY",
    "revenue": 11099000000,
    "costOfRevenue": 6340000000,
    "grossProfit": 4759000000,
    "grossProfitRatio": 0.4287773673,
    "researchAndDevelopmentExpenses": 654000000,
    "generalAndAdministrativeExpenses": 2620000000,
    "sellingAndMarketingExpenses": 0,
    "sellingGeneralAndAdministrativeExpenses": 2620000000,
    "otherExpenses": -99000000,
    "operatingExpenses": 3175000000,
    "costAndExpenses": 9515000000,
    "interestIncome": 48000000,
    "interestExpense": 93000000,
    "depreciationAndAmortization": 771000000,
    "ebitda": 2481000000,
    "ebitdaratio": 0.2235336517,
    "operatingIncome": 1584000000,
    "operatingIncomeRatio": 0.14271556,
    "totalOtherIncomeExpensesNet": 33000000,
    "incomeBeforeTax": 1617000000,
    "incomeBeforeTaxRatio": 0.1456888008,
    "incomeTaxExpense": 65000000,
    "netIncome": 1546000000,
    "netIncomeRatio": 0.1392918281,
    "eps": 3.04,
    "epsdiluted": 2.97,
    "weightedAverageShsOut": 534000000,
    "weightedAverageShsOutDil": 546000000,
    "link": "https://www.sec.gov/Archives/edgar/data/10456/000156459019003727/0001564590-19-003727-index.htm",
    "finalLink": "https://www.sec.gov/Archives/edgar/data/10456/000156459019003727/bax-10k_20181231.htm"
  },
  {
    "date": "2017-12-31",
    "symbol": "BAX",
    "reportedCurrency": "USD",
    "cik": "0000010456",
    "fillingDate": "2018-02-23",
    "acceptedDate": "2018-02-23 06:04:09",
    "calendarYear": "2017",
    "period": "FY",
    "revenue": 10584000000,
    "costOfRevenue": 6110000000,
    "grossProfit": 4474000000,
    "grossProfitRatio": 0.4227135299,
    "researchAndDevelopmentExpenses": 615000000,
    "generalAndAdministrativeExpenses": 2627000000,
    "sellingAndMarketingExpenses": 0,
    "sellingGeneralAndAdministrativeExpenses": 2627000000,
    "otherExpenses": -56000000,
    "operatingExpenses": 3186000000,
    "costAndExpenses": 9296000000,
    "interestIncome": 30000000,
    "interestExpense": 85000000,
    "depreciationAndAmortization": 750000000,
    "ebitda": 1935000000,
    "ebitdaratio": 0.1828231293,
    "operatingIncome": 1288000000,
    "operatingIncomeRatio": 0.1216931217,
    "totalOtherIncomeExpensesNet": -188000000,
    "incomeBeforeTax": 1100000000,
    "incomeBeforeTaxRatio": 0.1039304611,
    "incomeTaxExpense": 491000000,
    "netIncome": 602000000,
    "netIncomeRatio": 0.0568783069,
    "eps": 1.11,
    "epsdiluted": 1.08,
    "weightedAverageShsOut": 543000000,
    "weightedAverageShsOutDil": 555000000,
    "link": "https://www.sec.gov/Archives/edgar/data/10456/000156459018002954/0001564590-18-002954-index.htm",
    "finalLink": "https://www.sec.gov/Archives/edgar/data/10456/000156459018002954/bax-10k_20171231.htm"
  },
  {
    "date": "2016-12-31",
    "symbol": "BAX",
    "reportedCurrency": "USD",
    "cik": "0000010456",
    "fillingDate": "2017-02-23",
    "acceptedDate": "2017-02-23 17:01:01",
    "calendarYear": "2016",
    "period": "FY",
    "revenue": 10163000000,
    "costOfRevenue": 6047000000,
    "grossProfit": 4116000000,
    "grossProfitRatio": 0.4049985241,
    "researchAndDevelopmentExpenses": 646000000,
    "generalAndAdministrativeExpenses": 0,
    "sellingAndMarketingExpenses": 2725000000,
    "sellingGeneralAndAdministrativeExpenses": 2725000000,
    "otherExpenses": 0,
    "operatingExpenses": 3371000000,
    "costAndExpenses": 9418000000,
    "interestIncome": 23000000,
    "interestExpense": 89000000,
    "depreciationAndAmortization": 800000000,
    "ebitda": 5843000000,
    "ebitdaratio": 0.5749286628,
    "operatingIncome": 745000000,
    "operatingIncomeRatio": 0.0733051264,
    "totalOtherIncomeExpensesNet": 4209000000,
    "incomeBeforeTax": 4954000000,
    "incomeBeforeTaxRatio": 0.4874544918,
    "incomeTaxExpense": -12000000,
    "netIncome": 4965000000,
    "netIncomeRatio": 0.4885368494,
    "eps": 9.09,
    "epsdiluted": 9.01,
    "weightedAverageShsOut": 546000000,
    "weightedAverageShsOutDil": 551000000,
    "link": "https://www.sec.gov/Archives/edgar/data/10456/000156459017002240/0001564590-17-002240-index.htm",
    "finalLink": "https://www.sec.gov/Archives/edgar/data/10456/000156459017002240/bax-10k_20161231.htm"
  },
  {
    "date": "2015-12-31",
    "symbol": "BAX",
    "reportedCurrency": "USD",
    "cik": "0000010456",
    "fillingDate": "2016-02-26",
    "acceptedDate": "2016-02-26 07:33:24",
    "calendarYear": "2015",
    "period": "FY",
    "revenue": 9968000000,
    "costOfRevenue": 5822000000,
    "grossProfit": 4146000000,
    "grossProfitRatio": 0.4159309791,
    "researchAndDevelopmentExpenses": 603000000,
    "generalAndAdministrativeExpenses": 0,
    "sellingAndMarketingExpenses": 3094000000,
    "sellingGeneralAndAdministrativeExpenses": 3094000000,
    "otherExpenses": 0,
    "operatingExpenses": 3697000000,
    "costAndExpenses": 9519000000,
    "interestIncome": 20000000,
    "interestExpense": 146000000,
    "depreciationAndAmortization": 759000000,
    "ebitda": 1333000000,
    "ebitdaratio": 0.1337279294,
    "operatingIncome": 449000000,
    "operatingIncomeRatio": 0.0450441413,
    "totalOtherIncomeExpensesNet": -21000000,
    "incomeBeforeTax": 428000000,
    "incomeBeforeTaxRatio": 0.0429373997,
    "incomeTaxExpense": 35000000,
    "netIncome": 968000000,
    "netIncomeRatio": 0.0971107544,
    "eps": 1.78,
    "epsdiluted": 1.76,
    "weightedAverageShsOut": 545000000,
    "weightedAverageShsOutDil": 549000000,
    "link": "https://www.sec.gov/Archives/edgar/data/10456/000119312516479471/0001193125-16-479471-index.htm",
    "finalLink": "https://www.sec.gov/Archives/edgar/data/10456/000119312516479471/d213870d10k.htm"
  },
  {
    "date": "2014-12-31",
    "symbol": "BAX",
    "reportedCurrency": "USD",
    "cik": "0000010456",
    "fillingDate": "2015-02-26",
    "acceptedDate": "2015-02-26 16:45:55",
    "calendarYear": "2014",
    "period": "FY",
    "revenue": 10719000000,
    "costOfRevenue": 6138000000,
    "grossProfit": 4581000000,
    "grossProfitRatio": 0.4273719563,
    "researchAndDevelopmentExpenses": 610000000,
    "generalAndAdministrativeExpenses": 0,
    "sellingAndMarketingExpenses": 3315000000,
    "sellingGeneralAndAdministrativeExpenses": 3315000000,
    "otherExpenses": 0,
    "operatingExpenses": 3925000000,
    "costAndExpenses": 10063000000,
    "interestIncome": 22000000,
    "interestExpense": 167000000,
    "depreciationAndAmortization": 792000000,
    "ebitda": 1449000000,
    "ebitdaratio": 0.1351805206,
    "operatingIncome": 656000000,
    "operatingIncomeRatio": 0.0611997388,
    "totalOtherIncomeExpensesNet": -166000000,
    "incomeBeforeTax": 490000000,
    "incomeBeforeTaxRatio": 0.0457132195,
    "incomeTaxExpense": 33000000,
    "netIncome": 2497000000,
    "netIncomeRatio": 0.232950835,
    "eps": 4.61,
    "epsdiluted": 4.56,
    "weightedAverageShsOut": 542000000,
    "weightedAverageShsOutDil": 547000000,
    "link": "https://www.sec.gov/Archives/edgar/data/10456/000119312515065871/0001193125-15-065871-index.htm",
    "finalLink": "https://www.sec.gov/Archives/edgar/data/10456/000119312515065871/d848964d10k.htm"
  },
  {
    "date": "2013-12-31",
    "symbol": "BAX",
    "reportedCurrency": "USD",
    "cik": "0000010456",
    "fillingDate": "2014-02-21",
    "acceptedDate": "2014-02-21 07:04:23",
    "calendarYear": "2013",
    "period": "FY",
    "revenue": 9413000000,
    "costOfRevenue": 5251000000,
    "grossProfit": 4162000000,
    "grossProfitRatio": 0.4421544672,
    "researchAndDevelopmentExpenses": 582000000,
    "generalAndAdministrativeExpenses": 0,
    "sellingAndMarketingExpenses": 3084000000,
    "sellingGeneralAndAdministrativeExpenses": 3084000000,
    "otherExpenses": 0,
    "operatingExpenses": 3666000000,
    "costAndExpenses": 8917000000,
    "interestIncome": 27000000,
    "interestExpense": 155000000,
    "depreciationAndAmortization": 635000000,
    "ebitda": 1165000000,
    "ebitdaratio": 0.1237650058,
    "operatingIncome": 496000000,
    "operatingIncomeRatio": 0.052693084,
    "totalOtherIncomeExpensesNet": -121000000,
    "incomeBeforeTax": 375000000,
    "incomeBeforeTaxRatio": 0.0398385212,
    "incomeTaxExpense": 60000000,
    "netIncome": 2012000000,
    "netIncomeRatio": 0.2137469457,
    "eps": 3.7,
    "epsdiluted": 3.66,
    "weightedAverageShsOut": 543000000,
    "weightedAverageShsOutDil": 549000000,
    "link": "https://www.sec.gov/Archives/edgar/data/10456/000119312514061654/0001193125-14-061654-index.htm",
    "finalLink": "https://www.sec.gov/Archives/edgar/data/10456/000119312514061654/d596470d10k.htm"
  },
  {
    "date": "2012-12-31",
    "symbol": "BAX",
    "reportedCurrency": "USD",
    "cik": "0000010456",
    "fillingDate": "2013-02-21",
    "acceptedDate": "2013-02-21 17:28:20",
    "calendarYear": "2012",
    "period": "FY",
    "revenue": 13936000000,
    "costOfRevenue": 6802000000,
    "grossProfit": 7134000000,
    "grossProfitRatio": 0.5119115959,
    "researchAndDevelopmentExpenses": 1081000000,
    "generalAndAdministrativeExpenses": 0,
    "sellingAndMarketingExpenses": 3283000000,
    "sellingGeneralAndAdministrativeExpenses": 3283000000,
    "otherExpenses": -51000000,
    "operatingExpenses": 4313000000,
    "costAndExpenses": 11115000000,
    "interestIncome": 26000000,
    "interestExpense": 113000000,
    "depreciationAndAmortization": 712000000,
    "ebitda": 3663000000,
    "ebitdaratio": 0.2628444317,
    "operatingIncome": 2821000000,
    "operatingIncomeRatio": 0.2024253731,
    "totalOtherIncomeExpensesNet": 17000000,
    "incomeBeforeTax": 2838000000,
    "incomeBeforeTaxRatio": 0.2036452354,
    "incomeTaxExpense": 555000000,
    "netIncome": 2326000000,
    "netIncomeRatio": 0.1669058553,
    "eps": 4.22,
    "epsdiluted": 4.18,
    "weightedAverageShsOut": 551000000,
    "weightedAverageShsOutDil": 556000000,
    "link": "https://www.sec.gov/Archives/edgar/data/10456/000119312513069609/0001193125-13-069609-index.htm",
    "finalLink": "https://www.sec.gov/Archives/edgar/data/10456/000119312513069609/d410594d10k.htm"
  },
  {
    "date": "2011-12-31",
    "symbol": "BAX",
    "reportedCurrency": "USD",
    "cik": "0000010456",
    "fillingDate": "2012-02-23",
    "acceptedDate": "2012-02-23 17:29:13",
    "calendarYear": "2011",
    "period": "FY",
    "revenue": 13893000000,
    "costOfRevenue": 6847000000,
    "grossProfit": 7046000000,
    "grossProfitRatio": 0.5071618801,
    "researchAndDevelopmentExpenses": 946000000,
    "generalAndAdministrativeExpenses": 0,
    "sellingAndMarketingExpenses": 3154000000,
    "sellingGeneralAndAdministrativeExpenses": 3154000000,
    "otherExpenses": 0,
    "operatingExpenses": 4100000000,
    "costAndExpenses": 10947000000,
    "interestIncome": 38000000,
    "interestExpense": 92000000,
    "depreciationAndAmortization": 670000000,
    "ebitda": 3571000000,
    "ebitdaratio": 0.2570359174,
    "operatingIncome": 2946000000,
    "operatingIncomeRatio": 0.2120492334,
    "totalOtherIncomeExpensesNet": -137000000,
    "incomeBeforeTax": 2809000000,
    "incomeBeforeTaxRatio": 0.2021881523,
    "incomeTaxExpense": 553000000,
    "netIncome": 2224000000,
    "netIncomeRatio": 0.1600806161,
    "eps": 3.91,
    "epsdiluted": 3.88,
    "weightedAverageShsOut": 569000000,
    "weightedAverageShsOutDil": 573000000,
    "link": "https://www.sec.gov/Archives/edgar/data/10456/000119312512075661/0001193125-12-075661-index.htm",
    "finalLink": "https://www.sec.gov/Archives/edgar/data/10456/000119312512075661/d267280d10k.htm"
  },
  {
    "date": "2010-12-31",
    "symbol": "BAX",
    "reportedCurrency": "USD",
    "cik": "0000010456",
    "fillingDate": "2011-02-23",
    "acceptedDate": "2011-02-23 17:04:55",
    "calendarYear": "2010",
    "period": "FY",
    "revenue": 12843000000,
    "costOfRevenue": 6885000000,
    "grossProfit": 5958000000,
    "grossProfitRatio": 0.4639103013,
    "researchAndDevelopmentExpenses": 915000000,
    "generalAndAdministrativeExpenses": 0,
    "sellingAndMarketingExpenses": 2907000000,
    "sellingGeneralAndAdministrativeExpenses": 2907000000,
    "otherExpenses": 0,
    "operatingExpenses": 3822000000,
    "costAndExpenses": 10707000000,
    "interestIncome": 28000000,
    "interestExpense": 115000000,
    "depreciationAndAmortization": 685000000,
    "ebitda": 2690000000,
    "ebitdaratio": 0.2094526201,
    "operatingIncome": 2136000000,
    "operatingIncomeRatio": 0.1663162812,
    "totalOtherIncomeExpensesNet": -246000000,
    "incomeBeforeTax": 1890000000,
    "incomeBeforeTaxRatio": 0.1471618781,
    "incomeTaxExpense": 463000000,
    "netIncome": 1420000000,
    "netIncomeRatio": 0.1105660671,
    "eps": 2.41,
    "epsdiluted": 2.39,
    "weightedAverageShsOut": 590000000,
    "weightedAverageShsOutDil": 594000000,
    "link": "https://www.sec.gov/Archives/edgar/data/10456/000095012311017190/0000950123-11-017190-index.htm",
    "finalLink": "https://www.sec.gov/Archives/edgar/data/10456/000095012311017190/c61460e10vk.htm"
  },
  {
    "date": "2009-12-31",
    "symbol": "BAX",
    "reportedCurrency": "USD",
    "cik": "0000010456",
    "fillingDate": "2010-02-23",
    "acceptedDate": "2010-02-22 21:55:06",
    "calendarYear": "2009",
    "period": "FY",
    "revenue": 12562000000,
    "costOfRevenue": 6037000000,
    "grossProfit": 6525000000,
    "grossProfitRatio": 0.5194236587,
    "researchAndDevelopmentExpenses": 917000000,
    "generalAndAdministrativeExpenses": 0,
    "sellingAndMarketingExpenses": 0,
    "sellingGeneralAndAdministrativeExpenses": 2731000000,
    "otherExpenses": 0,
    "operatingExpenses": 3648000000,
    "costAndExpenses": 9685000000,
    "interestIncome": 19000000,
    "interestExpense": 117000000,
    "depreciationAndAmortization": 638000000,
    "ebitda": 3489000000,
    "ebitdaratio": 0.2777423977,
    "operatingIncome": 2877000000,
    "operatingIncomeRatio": 0.2290240408,
    "totalOtherIncomeExpensesNet": -143000000,
    "incomeBeforeTax": 2734000000,
    "incomeBeforeTaxRatio": 0.2176405031,
    "incomeTaxExpense": 519000000,
    "netIncome": 2205000000,
    "netIncomeRatio": 0.1755293743,
    "eps": 3.63,
    "epsdiluted": 3.59,
    "weightedAverageShsOut": 607000000,
    "weightedAverageShsOutDil": 614000000,
    "link": "https://www.sec.gov/Archives/edgar/data/10456/000095012310015380/0000950123-10-015380-index.htm",
    "finalLink": "https://www.sec.gov/Archives/edgar/data/10456/000095012310015380/c54958e10vk.htm"
  },
  {
    "date": "2008-12-31",
    "symbol": "BAX",
    "reportedCurrency": "USD",
    "cik": "0000010456",
    "fillingDate": "2009-02-19",
    "acceptedDate": "2009-02-19 17:10:40",
    "calendarYear": "2008",
    "period": "FY",
    "revenue": 12348000000,
    "costOfRevenue": 6218000000,
    "grossProfit": 6130000000,
    "grossProfitRatio": 0.4964366699,
    "researchAndDevelopmentExpenses": 868000000,
    "generalAndAdministrativeExpenses": 0,
    "sellingAndMarketingExpenses": 0,
    "sellingGeneralAndAdministrativeExpenses": 2698000000,
    "otherExpenses": 0,
    "operatingExpenses": 3566000000,
    "costAndExpenses": 9784000000,
    "interestIncome": 72000000,
    "interestExpense": 148000000,
    "depreciationAndAmortization": 631000000,
    "ebitda": 3241000000,
    "ebitdaratio": 0.2624716553,
    "operatingIncome": 2564000000,
    "operatingIncomeRatio": 0.2076449627,
    "totalOtherIncomeExpensesNet": -102000000,
    "incomeBeforeTax": 2462000000,
    "incomeBeforeTaxRatio": 0.1993845157,
    "incomeTaxExpense": 437000000,
    "netIncome": 2014000000,
    "netIncomeRatio": 0.1631033366,
    "eps": 3.22,
    "epsdiluted": 3.16,
    "weightedAverageShsOut": 625000000,
    "weightedAverageShsOutDil": 637000000,
    "link": "https://www.sec.gov/Archives/edgar/data/10456/000095013709001173/0000950137-09-001173-index.htm",
    "finalLink": "https://www.sec.gov/Archives/edgar/data/10456/000095013709001173/c48741e10vk.htm"
  },
  {
    "date": "2007-12-31",
    "symbol": "BAX",
    "reportedCurrency": "USD",
    "cik": "0000010456",
    "fillingDate": "2008-02-26",
    "acceptedDate": "2008-02-26 17:01:18",
    "calendarYear": "2007",
    "period": "FY",
    "revenue": 11263000000,
    "costOfRevenue": 5744000000,
    "grossProfit": 5519000000,
    "grossProfitRatio": 0.4900115422,
    "researchAndDevelopmentExpenses": 760000000,
    "generalAndAdministrativeExpenses": 0,
    "sellingAndMarketingExpenses": 0,
    "sellingGeneralAndAdministrativeExpenses": 2521000000,
    "otherExpenses": 70000000,
    "operatingExpenses": 3351000000,
    "costAndExpenses": 9095000000,
    "interestIncome": 102000000,
    "interestExpense": 124000000,
    "depreciationAndAmortization": 581000000,
    "ebitda": 2819000000,
    "ebitdaratio": 0.2502885554,
    "operatingIncome": 2168000000,
    "operatingIncomeRatio": 0.1924886797,
    "totalOtherIncomeExpensesNet": -54000000,
    "incomeBeforeTax": 2114000000,
    "incomeBeforeTaxRatio": 0.18769422,
    "incomeTaxExpense": 407000000,
    "netIncome": 1707000000,
    "netIncomeRatio": 0.1515581994,
    "eps": 2.65,
    "epsdiluted": 2.61,
    "weightedAverageShsOut": 644000000,
    "weightedAverageShsOutDil": 654000000,
    "link": "https://www.sec.gov/Archives/edgar/data/10456/000095013708002771/0000950137-08-002771-index.htm",
    "finalLink": "https://www.sec.gov/Archives/edgar/data/10456/000095013708002771/c22852e10vk.htm"
  },
  {
    "date": "2006-12-31",
    "symbol": "BAX",
    "reportedCurrency": "USD",
    "cik": "0000010456",
    "fillingDate": "2007-02-28",
    "acceptedDate": "2007-02-27 21:33:50",
    "calendarYear": "2006",
    "period": "FY",
    "revenue": 10378000000,
    "costOfRevenue": 5641000000,
    "grossProfit": 4737000000,
    "grossProfitRatio": 0.4564463288,
    "researchAndDevelopmentExpenses": 614000000,
    "generalAndAdministrativeExpenses": 0,
    "sellingAndMarketingExpenses": 0,
    "sellingGeneralAndAdministrativeExpenses": 2282000000,
    "otherExpenses": 0,
    "operatingExpenses": 2896000000,
    "costAndExpenses": 8537000000,
    "interestIncome": 0,
    "interestExpense": 101000000,
    "depreciationAndAmortization": 575000000,
    "ebitda": 2416000000,
    "ebitdaratio": 0.2328001542,
    "operatingIncome": 1841000000,
    "operatingIncomeRatio": 0.1773944883,
    "totalOtherIncomeExpensesNet": -95000000,
    "incomeBeforeTax": 1746000000,
    "incomeBeforeTaxRatio": 0.1682405088,
    "incomeTaxExpense": 348000000,
    "netIncome": 1396000000,
    "netIncomeRatio": 0.1345153209,
    "eps": 2.15,
    "epsdiluted": 2.13,
    "weightedAverageShsOut": 651000000,
    "weightedAverageShsOutDil": 656000000,
    "link": "https://www.sec.gov/Archives/edgar/data/10456/000095013707002905/0000950137-07-002905-index.htm",
    "finalLink": "https://www.sec.gov/Archives/edgar/data/10456/000095013707002905/n12610e10vk.htm"
  },
  {
    "date": "2005-12-31",
    "symbol": "BAX",
    "reportedCurrency": "USD",
    "cik": "0000010456",
    "fillingDate": "2006-03-07",
    "acceptedDate": "2006-03-07 17:16:49",
    "calendarYear": "2005",
    "period": "FY",
    "revenue": 9849000000,
    "costOfRevenue": 5756000000,
    "grossProfit": 4093000000,
    "grossProfitRatio": 0.4155751853,
    "researchAndDevelopmentExpenses": 533000000,
    "generalAndAdministrativeExpenses": 0,
    "sellingAndMarketingExpenses": 0,
    "sellingGeneralAndAdministrativeExpenses": 2030000000,
    "otherExpenses": -109000000,
    "operatingExpenses": 2454000000,
    "costAndExpenses": 8210000000,
    "interestIncome": 0,
    "interestExpense": 118000000,
    "depreciationAndAmortization": 580000000,
    "ebitda": 2110000000,
    "ebitdaratio": 0.2142349477,
    "operatingIncome": 1639000000,
    "operatingIncomeRatio": 0.1664128338,
    "totalOtherIncomeExpensesNet": -195000000,
    "incomeBeforeTax": 1444000000,
    "incomeBeforeTaxRatio": 0.1466138694,
    "incomeTaxExpense": 486000000,
    "netIncome": 956000000,
    "netIncomeRatio": 0.0970656919,
    "eps": 1.54,
    "epsdiluted": 1.52,
    "weightedAverageShsOut": 622000000,
    "weightedAverageShsOutDil": 629000000,
    "link": "https://www.sec.gov/Archives/edgar/data/10456/000095013706002686/0000950137-06-002686-index.htm",
    "finalLink": "https://www.sec.gov/Archives/edgar/data/10456/000095013706002686/c02804e10vk.htm"
  },
  {
    "date": "2004-12-31",
    "symbol": "BAX",
    "reportedCurrency": "USD",
    "cik": "0000010456",
    "fillingDate": "2005-03-16",
    "acceptedDate": "2005-03-16 13:33:55",
    "calendarYear": "2004",
    "period": "FY",
    "revenue": 9509000000,
    "costOfRevenue": 5594000000,
    "grossProfit": 3915000000,
    "grossProfitRatio": 0.4117152172,
    "researchAndDevelopmentExpenses": 517000000,
    "generalAndAdministrativeExpenses": 0,
    "sellingAndMarketingExpenses": 0,
    "sellingGeneralAndAdministrativeExpenses": 1960000000,
    "otherExpenses": 543000000,
    "operatingExpenses": 3020000000,
    "costAndExpenses": 8614000000,
    "interestIncome": 0,
    "interestExpense": 99000000,
    "depreciationAndAmortization": 601000000,
    "ebitda": 2039000000,
    "ebitdaratio": 0.2144284362,
    "operatingIncome": 895000000,
    "operatingIncomeRatio": 0.0941213587,
    "totalOtherIncomeExpensesNet": -465000000,
    "incomeBeforeTax": 430000000,
    "incomeBeforeTaxRatio": 0.0452203176,
    "incomeTaxExpense": 47000000,
    "netIncome": 388000000,
    "netIncomeRatio": 0.0408034494,
    "eps": 0.63,
    "epsdiluted": 0.63,
    "weightedAverageShsOut": 614000000,
    "weightedAverageShsOutDil": 618000000,
    "link": "https://www.sec.gov/Archives/edgar/data/10456/000119312505052405/0001193125-05-052405-index.htm",
    "finalLink": "https://www.sec.gov/Archives/edgar/data/10456/000119312505052405/d10k.htm"
  },
  {
    "date": "2003-12-31",
    "symbol": "BAX",
    "reportedCurrency": "USD",
    "cik": "0000010456",
    "fillingDate": "2005-03-14",
    "acceptedDate": "2005-03-14 16:47:37",
    "calendarYear": "2003",
    "period": "FY",
    "revenue": 8904000000,
    "costOfRevenue": 4951000000,
    "grossProfit": 3953000000,
    "grossProfitRatio": 0.4439577718,
    "researchAndDevelopmentExpenses": 553000000,
    "generalAndAdministrativeExpenses": 0,
    "sellingAndMarketingExpenses": 0,
    "sellingGeneralAndAdministrativeExpenses": 1805000000,
    "otherExpenses": 337000000,
    "operatingExpenses": 2695000000,
    "costAndExpenses": 7646000000,
    "interestIncome": 0,
    "interestExpense": 115000000,
    "depreciationAndAmortization": 545000000,
    "ebitda": 2140000000,
    "ebitdaratio": 0.2403414196,
    "operatingIncome": 1258000000,
    "operatingIncomeRatio": 0.1412848158,
    "totalOtherIncomeExpensesNet": -129000000,
    "incomeBeforeTax": 1129000000,
    "incomeBeforeTaxRatio": 0.1267969452,
    "incomeTaxExpense": 222000000,
    "netIncome": 866000000,
    "netIncomeRatio": 0.0972596586,
    "eps": 1.51,
    "epsdiluted": 1.5,
    "weightedAverageShsOut": 573509934,
    "weightedAverageShsOutDil": 577333333,
    "link": "https://www.sec.gov/Archives/edgar/data/10456/000119312505049548/0001193125-05-049548-index.htm",
    "finalLink": "https://www.sec.gov/Archives/edgar/data/10456/000119312505049548/d10ka.htm"
  },
  {
    "date": "2002-12-31",
    "symbol": "BAX",
    "reportedCurrency": "USD",
    "cik": "0000010456",
    "fillingDate": "2003-03-12",
    "acceptedDate": "2003-03-12 17:06:10",
    "calendarYear": "2002",
    "period": "FY",
    "revenue": 8099000000,
    "costOfRevenue": 4314000000,
    "grossProfit": 3785000000,
    "grossProfitRatio": 0.4673416471,
    "researchAndDevelopmentExpenses": 501000000,
    "generalAndAdministrativeExpenses": 0,
    "sellingAndMarketingExpenses": 0,
    "sellingGeneralAndAdministrativeExpenses": 1566000000,
    "otherExpenses": 189000000,
    "operatingExpenses": 2256000000,
    "costAndExpenses": 6570000000,
    "interestIncome": 0,
    "interestExpense": 71000000,
    "depreciationAndAmortization": 439000000,
    "ebitda": 2157000000,
    "ebitdaratio": 0.2663291764,
    "operatingIncome": 1529000000,
    "operatingIncomeRatio": 0.1887887394,
    "totalOtherIncomeExpensesNet": -143000000,
    "incomeBeforeTax": 1386000000,
    "incomeBeforeTaxRatio": 0.1711322385,
    "incomeTaxExpense": 360000000,
    "netIncome": 771000000,
    "netIncomeRatio": 0.0951969379,
    "eps": 1.71,
    "epsdiluted": 1.66,
    "weightedAverageShsOut": 450877193,
    "weightedAverageShsOutDil": 464457831,
    "link": "https://www.sec.gov/Archives/edgar/data/10456/000095013103001306/0000950131-03-001306-index.htm",
    "finalLink": "https://www.sec.gov/Archives/edgar/data/10456/000095013103001306/d10k.txt"
  },
  {
    "date": "2001-12-31",
    "symbol": "BAX",
    "reportedCurrency": "USD",
    "cik": "0000010456",
    "fillingDate": "2002-03-13",
    "acceptedDate": "2002-03-13 00:00:00",
    "calendarYear": "2001",
    "period": "FY",
    "revenue": 7356000000,
    "costOfRevenue": 3944000000,
    "grossProfit": 3412000000,
    "grossProfitRatio": 0.463839043,
    "researchAndDevelopmentExpenses": 426000000,
    "generalAndAdministrativeExpenses": 0,
    "sellingAndMarketingExpenses": 0,
    "sellingGeneralAndAdministrativeExpenses": 1440000000,
    "otherExpenses": 323000000,
    "operatingExpenses": 2189000000,
    "costAndExpenses": 6133000000,
    "interestIncome": 0,
    "interestExpense": 108000000,
    "depreciationAndAmortization": 427000000,
    "ebitda": 1930000000,
    "ebitdaratio": 0.2623708537,
    "operatingIncome": 1223000000,
    "operatingIncomeRatio": 0.1662588363,
    "totalOtherIncomeExpensesNet": -244000000,
    "incomeBeforeTax": 979000000,
    "incomeBeforeTaxRatio": 0.1330886351,
    "incomeTaxExpense": 304000000,
    "netIncome": 612000000,
    "netIncomeRatio": 0.0831973899,
    "eps": 1.13,
    "epsdiluted": 1.09,
    "weightedAverageShsOut": 541592920,
    "weightedAverageShsOutDil": 561467890,
    "link": "https://www.sec.gov/Archives/edgar/data/10456/000095013102000882/0000950131-02-000882-index.htm",
    "finalLink": "https://www.sec.gov/Archives/edgar/data/10456/000095013102000882/d10k.txt"
  },
  {
    "date": "2000-12-31",
    "symbol": "BAX",
    "reportedCurrency": "USD",
    "cik": "0000010456",
    "fillingDate": "2001-03-23",
    "acceptedDate": "2001-03-23 00:00:00",
    "calendarYear": "2000",
    "period": "FY",
    "revenue": 6697000000,
    "costOfRevenue": 3641000000,
    "grossProfit": 3056000000,
    "grossProfitRatio": 0.456323727,
    "researchAndDevelopmentExpenses": 378000000,
    "generalAndAdministrativeExpenses": 0,
    "sellingAndMarketingExpenses": 0,
    "sellingGeneralAndAdministrativeExpenses": 1330000000,
    "otherExpenses": 314000000,
    "operatingExpenses": 2022000000,
    "costAndExpenses": 5663000000,
    "interestIncome": 0,
    "interestExpense": 131000000,
    "depreciationAndAmortization": 394000000,
    "ebitda": 1714000000,
    "ebitdaratio": 0.2559354935,
    "operatingIncome": 1034000000,
    "operatingIncomeRatio": 0.1543974914,
    "totalOtherIncomeExpensesNet": -72000000,
    "incomeBeforeTax": 962000000,
    "incomeBeforeTaxRatio": 0.1436464088,
    "incomeTaxExpense": 208000000,
    "netIncome": 740000000,
    "netIncomeRatio": 0.1104972376,
    "eps": 1.27,
    "epsdiluted": 1.25,
    "weightedAverageShsOut": 582677165,
    "weightedAverageShsOutDil": 592000000,
    "link": "https://www.sec.gov/Archives/edgar/data/10456/000095013101001585/0000950131-01-001585-index.htm",
    "finalLink": "https://www.sec.gov/Archives/edgar/data/10456/000095013101001585/0000950131-01-001585-0001.txt"
  },
  {
    "date": "1999-12-31",
    "symbol": "BAX",
    "reportedCurrency": "USD",
    "cik": "0000010456",
    "fillingDate": "2000-03-23",
    "acceptedDate": "2000-03-23 00:00:00",
    "calendarYear": "1999",
    "period": "FY",
    "revenue": 6380000000,
    "costOfRevenue": 3215000000,
    "grossProfit": 3165000000,
    "grossProfitRatio": 0.4960815047,
    "researchAndDevelopmentExpenses": 332000000,
    "generalAndAdministrativeExpenses": 0,
    "sellingAndMarketingExpenses": 0,
    "sellingGeneralAndAdministrativeExpenses": 1311000000,
    "otherExpenses": 372000000,
    "operatingExpenses": 2015000000,
    "costAndExpenses": 5230000000,
    "interestIncome": 0,
    "interestExpense": 0,
    "depreciationAndAmortization": 372000000,
    "ebitda": 1522000000,
    "ebitdaratio": 0.2385579937,
    "operatingIncome": 1150000000,
    "operatingIncomeRatio": 0.1802507837,
    "totalOtherIncomeExpensesNet": -98000000,
    "incomeBeforeTax": 1052000000,
    "incomeBeforeTaxRatio": 0.1648902821,
    "incomeTaxExpense": 273000000,
    "netIncome": 797000000,
    "netIncomeRatio": 0.1249216301,
    "eps": 1.38,
    "epsdiluted": 1.35,
    "weightedAverageShsOut": 580000000,
    "weightedAverageShsOutDil": 590000000,
    "link": "https://www.sec.gov/Archives/edgar/data/10456/000095013100001927/0000950131-00-001927-index.html",
    "finalLink": "https://www.sec.gov/Archives/edgar/data/10456/000095013100001927/"
  },
  {
    "date": "1998-12-31",
    "symbol": "BAX",
    "reportedCurrency": "USD",
    "cik": "0000010456",
    "fillingDate": "1999-03-19",
    "acceptedDate": "1999-03-19 00:00:00",
    "calendarYear": "1998",
    "period": "FY",
    "revenue": 5706000000,
    "costOfRevenue": 2816000000,
    "grossProfit": 2890000000,
    "grossProfitRatio": 0.5064844024,
    "researchAndDevelopmentExpenses": 323000000,
    "generalAndAdministrativeExpenses": 0,
    "sellingAndMarketingExpenses": 0,
    "sellingGeneralAndAdministrativeExpenses": 1208000000,
    "otherExpenses": 344000000,
    "operatingExpenses": 1875000000,
    "costAndExpenses": 4691000000,
    "interestIncome": 0,
    "interestExpense": 193000000,
    "depreciationAndAmortization": 344000000,
    "ebitda": 1359000000,
    "ebitdaratio": 0.238170347,
    "operatingIncome": 1015000000,
    "operatingIncomeRatio": 0.1778829302,
    "totalOtherIncomeExpensesNet": -522000000,
    "incomeBeforeTax": 493000000,
    "incomeBeforeTaxRatio": 0.0864002804,
    "incomeTaxExpense": 218000000,
    "netIncome": 315000000,
    "netIncomeRatio": 0.0552050473,
    "eps": 0.56,
    "epsdiluted": 0.55,
    "weightedAverageShsOut": 568000000,
    "weightedAverageShsOutDil": 578000000,
    "link": "https://www.sec.gov/Archives/edgar/data/10456/000095013199001586/0000950131-99-001586-index.html",
    "finalLink": "https://www.sec.gov/Archives/edgar/data/10456/"
  },
  {
    "date": "1997-12-31",
    "symbol": "BAX",
    "reportedCurrency": "USD",
    "cik": "0000010456",
    "fillingDate": "1998-03-20",
    "acceptedDate": "1998-03-20 00:00:00",
    "calendarYear": "1997",
    "period": "FY",
    "revenue": 5259000000,
    "costOfRevenue": 2570000000,
    "grossProfit": 2689000000,
    "grossProfitRatio": 0.511313938,
    "researchAndDevelopmentExpenses": 339000000,
    "generalAndAdministrativeExpenses": 0,
    "sellingAndMarketingExpenses": 0,
    "sellingGeneralAndAdministrativeExpenses": 1145000000,
    "otherExpenses": 318000000,
    "operatingExpenses": 1802000000,
    "costAndExpenses": 4372000000,
    "interestIncome": 0,
    "interestExpense": 0,
    "depreciationAndAmortization": 318000000,
    "ebitda": 1205000000,
    "ebitdaratio": 0.2291310135,
    "operatingIncome": 887000000,
    "operatingIncomeRatio": 0.168663244,
    "totalOtherIncomeExpensesNet": -317000000,
    "incomeBeforeTax": 570000000,
    "incomeBeforeTaxRatio": 0.1083856246,
    "incomeTaxExpense": 199000000,
    "netIncome": 300000000,
    "netIncomeRatio": 0.0570450656,
    "eps": 0.54,
    "epsdiluted": 0.53,
    "weightedAverageShsOut": 556000000,
    "weightedAverageShsOutDil": 564000000,
    "link": "https://www.sec.gov/Archives/edgar/data/10456/000095013198001860/0000950131-98-001860-index.html",
    "finalLink": "https://www.sec.gov/Archives/edgar/data/10456/"
  },
  {
    "date": "1996-12-31",
    "symbol": "BAX",
    "reportedCurrency": "USD",
    "cik": "0000010456",
    "fillingDate": "1997-03-19",
    "acceptedDate": "1997-03-19 00:00:00",
    "calendarYear": "1996",
    "period": "FY",
    "revenue": 5438000000,
    "costOfRevenue": 2697000000,
    "grossProfit": 2741000000,
    "grossProfitRatio": 0.504045605,
    "researchAndDevelopmentExpenses": 340000000,
    "generalAndAdministrativeExpenses": 0,
    "sellingAndMarketingExpenses": 0,
    "sellingGeneralAndAdministrativeExpenses": 1142000000,
    "otherExpenses": 348000000,
    "operatingExpenses": 1830000000,
    "costAndExpenses": 4527000000,
    "interestIncome": 0,
    "interestExpense": 214000000,
    "depreciationAndAmortization": 348000000,
    "ebitda": 1259000000,
    "ebitdaratio": 0.2315189408,
    "operatingIncome": 911000000,
    "operatingIncomeRatio": 0.1675248253,
    "totalOtherIncomeExpensesNet": -118000000,
    "incomeBeforeTax": 793000000,
    "incomeBeforeTaxRatio": 0.1458256712,
    "incomeTaxExpense": 218000000,
    "netIncome": 669000000,
    "netIncomeRatio": 0.1230231703,
    "eps": 1.23,
    "epsdiluted": 1.23,
    "weightedAverageShsOut": 544000000,
    "weightedAverageShsOutDil": 552000000,
    "link": "https://www.sec.gov/Archives/edgar/data/10456/000095013197001923/0000950131-97-001923-index.html",
    "finalLink": "https://www.sec.gov/Archives/edgar/data/10456/"
  },
  {
    "date": "1995-12-31",
    "symbol": "BAX",
    "reportedCurrency": "USD",
    "cik": "0000010456",
    "fillingDate": "1996-03-22",
    "acceptedDate": "1996-03-22 00:00:00",
    "calendarYear": "1995",
    "period": "FY",
    "revenue": 5048000000,
    "costOfRevenue": 2469000000,
    "grossProfit": 2579000000,
    "grossProfitRatio": 0.5108954041,
    "researchAndDevelopmentExpenses": 345000000,
    "generalAndAdministrativeExpenses": 0,
    "sellingAndMarketingExpenses": 0,
    "sellingGeneralAndAdministrativeExpenses": 1084000000,
    "otherExpenses": 336000000,
    "operatingExpenses": 1765000000,
    "costAndExpenses": 4234000000,
    "interestIncome": 0,
    "interestExpense": 214000000,
    "depreciationAndAmortization": 336000000,
    "ebitda": 1150000000,
    "ebitdaratio": 0.2278129952,
    "operatingIncome": 814000000,
    "operatingIncomeRatio": 0.161251981,
    "totalOtherIncomeExpensesNet": -290000000,
    "incomeBeforeTax": 524000000,
    "incomeBeforeTaxRatio": 0.1038034865,
    "incomeTaxExpense": 153000000,
    "netIncome": 649000000,
    "netIncomeRatio": 0.1285657686,
    "eps": 1.18,
    "epsdiluted": 1.18,
    "weightedAverageShsOut": 554000000,
    "weightedAverageShsOutDil": 556000000,
    "link": "https://www.sec.gov/Archives/edgar/data/10456/000091205796004966/0000912057-96-004966-index.html",
    "finalLink": "https://www.sec.gov/Archives/edgar/data/10456/"
  },
  {
    "date": "1994-12-31",
    "symbol": "BAX",
    "reportedCurrency": "USD",
    "cik": "0000010456",
    "fillingDate": "1995-03-24",
    "acceptedDate": "1995-03-24 00:00:00",
    "calendarYear": "1994",
    "period": "FY",
    "revenue": 9324000000,
    "costOfRevenue": 5575000000,
    "grossProfit": 3749000000,
    "grossProfitRatio": 0.4020806521,
    "researchAndDevelopmentExpenses": 343000000,
    "generalAndAdministrativeExpenses": 0,
    "sellingAndMarketingExpenses": 0,
    "sellingGeneralAndAdministrativeExpenses": 1859000000,
    "otherExpenses": 524000000,
    "operatingExpenses": 2726000000,
    "costAndExpenses": 8301000000,
    "interestIncome": 0,
    "interestExpense": 237000000,
    "depreciationAndAmortization": 524000000,
    "ebitda": 1547000000,
    "ebitdaratio": 0.1659159159,
    "operatingIncome": 1023000000,
    "operatingIncomeRatio": 0.1097168597,
    "totalOtherIncomeExpensesNet": -222000000,
    "incomeBeforeTax": 801000000,
    "incomeBeforeTaxRatio": 0.0859073359,
    "incomeTaxExpense": 205000000,
    "netIncome": 596000000,
    "netIncomeRatio": 0.0639210639,
    "eps": 1.07,
    "epsdiluted": 1.07,
    "weightedAverageShsOut": 560000000,
    "weightedAverageShsOutDil": 560000000,
    "link": "https://www.sec.gov/Archives/edgar/data/10456/000095013195000701/0000950131-95-000701-index.html",
    "finalLink": "https://www.sec.gov/Archives/edgar/data/10456/"
  },
  {
    "date": "1993-12-31",
    "symbol": "BAX",
    "reportedCurrency": "USD",
    "cik": "0000010456",
    "fillingDate": "1994-03-21",
    "acceptedDate": "1994-03-21 00:00:00",
    "calendarYear": "1993",
    "period": "FY",
    "revenue": 8879000000,
    "costOfRevenue": 5163000000,
    "grossProfit": 3716000000,
    "grossProfitRatio": 0.4185155986,
    "researchAndDevelopmentExpenses": 0,
    "generalAndAdministrativeExpenses": 0,
    "sellingAndMarketingExpenses": 0,
    "sellingGeneralAndAdministrativeExpenses": 2983000000,
    "otherExpenses": 494000000,
    "operatingExpenses": 3477000000,
    "costAndExpenses": 8640000000,
    "interestIncome": 0,
    "interestExpense": 222000000,
    "depreciationAndAmortization": 494000000,
    "ebitda": 733000000,
    "ebitdaratio": 0.0825543417,
    "operatingIncome": 239000000,
    "operatingIncomeRatio": 0.0269174457,
    "totalOtherIncomeExpensesNet": -569000000,
    "incomeBeforeTax": -330000000,
    "incomeBeforeTaxRatio": -0.0371663476,
    "incomeTaxExpense": -62000000,
    "netIncome": -198000000,
    "netIncomeRatio": -0.0222998085,
    "eps": -0.36,
    "epsdiluted": -0.36,
    "weightedAverageShsOut": 554000000,
    "weightedAverageShsOutDil": 554000000,
    "link": "https://www.sec.gov/Archives/edgar/data/10456/000091205794000982/0000912057-94-000982-index.html",
    "finalLink": "https://www.sec.gov/Archives/edgar/data/10456/"
  },
  {
    "date": "1992-12-31",
    "symbol": "BAX",
    "reportedCurrency": "USD",
    "cik": "0000010456",
    "fillingDate": "1992-12-31",
    "acceptedDate": "1992-12-30 19:00:00",
    "calendarYear": "1992",
    "period": "FY",
    "revenue": 8471000000,
    "costOfRevenue": 4783000000,
    "grossProfit": 3688000000,
    "grossProfitRatio": 0.4353677252,
    "researchAndDevelopmentExpenses": 0,
    "generalAndAdministrativeExpenses": 0,
    "sellingAndMarketingExpenses": 0,
    "sellingGeneralAndAdministrativeExpenses": 2196000000,
    "otherExpenses": 447000000,
    "operatingExpenses": 2643000000,
    "costAndExpenses": 7426000000,
    "interestIncome": 0,
    "interestExpense": 211000000,
    "depreciationAndAmortization": 447000000,
    "ebitda": 1492000000,
    "ebitdaratio": 0.176130327,
    "operatingIncome": 1045000000,
    "operatingIncomeRatio": 0.1233620588,
    "totalOtherIncomeExpensesNet": -292000000,
    "incomeBeforeTax": 753000000,
    "incomeBeforeTaxRatio": 0.0888915122,
    "incomeTaxExpense": 192000000,
    "netIncome": 441000000,
    "netIncomeRatio": 0.0520599693,
    "eps": 0.78,
    "epsdiluted": 0.77,
    "weightedAverageShsOut": 558974359,
    "weightedAverageShsOutDil": 566233766,
    "link": "",
    "finalLink": ""
  },
  {
    "date": "1991-12-31",
    "symbol": "BAX",
    "reportedCurrency": "USD",
    "cik": "0000010456",
    "fillingDate": "1991-12-31",
    "acceptedDate": "1991-12-30 19:00:00",
    "calendarYear": "1991",
    "period": "FY",
    "revenue": 8921000000,
    "costOfRevenue": 5224000000,
    "grossProfit": 3697000000,
    "grossProfitRatio": 0.4144154243,
    "researchAndDevelopmentExpenses": 0,
    "generalAndAdministrativeExpenses": 0,
    "sellingAndMarketingExpenses": 0,
    "sellingGeneralAndAdministrativeExpenses": 2182000000,
    "otherExpenses": 427000000,
    "operatingExpenses": 2609000000,
    "costAndExpenses": 7833000000,
    "interestIncome": 0,
    "interestExpense": 222000000,
    "depreciationAndAmortization": 427000000,
    "ebitda": 1515000000,
    "ebitdaratio": 0.1698240108,
    "operatingIncome": 1088000000,
    "operatingIncomeRatio": 0.1219594216,
    "totalOtherIncomeExpensesNet": -283000000,
    "incomeBeforeTax": 805000000,
    "incomeBeforeTaxRatio": 0.0902365206,
    "incomeTaxExpense": 214000000,
    "netIncome": 591000000,
    "netIncomeRatio": 0.0662481785,
    "eps": 1.01,
    "epsdiluted": 1,
    "weightedAverageShsOut": 559605911,
    "weightedAverageShsOutDil": 568000000,
    "link": "",
    "finalLink": ""
  },
  {
    "date": "1990-12-31",
    "symbol": "BAX",
    "reportedCurrency": "USD",
    "cik": "0000010456",
    "fillingDate": "1990-12-31",
    "acceptedDate": "1990-12-30 19:00:00",
    "calendarYear": "1990",
    "period": "FY",
    "revenue": 8100000000,
    "costOfRevenue": 4814000000,
    "grossProfit": 3286000000,
    "grossProfitRatio": 0.4056790123,
    "researchAndDevelopmentExpenses": 0,
    "generalAndAdministrativeExpenses": 0,
    "sellingAndMarketingExpenses": 0,
    "sellingGeneralAndAdministrativeExpenses": 2541000000,
    "otherExpenses": 383000000,
    "operatingExpenses": 2924000000,
    "costAndExpenses": 7738000000,
    "interestIncome": 0,
    "interestExpense": 259000000,
    "depreciationAndAmortization": 383000000,
    "ebitda": 745000000,
    "ebitdaratio": 0.0919753086,
    "operatingIncome": 362000000,
    "operatingIncomeRatio": 0.044691358,
    "totalOtherIncomeExpensesNet": -257000000,
    "incomeBeforeTax": 105000000,
    "incomeBeforeTaxRatio": 0.012962963,
    "incomeTaxExpense": 65000000,
    "netIncome": 40000000,
    "netIncomeRatio": 0.0049382716,
    "eps": -0.025,
    "epsdiluted": -0.025,
    "weightedAverageShsOut": 480000000,
    "weightedAverageShsOutDil": 480000000,
    "link": "",
    "finalLink": ""
  },
  {
    "date": "1989-12-31",
    "symbol": "BAX",
    "reportedCurrency": "USD",
    "cik": "0000010456",
    "fillingDate": "1989-12-31",
    "acceptedDate": "1989-12-30 19:00:00",
    "calendarYear": "1989",
    "period": "FY",
    "revenue": 7399000000,
    "costOfRevenue": 4386000000,
    "grossProfit": 3013000000,
    "grossProfitRatio": 0.4072171915,
    "researchAndDevelopmentExpenses": 0,
    "generalAndAdministrativeExpenses": 0,
    "sellingAndMarketingExpenses": 0,
    "sellingGeneralAndAdministrativeExpenses": 1811000000,
    "otherExpenses": 368000000,
    "operatingExpenses": 2179000000,
    "costAndExpenses": 6565000000,
    "interestIncome": 0,
    "interestExpense": 284000000,
    "depreciationAndAmortization": 368000000,
    "ebitda": 1202000000,
    "ebitdaratio": 0.1624543857,
    "operatingIncome": 834000000,
    "operatingIncomeRatio": 0.1127179349,
    "totalOtherIncomeExpensesNet": -197000000,
    "incomeBeforeTax": 637000000,
    "incomeBeforeTaxRatio": 0.0860927152,
    "incomeTaxExpense": 191000000,
    "netIncome": 446000000,
    "netIncomeRatio": 0.060278416,
    "eps": 0.75,
    "epsdiluted": 0.75,
    "weightedAverageShsOut": 512000000,
    "weightedAverageShsOutDil": 515436242,
    "link": "",
    "finalLink": ""
  },
  {
    "date": "1988-12-31",
    "symbol": "BAX",
    "reportedCurrency": "USD",
    "cik": "0000010456",
    "fillingDate": "1988-12-31",
    "acceptedDate": "1988-12-30 19:00:00",
    "calendarYear": "1988",
    "period": "FY",
    "revenue": 6861000000,
    "costOfRevenue": 4032000000,
    "grossProfit": 2829000000,
    "grossProfitRatio": 0.4123305641,
    "researchAndDevelopmentExpenses": 0,
    "generalAndAdministrativeExpenses": 0,
    "sellingAndMarketingExpenses": 0,
    "sellingGeneralAndAdministrativeExpenses": 1749000000,
    "otherExpenses": 335000000,
    "operatingExpenses": 2084000000,
    "costAndExpenses": 6116000000,
    "interestIncome": 0,
    "interestExpense": 242000000,
    "depreciationAndAmortization": 335000000,
    "ebitda": 1080000000,
    "ebitdaratio": 0.1574114561,
    "operatingIncome": 745000000,
    "operatingIncomeRatio": 0.1085847544,
    "totalOtherIncomeExpensesNet": -227000000,
    "incomeBeforeTax": 518000000,
    "incomeBeforeTaxRatio": 0.0754991984,
    "incomeTaxExpense": 130000000,
    "netIncome": 388000000,
    "netIncomeRatio": 0.0565515231,
    "eps": 0.66,
    "epsdiluted": 0.65,
    "weightedAverageShsOut": 496183206,
    "weightedAverageShsOutDil": 500000000,
    "link": "",
    "finalLink": ""
  },
  {
    "date": "1987-12-31",
    "symbol": "BAX",
    "reportedCurrency": "USD",
    "cik": "0000010456",
    "fillingDate": "1987-12-31",
    "acceptedDate": "1987-12-30 19:00:00",
    "calendarYear": "1987",
    "period": "FY",
    "revenue": 6223000000,
    "costOfRevenue": 3667000000,
    "grossProfit": 2556000000,
    "grossProfitRatio": 0.4107343725,
    "researchAndDevelopmentExpenses": 0,
    "generalAndAdministrativeExpenses": 0,
    "sellingAndMarketingExpenses": 0,
    "sellingGeneralAndAdministrativeExpenses": 1550000000,
    "otherExpenses": 314000000,
    "operatingExpenses": 1864000000,
    "costAndExpenses": 5531000000,
    "interestIncome": 0,
    "interestExpense": 0,
    "depreciationAndAmortization": 314000000,
    "ebitda": 1006000000,
    "ebitdaratio": 0.1616583641,
    "operatingIncome": 692000000,
    "operatingIncomeRatio": 0.1112003857,
    "totalOtherIncomeExpensesNet": -246000000,
    "incomeBeforeTax": 446000000,
    "incomeBeforeTaxRatio": 0.0716696127,
    "incomeTaxExpense": 123000000,
    "netIncome": 323000000,
    "netIncomeRatio": 0.0519042263,
    "eps": 0.55,
    "epsdiluted": 0.55,
    "weightedAverageShsOut": 478181818,
    "weightedAverageShsOutDil": 482568807,
    "link": "",
    "finalLink": ""
  },
  {
    "date": "1986-12-31",
    "symbol": "BAX",
    "reportedCurrency": "USD",
    "cik": "0000010456",
    "fillingDate": "1986-12-31",
    "acceptedDate": "1986-12-30 19:00:00",
    "calendarYear": "1986",
    "period": "FY",
    "revenue": 5543000000,
    "costOfRevenue": 3241000000,
    "grossProfit": 2302000000,
    "grossProfitRatio": 0.4152985748,
    "researchAndDevelopmentExpenses": 0,
    "generalAndAdministrativeExpenses": 0,
    "sellingAndMarketingExpenses": 0,
    "sellingGeneralAndAdministrativeExpenses": 1534000000,
    "otherExpenses": 285000000,
    "operatingExpenses": 1819000000,
    "costAndExpenses": 5060000000,
    "interestIncome": 0,
    "interestExpense": 226000000,
    "depreciationAndAmortization": 285000000,
    "ebitda": 768000000,
    "ebitdaratio": 0.1385531301,
    "operatingIncome": 483000000,
    "operatingIncomeRatio": 0.0871369295,
    "totalOtherIncomeExpensesNet": -223000000,
    "incomeBeforeTax": 260000000,
    "incomeBeforeTaxRatio": 0.0469060076,
    "incomeTaxExpense": 79000000,
    "netIncome": 219000000,
    "netIncomeRatio": 0.039509291,
    "eps": 0.4,
    "epsdiluted": 0.4,
    "weightedAverageShsOut": 498734177,
    "weightedAverageShsOutDil": 498734177,
    "link": "",
    "finalLink": ""
  },
  {
    "date": "1985-12-31",
    "symbol": "BAX",
    "reportedCurrency": "USD",
    "cik": "0000010456",
    "fillingDate": "1985-12-31",
    "acceptedDate": "1985-12-30 19:00:00",
    "calendarYear": "1985",
    "period": "FY",
    "revenue": 2355000000,
    "costOfRevenue": 1299000000,
    "grossProfit": 1056000000,
    "grossProfitRatio": 0.4484076433,
    "researchAndDevelopmentExpenses": 0,
    "generalAndAdministrativeExpenses": 0,
    "sellingAndMarketingExpenses": 0,
    "sellingGeneralAndAdministrativeExpenses": 657000000,
    "otherExpenses": 134000000,
    "operatingExpenses": 791000000,
    "costAndExpenses": 2090000000,
    "interestIncome": 0,
    "interestExpense": 74000000,
    "depreciationAndAmortization": 134000000,
    "ebitda": 399000000,
    "ebitdaratio": 0.1694267516,
    "operatingIncome": 265000000,
    "operatingIncomeRatio": 0.1125265393,
    "totalOtherIncomeExpensesNet": -96000000,
    "incomeBeforeTax": 169000000,
    "incomeBeforeTaxRatio": 0.0717622081,
    "incomeTaxExpense": 32000000,
    "netIncome": 137000000,
    "netIncomeRatio": 0.0581740977,
    "eps": 0.43,
    "epsdiluted": 0.42,
    "weightedAverageShsOut": 305882353,
    "weightedAverageShsOutDil": 313253012,
    "link": "",
    "finalLink": ""
  }
]