[
  {
    "date": "2025-08-02",
    "symbol": "BBY",
    "reportedCurrency": "USD",
    "cik": "0000764478",
    "fillingDate": "2025-09-05",
    "acceptedDate": "2025-09-05 16:58:38",
    "calendarYear": "2026",
    "period": "Q2",
    "revenue": 9438000000,
    "costOfRevenue": 7248000000,
    "grossProfit": 2190000000,
    "grossProfitRatio": 0.2320406866,
    "researchAndDevelopmentExpenses": 0,
    "generalAndAdministrativeExpenses": 0,
    "sellingAndMarketingExpenses": 0,
    "sellingGeneralAndAdministrativeExpenses": 1829000000,
    "otherExpenses": 0,
    "operatingExpenses": 1825000000,
    "costAndExpenses": 9073000000,
    "interestIncome": 0,
    "interestExpense": 36000000,
    "depreciationAndAmortization": 211000000,
    "ebitda": 476000000,
    "ebitdaratio": 0.0504344141,
    "operatingIncome": 365000000,
    "operatingIncomeRatio": 0.0386734478,
    "totalOtherIncomeExpensesNet": -111000000,
    "incomeBeforeTax": 254000000,
    "incomeBeforeTaxRatio": 0.0269124815,
    "incomeTaxExpense": 68000000,
    "netIncome": 186000000,
    "netIncomeRatio": 0.0197075652,
    "eps": 0.88,
    "epsdiluted": 0.87,
    "weightedAverageShsOut": 211800000,
    "weightedAverageShsOutDil": 212500000,
    "link": "https://www.sec.gov/Archives/edgar/data/764478/000076447825000040/0000764478-25-000040-index.htm",
    "finalLink": "https://www.sec.gov/Archives/edgar/data/764478/000076447825000040/bby-20250802.htm"
  },
  {
    "date": "2025-05-03",
    "symbol": "BBY",
    "reportedCurrency": "USD",
    "cik": "0000764478",
    "fillingDate": "2025-06-06",
    "acceptedDate": "2025-06-06 16:01:40",
    "calendarYear": "2026",
    "period": "Q1",
    "revenue": 8767000000,
    "costOfRevenue": 6718000000,
    "grossProfit": 2049000000,
    "grossProfitRatio": 0.2337173492,
    "researchAndDevelopmentExpenses": 0,
    "generalAndAdministrativeExpenses": 0,
    "sellingAndMarketingExpenses": 0,
    "sellingGeneralAndAdministrativeExpenses": 1721000000,
    "otherExpenses": 0,
    "operatingExpenses": 1716000000,
    "costAndExpenses": 8439000000,
    "interestIncome": 0,
    "interestExpense": 12000000,
    "depreciationAndAmortization": 211000000,
    "ebitda": 445000000,
    "ebitdaratio": 0.0507585263,
    "operatingIncome": 328000000,
    "operatingIncomeRatio": 0.0374130261,
    "totalOtherIncomeExpensesNet": -107000000,
    "incomeBeforeTax": 221000000,
    "incomeBeforeTaxRatio": 0.025208167,
    "incomeTaxExpense": 19000000,
    "netIncome": 202000000,
    "netIncomeRatio": 0.023040949,
    "eps": 0.95,
    "epsdiluted": 0.95,
    "weightedAverageShsOut": 212000000,
    "weightedAverageShsOutDil": 213000000,
    "link": "https://www.sec.gov/Archives/edgar/data/764478/000076447825000019/0000764478-25-000019-index.htm",
    "finalLink": "https://www.sec.gov/Archives/edgar/data/764478/000076447825000019/bby-20250503x10q.htm"
  },
  {
    "date": "2025-02-01",
    "symbol": "BBY",
    "reportedCurrency": "USD",
    "cik": "0000764478",
    "fillingDate": "2025-03-19",
    "acceptedDate": "2025-03-19 16:21:04",
    "calendarYear": "2025",
    "period": "Q4",
    "revenue": 13948000000,
    "costOfRevenue": 11030000000,
    "grossProfit": 2918000000,
    "grossProfitRatio": 0.2092056209,
    "researchAndDevelopmentExpenses": 0,
    "generalAndAdministrativeExpenses": 1382000000,
    "sellingAndMarketingExpenses": 846000000,
    "sellingGeneralAndAdministrativeExpenses": 2233000000,
    "otherExpenses": 468000000,
    "operatingExpenses": 2701000000,
    "costAndExpenses": 13731000000,
    "interestIncome": 0,
    "interestExpense": 13000000,
    "depreciationAndAmortization": 216000000,
    "ebitda": 452000000,
    "ebitdaratio": 0.0324060797,
    "operatingIncome": 217000000,
    "operatingIncomeRatio": 0.0155577861,
    "totalOtherIncomeExpensesNet": 6000000,
    "incomeBeforeTax": 223000000,
    "incomeBeforeTaxRatio": 0.0159879553,
    "incomeTaxExpense": 106000000,
    "netIncome": 117000000,
    "netIncomeRatio": 0.0083882994,
    "eps": 0.55,
    "epsdiluted": 0.54,
    "weightedAverageShsOut": 213600000,
    "weightedAverageShsOutDil": 215400000,
    "link": "https://www.sec.gov/Archives/edgar/data/764478/000076447825000007/0000764478-25-000007-index.htm",
    "finalLink": "https://www.sec.gov/Archives/edgar/data/764478/000076447825000007/bby-20250201x10k.htm"
  },
  {
    "date": "2024-11-02",
    "symbol": "BBY",
    "reportedCurrency": "USD",
    "cik": "0000764478",
    "fillingDate": "2024-12-06",
    "acceptedDate": "2024-12-06 16:01:47",
    "calendarYear": "2025",
    "period": "Q3",
    "revenue": 9445000000,
    "costOfRevenue": 7228000000,
    "grossProfit": 2217000000,
    "grossProfitRatio": 0.234727369,
    "researchAndDevelopmentExpenses": 0,
    "generalAndAdministrativeExpenses": 0,
    "sellingAndMarketingExpenses": 0,
    "sellingGeneralAndAdministrativeExpenses": 1871000000,
    "otherExpenses": -4000000,
    "operatingExpenses": 1867000000,
    "costAndExpenses": 9095000000,
    "interestIncome": 0,
    "interestExpense": 13000000,
    "depreciationAndAmortization": 213000000,
    "ebitda": 582000000,
    "ebitdaratio": 0.0616199047,
    "operatingIncome": 350000000,
    "operatingIncomeRatio": 0.0370566437,
    "totalOtherIncomeExpensesNet": 8000000,
    "incomeBeforeTax": 358000000,
    "incomeBeforeTaxRatio": 0.0379036527,
    "incomeTaxExpense": 85000000,
    "netIncome": 273000000,
    "netIncomeRatio": 0.0289041821,
    "eps": 1.27,
    "epsdiluted": 1.26,
    "weightedAverageShsOut": 214800000,
    "weightedAverageShsOutDil": 216700000,
    "link": "https://www.sec.gov/Archives/edgar/data/764478/000076447824000041/0000764478-24-000041-index.htm",
    "finalLink": "https://www.sec.gov/Archives/edgar/data/764478/000076447824000041/bby-20241102x10q.htm"
  },
  {
    "date": "2024-08-03",
    "symbol": "BBY",
    "reportedCurrency": "USD",
    "cik": "0000764478",
    "fillingDate": "2024-09-06",
    "acceptedDate": "2024-09-06 16:02:03",
    "calendarYear": "2025",
    "period": "Q2",
    "revenue": 9288000000,
    "costOfRevenue": 7102000000,
    "grossProfit": 2186000000,
    "grossProfitRatio": 0.2353574505,
    "researchAndDevelopmentExpenses": 0,
    "generalAndAdministrativeExpenses": 0,
    "sellingAndMarketingExpenses": 0,
    "sellingGeneralAndAdministrativeExpenses": 1810000000,
    "otherExpenses": -7000000,
    "operatingExpenses": 1803000000,
    "costAndExpenses": 8912000000,
    "interestIncome": 0,
    "interestExpense": 13000000,
    "depreciationAndAmortization": 218000000,
    "ebitda": 622000000,
    "ebitdaratio": 0.0669681309,
    "operatingIncome": 376000000,
    "operatingIncomeRatio": 0.0404823428,
    "totalOtherIncomeExpensesNet": 16000000,
    "incomeBeforeTax": 392000000,
    "incomeBeforeTaxRatio": 0.0422049957,
    "incomeTaxExpense": 101000000,
    "netIncome": 291000000,
    "netIncomeRatio": 0.0313307494,
    "eps": 1.35,
    "epsdiluted": 1.34,
    "weightedAverageShsOut": 216000000,
    "weightedAverageShsOutDil": 217100000,
    "link": "https://www.sec.gov/Archives/edgar/data/764478/000076447824000035/0000764478-24-000035-index.htm",
    "finalLink": "https://www.sec.gov/Archives/edgar/data/764478/000076447824000035/bby-20240803x10q.htm"
  },
  {
    "date": "2024-05-04",
    "symbol": "BBY",
    "reportedCurrency": "USD",
    "cik": "0000764478",
    "fillingDate": "2024-06-07",
    "acceptedDate": "2024-06-07 16:17:51",
    "calendarYear": "2025",
    "period": "Q1",
    "revenue": 8847000000,
    "costOfRevenue": 6783000000,
    "grossProfit": 2064000000,
    "grossProfitRatio": 0.2332994235,
    "researchAndDevelopmentExpenses": 0,
    "generalAndAdministrativeExpenses": 0,
    "sellingAndMarketingExpenses": 0,
    "sellingGeneralAndAdministrativeExpenses": 1737000000,
    "otherExpenses": 0,
    "operatingExpenses": 1731000000,
    "costAndExpenses": 8520000000,
    "interestIncome": 0,
    "interestExpense": 12000000,
    "depreciationAndAmortization": 219000000,
    "ebitda": 556000000,
    "ebitdaratio": 0.0628461625,
    "operatingIncome": 327000000,
    "operatingIncomeRatio": 0.0369616819,
    "totalOtherIncomeExpensesNet": -1000000,
    "incomeBeforeTax": 326000000,
    "incomeBeforeTaxRatio": 0.0368486493,
    "incomeTaxExpense": 80000000,
    "netIncome": 246000000,
    "netIncomeRatio": 0.0278060359,
    "eps": 1.14,
    "epsdiluted": 1.13,
    "weightedAverageShsOut": 216200000,
    "weightedAverageShsOutDil": 217200000,
    "link": "https://www.sec.gov/Archives/edgar/data/764478/000076447824000022/0000764478-24-000022-index.htm",
    "finalLink": "https://www.sec.gov/Archives/edgar/data/764478/000076447824000022/bby-20240504x10q.htm"
  },
  {
    "date": "2024-02-03",
    "symbol": "BBY",
    "reportedCurrency": "USD",
    "cik": "0000764478",
    "fillingDate": "2024-03-15",
    "acceptedDate": "2024-03-15 16:38:57",
    "calendarYear": "2024",
    "period": "Q4",
    "revenue": 14646000000,
    "costOfRevenue": 11645000000,
    "grossProfit": 3001000000,
    "grossProfitRatio": 0.2049023624,
    "researchAndDevelopmentExpenses": 0,
    "generalAndAdministrativeExpenses": 1472000000,
    "sellingAndMarketingExpenses": 794000000,
    "sellingGeneralAndAdministrativeExpenses": 2271000000,
    "otherExpenses": 169000000,
    "operatingExpenses": 2440000000,
    "costAndExpenses": 14085000000,
    "interestIncome": 0,
    "interestExpense": 14000000,
    "depreciationAndAmortization": 221000000,
    "ebitda": 819000000,
    "ebitdaratio": 0.055919705,
    "operatingIncome": 561000000,
    "operatingIncomeRatio": 0.0383039738,
    "totalOtherIncomeExpensesNet": 23000000,
    "incomeBeforeTax": 584000000,
    "incomeBeforeTaxRatio": 0.0398743684,
    "incomeTaxExpense": 124000000,
    "netIncome": 460000000,
    "netIncomeRatio": 0.0314078929,
    "eps": 2.13,
    "epsdiluted": 2.12,
    "weightedAverageShsOut": 215900000,
    "weightedAverageShsOutDil": 216800000,
    "link": "https://www.sec.gov/Archives/edgar/data/764478/000076447824000010/0000764478-24-000010-index.htm",
    "finalLink": "https://www.sec.gov/Archives/edgar/data/764478/000076447824000010/bby-20240203x10k.htm"
  },
  {
    "date": "2023-10-28",
    "symbol": "BBY",
    "reportedCurrency": "USD",
    "cik": "0000764478",
    "fillingDate": "2023-12-01",
    "acceptedDate": "2023-12-01 16:01:37",
    "calendarYear": "2024",
    "period": "Q3",
    "revenue": 9756000000,
    "costOfRevenue": 7524000000,
    "grossProfit": 2232000000,
    "grossProfitRatio": 0.2287822878,
    "researchAndDevelopmentExpenses": 0,
    "generalAndAdministrativeExpenses": 0,
    "sellingAndMarketingExpenses": 0,
    "sellingGeneralAndAdministrativeExpenses": 1878000000,
    "otherExpenses": 0,
    "operatingExpenses": 1878000000,
    "costAndExpenses": 9402000000,
    "interestIncome": 0,
    "interestExpense": 14000000,
    "depreciationAndAmortization": 229000000,
    "ebitda": 591000000,
    "ebitdaratio": 0.0605781058,
    "operatingIncome": 354000000,
    "operatingIncomeRatio": 0.0362853629,
    "totalOtherIncomeExpensesNet": -5000000,
    "incomeBeforeTax": 349000000,
    "incomeBeforeTaxRatio": 0.0357728577,
    "incomeTaxExpense": 86000000,
    "netIncome": 263000000,
    "netIncomeRatio": 0.0269577696,
    "eps": 1.21,
    "epsdiluted": 1.21,
    "weightedAverageShsOut": 217800000,
    "weightedAverageShsOutDil": 218300000,
    "link": "https://www.sec.gov/Archives/edgar/data/764478/000076447823000053/0000764478-23-000053-index.htm",
    "finalLink": "https://www.sec.gov/Archives/edgar/data/764478/000076447823000053/bby-20231028x10q.htm"
  },
  {
    "date": "2023-07-29",
    "symbol": "BBY",
    "reportedCurrency": "USD",
    "cik": "0000764478",
    "fillingDate": "2023-09-01",
    "acceptedDate": "2023-09-01 16:02:23",
    "calendarYear": "2024",
    "period": "Q2",
    "revenue": 9583000000,
    "costOfRevenue": 7363000000,
    "grossProfit": 2220000000,
    "grossProfitRatio": 0.2316602317,
    "researchAndDevelopmentExpenses": 0,
    "generalAndAdministrativeExpenses": 0,
    "sellingAndMarketingExpenses": 0,
    "sellingGeneralAndAdministrativeExpenses": 1879000000,
    "otherExpenses": -7000000,
    "operatingExpenses": 1872000000,
    "costAndExpenses": 9242000000,
    "interestIncome": 0,
    "interestExpense": 12000000,
    "depreciationAndAmortization": 236000000,
    "ebitda": 617000000,
    "ebitdaratio": 0.0643848482,
    "operatingIncome": 341000000,
    "operatingIncomeRatio": 0.0355838464,
    "totalOtherIncomeExpensesNet": 29000000,
    "incomeBeforeTax": 370000000,
    "incomeBeforeTaxRatio": 0.0386100386,
    "incomeTaxExpense": 96000000,
    "netIncome": 274000000,
    "netIncomeRatio": 0.0285922989,
    "eps": 1.25,
    "epsdiluted": 1.25,
    "weightedAverageShsOut": 218600000,
    "weightedAverageShsOutDil": 219000000,
    "link": "https://www.sec.gov/Archives/edgar/data/764478/000076447823000041/0000764478-23-000041-index.htm",
    "finalLink": "https://www.sec.gov/Archives/edgar/data/764478/000076447823000041/bby-20230729x10q.htm"
  },
  {
    "date": "2023-04-29",
    "symbol": "BBY",
    "reportedCurrency": "USD",
    "cik": "0000764478",
    "fillingDate": "2023-06-02",
    "acceptedDate": "2023-06-02 16:01:36",
    "calendarYear": "2024",
    "period": "Q1",
    "revenue": 9467000000,
    "costOfRevenue": 7317000000,
    "grossProfit": 2150000000,
    "grossProfitRatio": 0.2271046794,
    "researchAndDevelopmentExpenses": 0,
    "generalAndAdministrativeExpenses": 0,
    "sellingAndMarketingExpenses": 0,
    "sellingGeneralAndAdministrativeExpenses": 1848000000,
    "otherExpenses": -9000000,
    "operatingExpenses": 1839000000,
    "costAndExpenses": 9165000000,
    "interestIncome": 0,
    "interestExpense": 12000000,
    "depreciationAndAmortization": 237000000,
    "ebitda": 569000000,
    "ebitdaratio": 0.0601035175,
    "operatingIncome": 302000000,
    "operatingIncomeRatio": 0.0319002852,
    "totalOtherIncomeExpensesNet": 17000000,
    "incomeBeforeTax": 319000000,
    "incomeBeforeTaxRatio": 0.0336959966,
    "incomeTaxExpense": 75000000,
    "netIncome": 244000000,
    "netIncomeRatio": 0.0257737404,
    "eps": 1.11,
    "epsdiluted": 1.11,
    "weightedAverageShsOut": 218900000,
    "weightedAverageShsOutDil": 219900000,
    "link": "https://www.sec.gov/Archives/edgar/data/764478/000076447823000025/0000764478-23-000025-index.htm",
    "finalLink": "https://www.sec.gov/Archives/edgar/data/764478/000076447823000025/bby-20230429x10q.htm"
  },
  {
    "date": "2023-01-28",
    "symbol": "BBY",
    "reportedCurrency": "USD",
    "cik": "0000764478",
    "fillingDate": "2023-03-17",
    "acceptedDate": "2023-03-17 17:14:03",
    "calendarYear": "2023",
    "period": "Q4",
    "revenue": 14735000000,
    "costOfRevenue": 11795000000,
    "grossProfit": 2919000000,
    "grossProfitRatio": 0.1980997625,
    "researchAndDevelopmentExpenses": 0,
    "generalAndAdministrativeExpenses": 0,
    "sellingAndMarketingExpenses": 0,
    "sellingGeneralAndAdministrativeExpenses": 2236000000,
    "otherExpenses": 0,
    "operatingExpenses": 2236000000,
    "costAndExpenses": 14052000000,
    "interestIncome": 0,
    "interestExpense": 12000000,
    "depreciationAndAmortization": 239000000,
    "ebitda": 862000000,
    "ebitdaratio": 0.0585001697,
    "operatingIncome": 683000000,
    "operatingIncomeRatio": 0.0463522226,
    "totalOtherIncomeExpensesNet": -70000000,
    "incomeBeforeTax": 613000000,
    "incomeBeforeTaxRatio": 0.0416016288,
    "incomeTaxExpense": 118000000,
    "netIncome": 495000000,
    "netIncomeRatio": 0.0335934849,
    "eps": 2.24,
    "epsdiluted": 2.23,
    "weightedAverageShsOut": 220900000,
    "weightedAverageShsOutDil": 221800000,
    "link": "https://www.sec.gov/Archives/edgar/data/764478/000076447823000006/0000764478-23-000006-index.htm",
    "finalLink": "https://www.sec.gov/Archives/edgar/data/764478/000076447823000006/bby-20230128x10k.htm"
  },
  {
    "date": "2022-10-29",
    "symbol": "BBY",
    "reportedCurrency": "USD",
    "cik": "0000764478",
    "fillingDate": "2022-12-06",
    "acceptedDate": "2022-12-06 16:03:35",
    "calendarYear": "2023",
    "period": "Q3",
    "revenue": 10587000000,
    "costOfRevenue": 8255000000,
    "grossProfit": 2311000000,
    "grossProfitRatio": 0.2182865779,
    "researchAndDevelopmentExpenses": 0,
    "generalAndAdministrativeExpenses": 0,
    "sellingAndMarketingExpenses": 0,
    "sellingGeneralAndAdministrativeExpenses": 1920000000,
    "otherExpenses": 0,
    "operatingExpenses": 1920000000,
    "costAndExpenses": 10196000000,
    "interestIncome": 0,
    "interestExpense": 10000000,
    "depreciationAndAmortization": 226000000,
    "ebitda": 595000000,
    "ebitdaratio": 0.0562010012,
    "operatingIncome": 391000000,
    "operatingIncomeRatio": 0.0369320865,
    "totalOtherIncomeExpensesNet": -30000000,
    "incomeBeforeTax": 361000000,
    "incomeBeforeTaxRatio": 0.0340984226,
    "incomeTaxExpense": 84000000,
    "netIncome": 277000000,
    "netIncomeRatio": 0.0261641636,
    "eps": 1.23,
    "epsdiluted": 1.22,
    "weightedAverageShsOut": 225500000,
    "weightedAverageShsOutDil": 226200000,
    "link": "https://www.sec.gov/Archives/edgar/data/764478/000076447822000044/0000764478-22-000044-index.htm",
    "finalLink": "https://www.sec.gov/Archives/edgar/data/764478/000076447822000044/bby-20221029x10q.htm"
  },
  {
    "date": "2022-07-30",
    "symbol": "BBY",
    "reportedCurrency": "USD",
    "cik": "0000764478",
    "fillingDate": "2022-09-08",
    "acceptedDate": "2022-09-08 16:43:10",
    "calendarYear": "2023",
    "period": "Q2",
    "revenue": 10329000000,
    "costOfRevenue": 8042000000,
    "grossProfit": 2265000000,
    "grossProfitRatio": 0.2192855068,
    "researchAndDevelopmentExpenses": 0,
    "generalAndAdministrativeExpenses": 0,
    "sellingAndMarketingExpenses": 0,
    "sellingGeneralAndAdministrativeExpenses": 1860000000,
    "otherExpenses": 0,
    "operatingExpenses": 1860000000,
    "costAndExpenses": 9924000000,
    "interestIncome": 0,
    "interestExpense": 7000000,
    "depreciationAndAmortization": 229000000,
    "ebitda": 603000000,
    "ebitdaratio": 0.0583793204,
    "operatingIncome": 405000000,
    "operatingIncomeRatio": 0.0392099913,
    "totalOtherIncomeExpensesNet": -41000000,
    "incomeBeforeTax": 364000000,
    "incomeBeforeTaxRatio": 0.0352405848,
    "incomeTaxExpense": 58000000,
    "netIncome": 306000000,
    "netIncomeRatio": 0.0296253267,
    "eps": 1.36,
    "epsdiluted": 1.35,
    "weightedAverageShsOut": 225400000,
    "weightedAverageShsOutDil": 226100000,
    "link": "https://www.sec.gov/Archives/edgar/data/764478/000076447822000037/0000764478-22-000037-index.htm",
    "finalLink": "https://www.sec.gov/Archives/edgar/data/764478/000076447822000037/bby-20220730x10q.htm"
  },
  {
    "date": "2022-04-30",
    "symbol": "BBY",
    "reportedCurrency": "USD",
    "cik": "0000764478",
    "fillingDate": "2022-06-02",
    "acceptedDate": "2022-06-02 16:03:00",
    "calendarYear": "2023",
    "period": "Q1",
    "revenue": 10647000000,
    "costOfRevenue": 8294000000,
    "grossProfit": 2353000000,
    "grossProfitRatio": 0.221001221,
    "researchAndDevelopmentExpenses": 0,
    "generalAndAdministrativeExpenses": 0,
    "sellingAndMarketingExpenses": 0,
    "sellingGeneralAndAdministrativeExpenses": 1890000000,
    "otherExpenses": 1000000,
    "operatingExpenses": 1891000000,
    "costAndExpenses": 10185000000,
    "interestIncome": 0,
    "interestExpense": 6000000,
    "depreciationAndAmortization": 224000000,
    "ebitda": 681000000,
    "ebitdaratio": 0.0639616793,
    "operatingIncome": 462000000,
    "operatingIncomeRatio": 0.0433925049,
    "totalOtherIncomeExpensesNet": -11000000,
    "incomeBeforeTax": 451000000,
    "incomeBeforeTaxRatio": 0.0423593501,
    "incomeTaxExpense": 110000000,
    "netIncome": 341000000,
    "netIncomeRatio": 0.0320278013,
    "eps": 1.5,
    "epsdiluted": 1.49,
    "weightedAverageShsOut": 226800000,
    "weightedAverageShsOutDil": 228400000,
    "link": "https://www.sec.gov/Archives/edgar/data/764478/000076447822000017/0000764478-22-000017-index.htm",
    "finalLink": "https://www.sec.gov/Archives/edgar/data/764478/000076447822000017/bby-20220430x10q.htm"
  },
  {
    "date": "2022-01-29",
    "symbol": "BBY",
    "reportedCurrency": "USD",
    "cik": "0000764478",
    "fillingDate": "2022-03-18",
    "acceptedDate": "2022-03-18 16:12:51",
    "calendarYear": "2022",
    "period": "Q4",
    "revenue": 16365000000,
    "costOfRevenue": 13052000000,
    "grossProfit": 3313000000,
    "grossProfitRatio": 0.2024442408,
    "researchAndDevelopmentExpenses": 0,
    "generalAndAdministrativeExpenses": 0,
    "sellingAndMarketingExpenses": 0,
    "sellingGeneralAndAdministrativeExpenses": 2505000000,
    "otherExpenses": 5000000,
    "operatingExpenses": 2510000000,
    "costAndExpenses": 15551000000,
    "interestIncome": 0,
    "interestExpense": 6000000,
    "depreciationAndAmortization": 225000000,
    "ebitda": 1031000000,
    "ebitdaratio": 0.0630003055,
    "operatingIncome": 814000000,
    "operatingIncomeRatio": 0.0497402994,
    "totalOtherIncomeExpensesNet": -16000000,
    "incomeBeforeTax": 798000000,
    "incomeBeforeTaxRatio": 0.0487626031,
    "incomeTaxExpense": 172000000,
    "netIncome": 626000000,
    "netIncomeRatio": 0.0382523679,
    "eps": 2.65,
    "epsdiluted": 2.62,
    "weightedAverageShsOut": 236600000,
    "weightedAverageShsOutDil": 239000000,
    "link": "https://www.sec.gov/Archives/edgar/data/764478/000076447822000008/0000764478-22-000008-index.htm",
    "finalLink": "https://www.sec.gov/Archives/edgar/data/764478/000076447822000008/bby-20220129x10k.htm"
  },
  {
    "date": "2021-10-30",
    "symbol": "BBY",
    "reportedCurrency": "USD",
    "cik": "0000764478",
    "fillingDate": "2021-12-03",
    "acceptedDate": "2021-12-03 16:01:49",
    "calendarYear": "2022",
    "period": "Q3",
    "revenue": 11910000000,
    "costOfRevenue": 9108000000,
    "grossProfit": 2802000000,
    "grossProfitRatio": 0.2352644836,
    "researchAndDevelopmentExpenses": 0,
    "generalAndAdministrativeExpenses": 0,
    "sellingAndMarketingExpenses": 0,
    "sellingGeneralAndAdministrativeExpenses": 2133000000,
    "otherExpenses": -1000000,
    "operatingExpenses": 2132000000,
    "costAndExpenses": 11240000000,
    "interestIncome": 0,
    "interestExpense": 7000000,
    "depreciationAndAmortization": 214000000,
    "ebitda": 885000000,
    "ebitdaratio": 0.0743073048,
    "operatingIncome": 669000000,
    "operatingIncomeRatio": 0.0561712846,
    "totalOtherIncomeExpensesNet": -4000000,
    "incomeBeforeTax": 665000000,
    "incomeBeforeTaxRatio": 0.0558354324,
    "incomeTaxExpense": 166000000,
    "netIncome": 499000000,
    "netIncomeRatio": 0.0418975651,
    "eps": 2.02,
    "epsdiluted": 2,
    "weightedAverageShsOut": 246400000,
    "weightedAverageShsOutDil": 249100000,
    "link": "https://www.sec.gov/Archives/edgar/data/764478/000076447821000068/0000764478-21-000068-index.htm",
    "finalLink": "https://www.sec.gov/Archives/edgar/data/764478/000076447821000068/bby-20211030x10q.htm"
  },
  {
    "date": "2021-07-31",
    "symbol": "BBY",
    "reportedCurrency": "USD",
    "cik": "0000764478",
    "fillingDate": "2021-08-31",
    "acceptedDate": "2021-08-31 16:38:39",
    "calendarYear": "2022",
    "period": "Q2",
    "revenue": 11849000000,
    "costOfRevenue": 9039000000,
    "grossProfit": 2810000000,
    "grossProfitRatio": 0.2371508144,
    "researchAndDevelopmentExpenses": 0,
    "generalAndAdministrativeExpenses": 0,
    "sellingAndMarketingExpenses": 0,
    "sellingGeneralAndAdministrativeExpenses": 2009000000,
    "otherExpenses": 4000000,
    "operatingExpenses": 2013000000,
    "costAndExpenses": 11048000000,
    "interestIncome": 0,
    "interestExpense": 6000000,
    "depreciationAndAmortization": 214000000,
    "ebitda": 1014000000,
    "ebitdaratio": 0.0855768419,
    "operatingIncome": 801000000,
    "operatingIncomeRatio": 0.0676006414,
    "totalOtherIncomeExpensesNet": -3000000,
    "incomeBeforeTax": 798000000,
    "incomeBeforeTaxRatio": 0.0673474555,
    "incomeTaxExpense": 64000000,
    "netIncome": 734000000,
    "netIncomeRatio": 0.0619461558,
    "eps": 2.93,
    "epsdiluted": 2.9,
    "weightedAverageShsOut": 250200000,
    "weightedAverageShsOutDil": 252800000,
    "link": "https://www.sec.gov/Archives/edgar/data/764478/000076447821000060/0000764478-21-000060-index.htm",
    "finalLink": "https://www.sec.gov/Archives/edgar/data/764478/000076447821000060/bby-20210731x10q.htm"
  },
  {
    "date": "2021-05-01",
    "symbol": "BBY",
    "reportedCurrency": "USD",
    "cik": "0000764478",
    "fillingDate": "2021-06-04",
    "acceptedDate": "2021-06-04 16:31:21",
    "calendarYear": "2022",
    "period": "Q1",
    "revenue": 11637000000,
    "costOfRevenue": 8922000000,
    "grossProfit": 2689000000,
    "grossProfitRatio": 0.2310733007,
    "researchAndDevelopmentExpenses": 0,
    "generalAndAdministrativeExpenses": 0,
    "sellingAndMarketingExpenses": 0,
    "sellingGeneralAndAdministrativeExpenses": 1968000000,
    "otherExpenses": 0,
    "operatingExpenses": 1968000000,
    "costAndExpenses": 10916000000,
    "interestIncome": 0,
    "interestExpense": 6000000,
    "depreciationAndAmortization": 216000000,
    "ebitda": 988000000,
    "ebitdaratio": 0.0849016069,
    "operatingIncome": 721000000,
    "operatingIncomeRatio": 0.0619575492,
    "totalOtherIncomeExpensesNet": 46000000,
    "incomeBeforeTax": 767000000,
    "incomeBeforeTaxRatio": 0.065910458,
    "incomeTaxExpense": 172000000,
    "netIncome": 595000000,
    "netIncomeRatio": 0.0511300163,
    "eps": 2.35,
    "epsdiluted": 2.32,
    "weightedAverageShsOut": 253100000,
    "weightedAverageShsOutDil": 256700000,
    "link": "https://www.sec.gov/Archives/edgar/data/764478/000076447821000039/0000764478-21-000039-index.htm",
    "finalLink": "https://www.sec.gov/Archives/edgar/data/764478/000076447821000039/bby-20210501x10q.htm"
  },
  {
    "date": "2021-01-30",
    "symbol": "BBY",
    "reportedCurrency": "USD",
    "cik": "0000764478",
    "fillingDate": "2021-03-19",
    "acceptedDate": "2021-03-19 17:00:45",
    "calendarYear": "2021",
    "period": "Q4",
    "revenue": 16937000000,
    "costOfRevenue": 13394000000,
    "grossProfit": 3543000000,
    "grossProfitRatio": 0.2091869871,
    "researchAndDevelopmentExpenses": 0,
    "generalAndAdministrativeExpenses": 0,
    "sellingAndMarketingExpenses": 0,
    "sellingGeneralAndAdministrativeExpenses": 2368000000,
    "otherExpenses": 142000000,
    "operatingExpenses": 2510000000,
    "costAndExpenses": 15904000000,
    "interestIncome": 0,
    "interestExpense": 9000000,
    "depreciationAndAmortization": 211000000,
    "ebitda": 1263000000,
    "ebitdaratio": 0.074570467,
    "operatingIncome": 1033000000,
    "operatingIncomeRatio": 0.0609907304,
    "totalOtherIncomeExpensesNet": 10000000,
    "incomeBeforeTax": 1043000000,
    "incomeBeforeTaxRatio": 0.0615811537,
    "incomeTaxExpense": 227000000,
    "netIncome": 816000000,
    "netIncomeRatio": 0.048178544,
    "eps": 3.15,
    "epsdiluted": 3.1,
    "weightedAverageShsOut": 259400000,
    "weightedAverageShsOutDil": 263200000,
    "link": "https://www.sec.gov/Archives/edgar/data/764478/000076447821000024/0000764478-21-000024-index.htm",
    "finalLink": "https://www.sec.gov/Archives/edgar/data/764478/000076447821000024/bby-20210130x10k.htm"
  },
  {
    "date": "2020-10-31",
    "symbol": "BBY",
    "reportedCurrency": "USD",
    "cik": "0000764478",
    "fillingDate": "2020-11-30",
    "acceptedDate": "2020-11-30 16:01:57",
    "calendarYear": "2021",
    "period": "Q3",
    "revenue": 11853000000,
    "costOfRevenue": 9058000000,
    "grossProfit": 2795000000,
    "grossProfitRatio": 0.2358052814,
    "researchAndDevelopmentExpenses": 0,
    "generalAndAdministrativeExpenses": 0,
    "sellingAndMarketingExpenses": 0,
    "sellingGeneralAndAdministrativeExpenses": 2123000000,
    "otherExpenses": 111000000,
    "operatingExpenses": 2234000000,
    "costAndExpenses": 11292000000,
    "interestIncome": 0,
    "interestExpense": 11000000,
    "depreciationAndAmortization": 214000000,
    "ebitda": 780000000,
    "ebitdaratio": 0.065806125,
    "operatingIncome": 561000000,
    "operatingIncomeRatio": 0.0473297899,
    "totalOtherIncomeExpensesNet": -6000000,
    "incomeBeforeTax": 555000000,
    "incomeBeforeTaxRatio": 0.046823589,
    "incomeTaxExpense": 164000000,
    "netIncome": 391000000,
    "netIncomeRatio": 0.0329874293,
    "eps": 1.5,
    "epsdiluted": 1.48,
    "weightedAverageShsOut": 259800000,
    "weightedAverageShsOutDil": 263700000,
    "link": "https://www.sec.gov/Archives/edgar/data/764478/000076447820000062/0000764478-20-000062-index.htm",
    "finalLink": "https://www.sec.gov/Archives/edgar/data/764478/000076447820000062/bby-20201031x10q.htm"
  },
  {
    "date": "2020-08-01",
    "symbol": "BBY",
    "reportedCurrency": "USD",
    "cik": "0000764478",
    "fillingDate": "2020-08-31",
    "acceptedDate": "2020-08-31 16:43:08",
    "calendarYear": "2021",
    "period": "Q2",
    "revenue": 9910000000,
    "costOfRevenue": 7640000000,
    "grossProfit": 2270000000,
    "grossProfitRatio": 0.229061554,
    "researchAndDevelopmentExpenses": 0,
    "generalAndAdministrativeExpenses": 0,
    "sellingAndMarketingExpenses": 0,
    "sellingGeneralAndAdministrativeExpenses": 1702000000,
    "otherExpenses": 0,
    "operatingExpenses": 1702000000,
    "costAndExpenses": 9342000000,
    "interestIncome": 0,
    "interestExpense": 15000000,
    "depreciationAndAmortization": 207000000,
    "ebitda": 783000000,
    "ebitdaratio": 0.0790110999,
    "operatingIncome": 568000000,
    "operatingIncomeRatio": 0.0573158426,
    "totalOtherIncomeExpensesNet": -7000000,
    "incomeBeforeTax": 561000000,
    "incomeBeforeTaxRatio": 0.0566094854,
    "incomeTaxExpense": 129000000,
    "netIncome": 432000000,
    "netIncomeRatio": 0.043592331,
    "eps": 1.67,
    "epsdiluted": 1.65,
    "weightedAverageShsOut": 259500000,
    "weightedAverageShsOutDil": 262100000,
    "link": "https://www.sec.gov/Archives/edgar/data/764478/000076447820000054/0000764478-20-000054-index.htm",
    "finalLink": "https://www.sec.gov/Archives/edgar/data/764478/000076447820000054/bby-20200801x10q.htm"
  },
  {
    "date": "2020-05-02",
    "symbol": "BBY",
    "reportedCurrency": "USD",
    "cik": "0000764478",
    "fillingDate": "2020-05-27",
    "acceptedDate": "2020-05-27 16:41:25",
    "calendarYear": "2021",
    "period": "Q1",
    "revenue": 8562000000,
    "costOfRevenue": 6597000000,
    "grossProfit": 1965000000,
    "grossProfitRatio": 0.2295024527,
    "researchAndDevelopmentExpenses": 0,
    "generalAndAdministrativeExpenses": 0,
    "sellingAndMarketingExpenses": 0,
    "sellingGeneralAndAdministrativeExpenses": 1735000000,
    "otherExpenses": 1000000,
    "operatingExpenses": 1736000000,
    "costAndExpenses": 8333000000,
    "interestIncome": 0,
    "interestExpense": 17000000,
    "depreciationAndAmortization": 207000000,
    "ebitda": 442000000,
    "ebitdaratio": 0.0516234525,
    "operatingIncome": 229000000,
    "operatingIncomeRatio": 0.0267460874,
    "totalOtherIncomeExpensesNet": -11000000,
    "incomeBeforeTax": 218000000,
    "incomeBeforeTaxRatio": 0.0254613408,
    "incomeTaxExpense": 59000000,
    "netIncome": 159000000,
    "netIncomeRatio": 0.0185704275,
    "eps": 0.61,
    "epsdiluted": 0.61,
    "weightedAverageShsOut": 258300000,
    "weightedAverageShsOutDil": 260400000,
    "link": "https://www.sec.gov/Archives/edgar/data/764478/000076447820000029/0000764478-20-000029-index.htm",
    "finalLink": "https://www.sec.gov/Archives/edgar/data/764478/000076447820000029/bby-20200502x10q.htm"
  },
  {
    "date": "2020-02-01",
    "symbol": "BBY",
    "reportedCurrency": "USD",
    "cik": "0000764478",
    "fillingDate": "2020-03-23",
    "acceptedDate": "2020-03-23 16:42:52",
    "calendarYear": "2020",
    "period": "Q4",
    "revenue": 15196000000,
    "costOfRevenue": 11961000000,
    "grossProfit": 3235000000,
    "grossProfitRatio": 0.2128849697,
    "researchAndDevelopmentExpenses": 0,
    "generalAndAdministrativeExpenses": 0,
    "sellingAndMarketingExpenses": 0,
    "sellingGeneralAndAdministrativeExpenses": 2268000000,
    "otherExpenses": 0,
    "operatingExpenses": 2268000000,
    "costAndExpenses": 14229000000,
    "interestIncome": 0,
    "interestExpense": 14000000,
    "depreciationAndAmortization": 205000000,
    "ebitda": 1186000000,
    "ebitdaratio": 0.0780468544,
    "operatingIncome": 967000000,
    "operatingIncomeRatio": 0.0636351671,
    "totalOtherIncomeExpensesNet": 0,
    "incomeBeforeTax": 967000000,
    "incomeBeforeTaxRatio": 0.0636351671,
    "incomeTaxExpense": 222000000,
    "netIncome": 745000000,
    "netIncomeRatio": 0.0490260595,
    "eps": 2.87,
    "epsdiluted": 2.84,
    "weightedAverageShsOut": 259700000,
    "weightedAverageShsOutDil": 262400000,
    "link": "https://www.sec.gov/Archives/edgar/data/764478/000076447820000017/0000764478-20-000017-index.htm",
    "finalLink": "https://www.sec.gov/Archives/edgar/data/764478/000076447820000017/bby-20200201x10k.htm"
  },
  {
    "date": "2019-11-02",
    "symbol": "BBY",
    "reportedCurrency": "USD",
    "cik": "0000764478",
    "fillingDate": "2019-12-06",
    "acceptedDate": "2019-12-06 17:10:33",
    "calendarYear": "2020",
    "period": "Q3",
    "revenue": 9764000000,
    "costOfRevenue": 7403000000,
    "grossProfit": 2361000000,
    "grossProfitRatio": 0.2418066366,
    "researchAndDevelopmentExpenses": 0,
    "generalAndAdministrativeExpenses": 0,
    "sellingAndMarketingExpenses": 0,
    "sellingGeneralAndAdministrativeExpenses": 1973000000,
    "otherExpenses": -7000000,
    "operatingExpenses": 1966000000,
    "costAndExpenses": 9369000000,
    "interestIncome": 0,
    "interestExpense": 16000000,
    "depreciationAndAmortization": 206000000,
    "ebitda": 611000000,
    "ebitdaratio": 0.0625768128,
    "operatingIncome": 395000000,
    "operatingIncomeRatio": 0.0404547317,
    "totalOtherIncomeExpensesNet": -6000000,
    "incomeBeforeTax": 389000000,
    "incomeBeforeTaxRatio": 0.0398402294,
    "incomeTaxExpense": 96000000,
    "netIncome": 293000000,
    "netIncomeRatio": 0.0300081934,
    "eps": 1.11,
    "epsdiluted": 1.1,
    "weightedAverageShsOut": 263200000,
    "weightedAverageShsOutDil": 265200000,
    "link": "https://www.sec.gov/Archives/edgar/data/764478/000076447819000057/0000764478-19-000057-index.htm",
    "finalLink": "https://www.sec.gov/Archives/edgar/data/764478/000076447819000057/bby-20191102x10q.htm"
  },
  {
    "date": "2019-08-03",
    "symbol": "BBY",
    "reportedCurrency": "USD",
    "cik": "0000764478",
    "fillingDate": "2019-09-06",
    "acceptedDate": "2019-09-06 16:01:56",
    "calendarYear": "2020",
    "period": "Q2",
    "revenue": 9536000000,
    "costOfRevenue": 7253000000,
    "grossProfit": 2283000000,
    "grossProfitRatio": 0.239408557,
    "researchAndDevelopmentExpenses": 0,
    "generalAndAdministrativeExpenses": 0,
    "sellingAndMarketingExpenses": 0,
    "sellingGeneralAndAdministrativeExpenses": 1922000000,
    "otherExpenses": 48000000,
    "operatingExpenses": 1970000000,
    "costAndExpenses": 9223000000,
    "interestIncome": 0,
    "interestExpense": 16000000,
    "depreciationAndAmortization": 201000000,
    "ebitda": 524000000,
    "ebitdaratio": 0.0549496644,
    "operatingIncome": 313000000,
    "operatingIncomeRatio": 0.0328229866,
    "totalOtherIncomeExpensesNet": -6000000,
    "incomeBeforeTax": 307000000,
    "incomeBeforeTaxRatio": 0.0321937919,
    "incomeTaxExpense": 69000000,
    "netIncome": 238000000,
    "netIncomeRatio": 0.0249580537,
    "eps": 0.89,
    "epsdiluted": 0.89,
    "weightedAverageShsOut": 267100000,
    "weightedAverageShsOutDil": 269400000,
    "link": "https://www.sec.gov/Archives/edgar/data/764478/000076447819000042/0000764478-19-000042-index.htm",
    "finalLink": "https://www.sec.gov/Archives/edgar/data/764478/000076447819000042/bby-20190803x10q.htm"
  },
  {
    "date": "2019-05-04",
    "symbol": "BBY",
    "reportedCurrency": "USD",
    "cik": "0000764478",
    "fillingDate": "2019-06-07",
    "acceptedDate": "2019-06-07 16:02:54",
    "calendarYear": "2020",
    "period": "Q1",
    "revenue": 9142000000,
    "costOfRevenue": 6973000000,
    "grossProfit": 2169000000,
    "grossProfitRatio": 0.2372566178,
    "researchAndDevelopmentExpenses": 0,
    "generalAndAdministrativeExpenses": 0,
    "sellingAndMarketingExpenses": 0,
    "sellingGeneralAndAdministrativeExpenses": 1835000000,
    "otherExpenses": 0,
    "operatingExpenses": 1835000000,
    "costAndExpenses": 8808000000,
    "interestIncome": 0,
    "interestExpense": 18000000,
    "depreciationAndAmortization": 200000000,
    "ebitda": 548000000,
    "ebitdaratio": 0.0599431197,
    "operatingIncome": 334000000,
    "operatingIncomeRatio": 0.0365346751,
    "totalOtherIncomeExpensesNet": -4000000,
    "incomeBeforeTax": 330000000,
    "incomeBeforeTaxRatio": 0.0360971341,
    "incomeTaxExpense": 65000000,
    "netIncome": 265000000,
    "netIncomeRatio": 0.0289870925,
    "eps": 0.99,
    "epsdiluted": 0.98,
    "weightedAverageShsOut": 267600000,
    "weightedAverageShsOutDil": 271500000,
    "link": "https://www.sec.gov/Archives/edgar/data/764478/000076447819000028/0000764478-19-000028-index.htm",
    "finalLink": "https://www.sec.gov/Archives/edgar/data/764478/000076447819000028/bby-20190504x10q.htm"
  },
  {
    "date": "2019-02-02",
    "symbol": "BBY",
    "reportedCurrency": "USD",
    "cik": "0000764478",
    "fillingDate": "2019-03-28",
    "acceptedDate": "2019-03-28 16:42:20",
    "calendarYear": "2019",
    "period": "Q4",
    "revenue": 14801000000,
    "costOfRevenue": 11518000000,
    "grossProfit": 3283000000,
    "grossProfitRatio": 0.2218093372,
    "researchAndDevelopmentExpenses": 4000000,
    "generalAndAdministrativeExpenses": 1501000000,
    "sellingAndMarketingExpenses": 777000000,
    "sellingGeneralAndAdministrativeExpenses": 2306000000,
    "otherExpenses": -5000000,
    "operatingExpenses": 2305000000,
    "costAndExpenses": 13823000000,
    "interestIncome": 0,
    "interestExpense": 20000000,
    "depreciationAndAmortization": 220000000,
    "ebitda": 1212000000,
    "ebitdaratio": 0.081886359,
    "operatingIncome": 978000000,
    "operatingIncomeRatio": 0.0660766164,
    "totalOtherIncomeExpensesNet": -6000000,
    "incomeBeforeTax": 972000000,
    "incomeBeforeTaxRatio": 0.0656712384,
    "incomeTaxExpense": 237000000,
    "netIncome": 735000000,
    "netIncomeRatio": 0.0496588068,
    "eps": 2.73,
    "epsdiluted": 2.69,
    "weightedAverageShsOut": 269000000,
    "weightedAverageShsOutDil": 273400000,
    "link": "https://www.sec.gov/Archives/edgar/data/764478/000076447819000009/0000764478-19-000009-index.htm",
    "finalLink": "https://www.sec.gov/Archives/edgar/data/764478/000076447819000009/bby-2019x10k.htm"
  },
  {
    "date": "2018-11-03",
    "symbol": "BBY",
    "reportedCurrency": "USD",
    "cik": "0000764478",
    "fillingDate": "2018-12-07",
    "acceptedDate": "2018-12-07 16:04:42",
    "calendarYear": "2019",
    "period": "Q3",
    "revenue": 9590000000,
    "costOfRevenue": 7266000000,
    "grossProfit": 2324000000,
    "grossProfitRatio": 0.2423357664,
    "researchAndDevelopmentExpenses": 0,
    "generalAndAdministrativeExpenses": 0,
    "sellingAndMarketingExpenses": 0,
    "sellingGeneralAndAdministrativeExpenses": 2002000000,
    "otherExpenses": 0,
    "operatingExpenses": 2002000000,
    "costAndExpenses": 9268000000,
    "interestIncome": 0,
    "interestExpense": 15000000,
    "depreciationAndAmortization": 192000000,
    "ebitda": 537000000,
    "ebitdaratio": 0.055995829,
    "operatingIncome": 322000000,
    "operatingIncomeRatio": 0.0335766423,
    "totalOtherIncomeExpensesNet": 8000000,
    "incomeBeforeTax": 330000000,
    "incomeBeforeTaxRatio": 0.0344108446,
    "incomeTaxExpense": 53000000,
    "netIncome": 277000000,
    "netIncomeRatio": 0.0288842544,
    "eps": 1.01,
    "epsdiluted": 0.99,
    "weightedAverageShsOut": 274300000,
    "weightedAverageShsOutDil": 279300000,
    "link": "https://www.sec.gov/Archives/edgar/data/764478/000076447818000053/0000764478-18-000053-index.htm",
    "finalLink": "https://www.sec.gov/Archives/edgar/data/764478/000076447818000053/bby1131810q-q3fy19.htm"
  },
  {
    "date": "2018-08-04",
    "symbol": "BBY",
    "reportedCurrency": "USD",
    "cik": "0000764478",
    "fillingDate": "2018-09-10",
    "acceptedDate": "2018-09-10 17:06:26",
    "calendarYear": "2019",
    "period": "Q2",
    "revenue": 9379000000,
    "costOfRevenue": 7150000000,
    "grossProfit": 2229000000,
    "grossProfitRatio": 0.237658599,
    "researchAndDevelopmentExpenses": 0,
    "generalAndAdministrativeExpenses": 0,
    "sellingAndMarketingExpenses": 0,
    "sellingGeneralAndAdministrativeExpenses": 1877000000,
    "otherExpenses": 17000000,
    "operatingExpenses": 1894000000,
    "costAndExpenses": 9044000000,
    "interestIncome": 0,
    "interestExpense": 19000000,
    "depreciationAndAmortization": 182000000,
    "ebitda": 530000000,
    "ebitdaratio": 0.0565092227,
    "operatingIncome": 335000000,
    "operatingIncomeRatio": 0.0357180936,
    "totalOtherIncomeExpensesNet": -6000000,
    "incomeBeforeTax": 329000000,
    "incomeBeforeTaxRatio": 0.0350783666,
    "incomeTaxExpense": 85000000,
    "netIncome": 244000000,
    "netIncomeRatio": 0.0260155667,
    "eps": 0.88,
    "epsdiluted": 0.86,
    "weightedAverageShsOut": 279000000,
    "weightedAverageShsOutDil": 283700000,
    "link": "https://www.sec.gov/Archives/edgar/data/764478/000076447818000043/0000764478-18-000043-index.htm",
    "finalLink": "https://www.sec.gov/Archives/edgar/data/764478/000076447818000043/bby841810q-q2fy19.htm"
  },
  {
    "date": "2018-05-05",
    "symbol": "BBY",
    "reportedCurrency": "USD",
    "cik": "0000764478",
    "fillingDate": "2018-06-08",
    "acceptedDate": "2018-06-08 16:49:26",
    "calendarYear": "2019",
    "period": "Q1",
    "revenue": 9109000000,
    "costOfRevenue": 6984000000,
    "grossProfit": 2125000000,
    "grossProfitRatio": 0.2332857613,
    "researchAndDevelopmentExpenses": 0,
    "generalAndAdministrativeExpenses": 0,
    "sellingAndMarketingExpenses": 0,
    "sellingGeneralAndAdministrativeExpenses": 1830000000,
    "otherExpenses": 30000000,
    "operatingExpenses": 1860000000,
    "costAndExpenses": 8844000000,
    "interestIncome": 0,
    "interestExpense": 19000000,
    "depreciationAndAmortization": 176000000,
    "ebitda": 452000000,
    "ebitdaratio": 0.0496212537,
    "operatingIncome": 265000000,
    "operatingIncomeRatio": 0.0290921067,
    "totalOtherIncomeExpensesNet": -8000000,
    "incomeBeforeTax": 257000000,
    "incomeBeforeTaxRatio": 0.0282138544,
    "incomeTaxExpense": 49000000,
    "netIncome": 208000000,
    "netIncomeRatio": 0.0228345592,
    "eps": 0.74,
    "epsdiluted": 0.72,
    "weightedAverageShsOut": 282600000,
    "weightedAverageShsOutDil": 288300000,
    "link": "https://www.sec.gov/Archives/edgar/data/764478/000076447818000024/0000764478-18-000024-index.htm",
    "finalLink": "https://www.sec.gov/Archives/edgar/data/764478/000076447818000024/bby551810q-q1fy19.htm"
  },
  {
    "date": "2018-02-03",
    "symbol": "BBY",
    "reportedCurrency": "USD",
    "cik": "0000764478",
    "fillingDate": "2018-04-02",
    "acceptedDate": "2018-04-02 17:22:02",
    "calendarYear": "2018",
    "period": "Q4",
    "revenue": 15363000000,
    "costOfRevenue": 11942000000,
    "grossProfit": 3421000000,
    "grossProfitRatio": 0.2226778624,
    "researchAndDevelopmentExpenses": 0,
    "generalAndAdministrativeExpenses": 1659000000,
    "sellingAndMarketingExpenses": 776000000,
    "sellingGeneralAndAdministrativeExpenses": 2539000000,
    "otherExpenses": 10000000,
    "operatingExpenses": 2549000000,
    "costAndExpenses": 14491000000,
    "interestIncome": 0,
    "interestExpense": 18000000,
    "depreciationAndAmortization": 183000000,
    "ebitda": 1074000000,
    "ebitdaratio": 0.0699082211,
    "operatingIncome": 872000000,
    "operatingIncomeRatio": 0.0567597474,
    "totalOtherIncomeExpensesNet": 1000000,
    "incomeBeforeTax": 873000000,
    "incomeBeforeTaxRatio": 0.0568248389,
    "incomeTaxExpense": 509000000,
    "netIncome": 364000000,
    "netIncomeRatio": 0.0236932891,
    "eps": 1.26,
    "epsdiluted": 1.23,
    "weightedAverageShsOut": 289900000,
    "weightedAverageShsOutDil": 296700000,
    "link": "https://www.sec.gov/Archives/edgar/data/764478/000076447818000013/0000764478-18-000013-index.htm",
    "finalLink": "https://www.sec.gov/Archives/edgar/data/764478/000076447818000013/bby-2018x10k.htm"
  },
  {
    "date": "2017-10-28",
    "symbol": "BBY",
    "reportedCurrency": "USD",
    "cik": "0000764478",
    "fillingDate": "2017-12-01",
    "acceptedDate": "2017-12-01 16:59:43",
    "calendarYear": "2018",
    "period": "Q3",
    "revenue": 9320000000,
    "costOfRevenue": 7040000000,
    "grossProfit": 2280000000,
    "grossProfitRatio": 0.2446351931,
    "researchAndDevelopmentExpenses": 0,
    "generalAndAdministrativeExpenses": 0,
    "sellingAndMarketingExpenses": 0,
    "sellingGeneralAndAdministrativeExpenses": 1932000000,
    "otherExpenses": -2000000,
    "operatingExpenses": 1930000000,
    "costAndExpenses": 8970000000,
    "interestIncome": 0,
    "interestExpense": 20000000,
    "depreciationAndAmortization": 171000000,
    "ebitda": 533000000,
    "ebitdaratio": 0.0571888412,
    "operatingIncome": 350000000,
    "operatingIncomeRatio": 0.0375536481,
    "totalOtherIncomeExpensesNet": -8000000,
    "incomeBeforeTax": 342000000,
    "incomeBeforeTaxRatio": 0.036695279,
    "incomeTaxExpense": 104000000,
    "netIncome": 239000000,
    "netIncomeRatio": 0.0256437768,
    "eps": 0.8,
    "epsdiluted": 0.78,
    "weightedAverageShsOut": 299100000,
    "weightedAverageShsOutDil": 305400000,
    "link": "https://www.sec.gov/Archives/edgar/data/764478/000076447817000039/0000764478-17-000039-index.htm",
    "finalLink": "https://www.sec.gov/Archives/edgar/data/764478/000076447817000039/bby10281710q.htm"
  },
  {
    "date": "2017-07-29",
    "symbol": "BBY",
    "reportedCurrency": "USD",
    "cik": "0000764478",
    "fillingDate": "2017-09-05",
    "acceptedDate": "2017-09-05 16:19:43",
    "calendarYear": "2018",
    "period": "Q2",
    "revenue": 8940000000,
    "costOfRevenue": 6787000000,
    "grossProfit": 2153000000,
    "grossProfitRatio": 0.2408277405,
    "researchAndDevelopmentExpenses": 0,
    "generalAndAdministrativeExpenses": 0,
    "sellingAndMarketingExpenses": 0,
    "sellingGeneralAndAdministrativeExpenses": 1830000000,
    "otherExpenses": 2000000,
    "operatingExpenses": 1832000000,
    "costAndExpenses": 8619000000,
    "interestIncome": 0,
    "interestExpense": 18000000,
    "depreciationAndAmortization": 168000000,
    "ebitda": 496000000,
    "ebitdaratio": 0.0554809843,
    "operatingIncome": 321000000,
    "operatingIncomeRatio": 0.0359060403,
    "totalOtherIncomeExpensesNet": -11000000,
    "incomeBeforeTax": 310000000,
    "incomeBeforeTaxRatio": 0.0346756152,
    "incomeTaxExpense": 101000000,
    "netIncome": 209000000,
    "netIncomeRatio": 0.0233780761,
    "eps": 0.69,
    "epsdiluted": 0.67,
    "weightedAverageShsOut": 304100000,
    "weightedAverageShsOutDil": 310800000,
    "link": "https://www.sec.gov/Archives/edgar/data/764478/000076447817000032/0000764478-17-000032-index.htm",
    "finalLink": "https://www.sec.gov/Archives/edgar/data/764478/000076447817000032/bby7291710q.htm"
  },
  {
    "date": "2017-04-29",
    "symbol": "BBY",
    "reportedCurrency": "USD",
    "cik": "0000764478",
    "fillingDate": "2017-06-05",
    "acceptedDate": "2017-06-05 16:48:21",
    "calendarYear": "2018",
    "period": "Q1",
    "revenue": 8528000000,
    "costOfRevenue": 6506000000,
    "grossProfit": 2022000000,
    "grossProfitRatio": 0.2371013133,
    "researchAndDevelopmentExpenses": 0,
    "generalAndAdministrativeExpenses": 0,
    "sellingAndMarketingExpenses": 0,
    "sellingGeneralAndAdministrativeExpenses": 1722000000,
    "otherExpenses": 0,
    "operatingExpenses": 1722000000,
    "costAndExpenses": 8228000000,
    "interestIncome": 0,
    "interestExpense": 19000000,
    "depreciationAndAmortization": 161000000,
    "ebitda": 472000000,
    "ebitdaratio": 0.0553470919,
    "operatingIncome": 300000000,
    "operatingIncomeRatio": 0.0351782364,
    "totalOtherIncomeExpensesNet": -8000000,
    "incomeBeforeTax": 292000000,
    "incomeBeforeTaxRatio": 0.0342401501,
    "incomeTaxExpense": 104000000,
    "netIncome": 188000000,
    "netIncomeRatio": 0.0220450281,
    "eps": 0.61,
    "epsdiluted": 0.6,
    "weightedAverageShsOut": 309200000,
    "weightedAverageShsOutDil": 315000000,
    "link": "https://www.sec.gov/Archives/edgar/data/764478/000076447817000018/0000764478-17-000018-index.htm",
    "finalLink": "https://www.sec.gov/Archives/edgar/data/764478/000076447817000018/bby4291710q.htm"
  },
  {
    "date": "2017-01-28",
    "symbol": "BBY",
    "reportedCurrency": "USD",
    "cik": "0000764478",
    "fillingDate": "2017-03-24",
    "acceptedDate": "2017-03-24 16:49:37",
    "calendarYear": "2017",
    "period": "Q4",
    "revenue": 13482000000,
    "costOfRevenue": 10452000000,
    "grossProfit": 3030000000,
    "grossProfitRatio": 0.2247441032,
    "researchAndDevelopmentExpenses": 0,
    "generalAndAdministrativeExpenses": 1382000000,
    "sellingAndMarketingExpenses": 743000000,
    "sellingGeneralAndAdministrativeExpenses": 2140000000,
    "otherExpenses": 9000000,
    "operatingExpenses": 2149000000,
    "costAndExpenses": 12601000000,
    "interestIncome": 0,
    "interestExpense": 18000000,
    "depreciationAndAmortization": 163000000,
    "ebitda": 1054000000,
    "ebitdaratio": 0.0781783118,
    "operatingIncome": 881000000,
    "operatingIncomeRatio": 0.0653463878,
    "totalOtherIncomeExpensesNet": -8000000,
    "incomeBeforeTax": 873000000,
    "incomeBeforeTaxRatio": 0.064753004,
    "incomeTaxExpense": 266000000,
    "netIncome": 607000000,
    "netIncomeRatio": 0.0450229936,
    "eps": 1.94,
    "epsdiluted": 1.91,
    "weightedAverageShsOut": 313300000,
    "weightedAverageShsOutDil": 318300000,
    "link": "https://www.sec.gov/Archives/edgar/data/764478/000076447817000008/0000764478-17-000008-index.htm",
    "finalLink": "https://www.sec.gov/Archives/edgar/data/764478/000076447817000008/bby-2017x10k.htm"
  },
  {
    "date": "2016-10-29",
    "symbol": "BBY",
    "reportedCurrency": "USD",
    "cik": "0000764478",
    "fillingDate": "2016-12-02",
    "acceptedDate": "2016-12-02 16:43:21",
    "calendarYear": "2017",
    "period": "Q3",
    "revenue": 8945000000,
    "costOfRevenue": 6742000000,
    "grossProfit": 2203000000,
    "grossProfitRatio": 0.2462828396,
    "researchAndDevelopmentExpenses": 0,
    "generalAndAdministrativeExpenses": 0,
    "sellingAndMarketingExpenses": 0,
    "sellingGeneralAndAdministrativeExpenses": 1890000000,
    "otherExpenses": 1000000,
    "operatingExpenses": 1891000000,
    "costAndExpenses": 8633000000,
    "interestIncome": 0,
    "interestExpense": 16000000,
    "depreciationAndAmortization": 164000000,
    "ebitda": 484000000,
    "ebitdaratio": 0.0541084405,
    "operatingIncome": 312000000,
    "operatingIncomeRatio": 0.0348798211,
    "totalOtherIncomeExpensesNet": -8000000,
    "incomeBeforeTax": 304000000,
    "incomeBeforeTaxRatio": 0.0339854667,
    "incomeTaxExpense": 112000000,
    "netIncome": 194000000,
    "netIncomeRatio": 0.0216880939,
    "eps": 0.61,
    "epsdiluted": 0.61,
    "weightedAverageShsOut": 316200000,
    "weightedAverageShsOutDil": 320000000,
    "link": "https://www.sec.gov/Archives/edgar/data/764478/000076447816000093/0000764478-16-000093-index.htm",
    "finalLink": "https://www.sec.gov/Archives/edgar/data/764478/000076447816000093/bby10291610q.htm"
  },
  {
    "date": "2016-07-30",
    "symbol": "BBY",
    "reportedCurrency": "USD",
    "cik": "0000764478",
    "fillingDate": "2016-09-02",
    "acceptedDate": "2016-09-02 16:29:23",
    "calendarYear": "2017",
    "period": "Q2",
    "revenue": 8533000000,
    "costOfRevenue": 6471000000,
    "grossProfit": 2062000000,
    "grossProfitRatio": 0.2416500645,
    "researchAndDevelopmentExpenses": 0,
    "generalAndAdministrativeExpenses": 0,
    "sellingAndMarketingExpenses": 0,
    "sellingGeneralAndAdministrativeExpenses": 1773000000,
    "otherExpenses": 0,
    "operatingExpenses": 1773000000,
    "costAndExpenses": 8244000000,
    "interestIncome": 0,
    "interestExpense": 18000000,
    "depreciationAndAmortization": 165000000,
    "ebitda": 462000000,
    "ebitdaratio": 0.05414274,
    "operatingIncome": 289000000,
    "operatingIncomeRatio": 0.0338685105,
    "totalOtherIncomeExpensesNet": -10000000,
    "incomeBeforeTax": 279000000,
    "incomeBeforeTaxRatio": 0.0326965897,
    "incomeTaxExpense": 97000000,
    "netIncome": 198000000,
    "netIncomeRatio": 0.0232040314,
    "eps": 0.62,
    "epsdiluted": 0.61,
    "weightedAverageShsOut": 320800000,
    "weightedAverageShsOutDil": 322900000,
    "link": "https://www.sec.gov/Archives/edgar/data/764478/000076447816000088/0000764478-16-000088-index.htm",
    "finalLink": "https://www.sec.gov/Archives/edgar/data/764478/000076447816000088/bby07301610q.htm"
  },
  {
    "date": "2016-04-30",
    "symbol": "BBY",
    "reportedCurrency": "USD",
    "cik": "0000764478",
    "fillingDate": "2016-06-09",
    "acceptedDate": "2016-06-08 17:41:29",
    "calendarYear": "2017",
    "period": "Q1",
    "revenue": 8443000000,
    "costOfRevenue": 6298000000,
    "grossProfit": 2145000000,
    "grossProfitRatio": 0.2540566149,
    "researchAndDevelopmentExpenses": 0,
    "generalAndAdministrativeExpenses": 0,
    "sellingAndMarketingExpenses": 0,
    "sellingGeneralAndAdministrativeExpenses": 1744000000,
    "otherExpenses": 29000000,
    "operatingExpenses": 1773000000,
    "costAndExpenses": 8071000000,
    "interestIncome": 0,
    "interestExpense": 20000000,
    "depreciationAndAmortization": 162000000,
    "ebitda": 542000000,
    "ebitdaratio": 0.0641951913,
    "operatingIncome": 372000000,
    "operatingIncomeRatio": 0.0440601682,
    "totalOtherIncomeExpensesNet": -12000000,
    "incomeBeforeTax": 360000000,
    "incomeBeforeTaxRatio": 0.0426388724,
    "incomeTaxExpense": 134000000,
    "netIncome": 229000000,
    "netIncomeRatio": 0.0271230605,
    "eps": 0.71,
    "epsdiluted": 0.7,
    "weightedAverageShsOut": 323600000,
    "weightedAverageShsOutDil": 326700000,
    "link": "https://www.sec.gov/Archives/edgar/data/764478/000076447816000075/0000764478-16-000075-index.htm",
    "finalLink": "https://www.sec.gov/Archives/edgar/data/764478/000076447816000075/bby04301610q.htm"
  },
  {
    "date": "2016-01-30",
    "symbol": "BBY",
    "reportedCurrency": "USD",
    "cik": "0000764478",
    "fillingDate": "2016-03-23",
    "acceptedDate": "2016-03-23 16:26:21",
    "calendarYear": "2016",
    "period": "Q4",
    "revenue": 13623000000,
    "costOfRevenue": 10672000000,
    "grossProfit": 2951000000,
    "grossProfitRatio": 0.2166189532,
    "researchAndDevelopmentExpenses": 0,
    "generalAndAdministrativeExpenses": 1402000000,
    "sellingAndMarketingExpenses": 742000000,
    "sellingGeneralAndAdministrativeExpenses": 2167000000,
    "otherExpenses": 13000000,
    "operatingExpenses": 2180000000,
    "costAndExpenses": 12852000000,
    "interestIncome": 0,
    "interestExpense": 20000000,
    "depreciationAndAmortization": 163000000,
    "ebitda": 933000000,
    "ebitdaratio": 0.0684871174,
    "operatingIncome": 771000000,
    "operatingIncomeRatio": 0.0565954636,
    "totalOtherIncomeExpensesNet": -21000000,
    "incomeBeforeTax": 750000000,
    "incomeBeforeTaxRatio": 0.0550539529,
    "incomeTaxExpense": 273000000,
    "netIncome": 479000000,
    "netIncomeRatio": 0.0351611246,
    "eps": 1.41,
    "epsdiluted": 1.4,
    "weightedAverageShsOut": 339300000,
    "weightedAverageShsOutDil": 342300000,
    "link": "https://www.sec.gov/Archives/edgar/data/764478/000076447816000064/0000764478-16-000064-index.htm",
    "finalLink": "https://www.sec.gov/Archives/edgar/data/764478/000076447816000064/bby-2016x10k.htm"
  },
  {
    "date": "2015-10-31",
    "symbol": "BBY",
    "reportedCurrency": "USD",
    "cik": "0000764478",
    "fillingDate": "2015-12-04",
    "acceptedDate": "2015-12-04 16:05:43",
    "calendarYear": "2016",
    "period": "Q3",
    "revenue": 8819000000,
    "costOfRevenue": 6707000000,
    "grossProfit": 2112000000,
    "grossProfitRatio": 0.2394829346,
    "researchAndDevelopmentExpenses": 0,
    "generalAndAdministrativeExpenses": 0,
    "sellingAndMarketingExpenses": 0,
    "sellingGeneralAndAdministrativeExpenses": 1874000000,
    "otherExpenses": 8000000,
    "operatingExpenses": 1882000000,
    "costAndExpenses": 8589000000,
    "interestIncome": 0,
    "interestExpense": 20000000,
    "depreciationAndAmortization": 168000000,
    "ebitda": 401000000,
    "ebitdaratio": 0.0454700079,
    "operatingIncome": 230000000,
    "operatingIncomeRatio": 0.0260800544,
    "totalOtherIncomeExpensesNet": -17000000,
    "incomeBeforeTax": 213000000,
    "incomeBeforeTaxRatio": 0.0241523982,
    "incomeTaxExpense": 84000000,
    "netIncome": 125000000,
    "netIncomeRatio": 0.0141739426,
    "eps": 0.36,
    "epsdiluted": 0.36,
    "weightedAverageShsOut": 344700000,
    "weightedAverageShsOutDil": 349000000,
    "link": "https://www.sec.gov/Archives/edgar/data/764478/000076447815000051/0000764478-15-000051-index.htm",
    "finalLink": "https://www.sec.gov/Archives/edgar/data/764478/000076447815000051/bby10311510q.htm"
  },
  {
    "date": "2015-08-01",
    "symbol": "BBY",
    "reportedCurrency": "USD",
    "cik": "0000764478",
    "fillingDate": "2015-09-04",
    "acceptedDate": "2015-09-04 16:07:02",
    "calendarYear": "2016",
    "period": "Q2",
    "revenue": 8528000000,
    "costOfRevenue": 6430000000,
    "grossProfit": 2098000000,
    "grossProfitRatio": 0.2460131332,
    "researchAndDevelopmentExpenses": 0,
    "generalAndAdministrativeExpenses": 0,
    "sellingAndMarketingExpenses": 0,
    "sellingGeneralAndAdministrativeExpenses": 1811000000,
    "otherExpenses": -1000000,
    "operatingExpenses": 1810000000,
    "costAndExpenses": 8240000000,
    "interestIncome": 0,
    "interestExpense": 20000000,
    "depreciationAndAmortization": 163000000,
    "ebitda": 455000000,
    "ebitdaratio": 0.0533536585,
    "operatingIncome": 288000000,
    "operatingIncomeRatio": 0.0337711069,
    "totalOtherIncomeExpensesNet": -16000000,
    "incomeBeforeTax": 272000000,
    "incomeBeforeTaxRatio": 0.0318949343,
    "incomeTaxExpense": 108000000,
    "netIncome": 164000000,
    "netIncomeRatio": 0.0192307692,
    "eps": 0.47,
    "epsdiluted": 0.46,
    "weightedAverageShsOut": 349600000,
    "weightedAverageShsOutDil": 353900000,
    "link": "https://www.sec.gov/Archives/edgar/data/764478/000076447815000042/0000764478-15-000042-index.htm",
    "finalLink": "https://www.sec.gov/Archives/edgar/data/764478/000076447815000042/bby811510q.htm"
  },
  {
    "date": "2015-05-02",
    "symbol": "BBY",
    "reportedCurrency": "USD",
    "cik": "0000764478",
    "fillingDate": "2015-06-08",
    "acceptedDate": "2015-06-08 08:16:40",
    "calendarYear": "2016",
    "period": "Q1",
    "revenue": 8558000000,
    "costOfRevenue": 6528000000,
    "grossProfit": 2030000000,
    "grossProfitRatio": 0.2372049544,
    "researchAndDevelopmentExpenses": 0,
    "generalAndAdministrativeExpenses": 0,
    "sellingAndMarketingExpenses": 0,
    "sellingGeneralAndAdministrativeExpenses": 1766000000,
    "otherExpenses": 178000000,
    "operatingExpenses": 1944000000,
    "costAndExpenses": 8472000000,
    "interestIncome": 0,
    "interestExpense": 20000000,
    "depreciationAndAmortization": 163000000,
    "ebitda": 258000000,
    "ebitdaratio": 0.0301472307,
    "operatingIncome": 86000000,
    "operatingIncomeRatio": 0.0100490769,
    "totalOtherIncomeExpensesNet": -11000000,
    "incomeBeforeTax": 75000000,
    "incomeBeforeTaxRatio": 0.0087637298,
    "incomeTaxExpense": 38000000,
    "netIncome": 129000000,
    "netIncomeRatio": 0.0150736153,
    "eps": 0.37,
    "epsdiluted": 0.36,
    "weightedAverageShsOut": 352400000,
    "weightedAverageShsOutDil": 357600000,
    "link": "https://www.sec.gov/Archives/edgar/data/764478/000076447815000028/0000764478-15-000028-index.htm",
    "finalLink": "https://www.sec.gov/Archives/edgar/data/764478/000076447815000028/bby521510q.htm"
  },
  {
    "date": "2015-01-31",
    "symbol": "BBY",
    "reportedCurrency": "USD",
    "cik": "0000764478",
    "fillingDate": "2015-03-31",
    "acceptedDate": "2015-03-31 16:12:11",
    "calendarYear": "2015",
    "period": "Q4",
    "revenue": 13028000000,
    "costOfRevenue": 10184000000,
    "grossProfit": 2844000000,
    "grossProfitRatio": 0.2182990482,
    "researchAndDevelopmentExpenses": 0,
    "generalAndAdministrativeExpenses": 1482000000,
    "sellingAndMarketingExpenses": 711000000,
    "sellingGeneralAndAdministrativeExpenses": 2031000000,
    "otherExpenses": -12000000,
    "operatingExpenses": 2019000000,
    "costAndExpenses": 12203000000,
    "interestIncome": 0,
    "interestExpense": 22000000,
    "depreciationAndAmortization": 172000000,
    "ebitda": 1000000000,
    "ebitdaratio": 0.0767577525,
    "operatingIncome": 825000000,
    "operatingIncomeRatio": 0.0633251458,
    "totalOtherIncomeExpensesNet": -4000000,
    "incomeBeforeTax": 798000000,
    "incomeBeforeTaxRatio": 0.0612526865,
    "incomeTaxExpense": 274000000,
    "netIncome": 519000000,
    "netIncomeRatio": 0.0398372736,
    "eps": 1.48,
    "epsdiluted": 1.46,
    "weightedAverageShsOut": 351200000,
    "weightedAverageShsOutDil": 356200000,
    "link": "https://www.sec.gov/Archives/edgar/data/764478/000076447815000014/0000764478-15-000014-index.htm",
    "finalLink": "https://www.sec.gov/Archives/edgar/data/764478/000076447815000014/bby-2015x10k.htm"
  },
  {
    "date": "2014-11-01",
    "symbol": "BBY",
    "reportedCurrency": "USD",
    "cik": "0000764478",
    "fillingDate": "2014-12-05",
    "acceptedDate": "2014-12-05 16:30:55",
    "calendarYear": "2015",
    "period": "Q3",
    "revenue": 9032000000,
    "costOfRevenue": 6956000000,
    "grossProfit": 2076000000,
    "grossProfitRatio": 0.2298494243,
    "researchAndDevelopmentExpenses": 0,
    "generalAndAdministrativeExpenses": 0,
    "sellingAndMarketingExpenses": 0,
    "sellingGeneralAndAdministrativeExpenses": 1866000000,
    "otherExpenses": 5000000,
    "operatingExpenses": 1871000000,
    "costAndExpenses": 8827000000,
    "interestIncome": 0,
    "interestExpense": 22000000,
    "depreciationAndAmortization": 165000000,
    "ebitda": 375000000,
    "ebitdaratio": 0.0415190434,
    "operatingIncome": 205000000,
    "operatingIncomeRatio": 0.0226970771,
    "totalOtherIncomeExpensesNet": -2000000,
    "incomeBeforeTax": 176000000,
    "incomeBeforeTaxRatio": 0.019486271,
    "incomeTaxExpense": 69000000,
    "netIncome": 107000000,
    "netIncomeRatio": 0.0118467671,
    "eps": 0.3,
    "epsdiluted": 0.3,
    "weightedAverageShsOut": 350100000,
    "weightedAverageShsOutDil": 354000000,
    "link": "https://www.sec.gov/Archives/edgar/data/764478/000076447814000066/0000764478-14-000066-index.htm",
    "finalLink": "https://www.sec.gov/Archives/edgar/data/764478/000076447814000066/bby1111410q.htm"
  },
  {
    "date": "2014-08-02",
    "symbol": "BBY",
    "reportedCurrency": "USD",
    "cik": "0000764478",
    "fillingDate": "2014-09-10",
    "acceptedDate": "2014-09-10 16:30:50",
    "calendarYear": "2015",
    "period": "Q2",
    "revenue": 8459000000,
    "costOfRevenue": 6481000000,
    "grossProfit": 1978000000,
    "grossProfitRatio": 0.2338337865,
    "researchAndDevelopmentExpenses": 0,
    "generalAndAdministrativeExpenses": 0,
    "sellingAndMarketingExpenses": 0,
    "sellingGeneralAndAdministrativeExpenses": 1748000000,
    "otherExpenses": 5000000,
    "operatingExpenses": 1753000000,
    "costAndExpenses": 8234000000,
    "interestIncome": 0,
    "interestExpense": 23000000,
    "depreciationAndAmortization": 158000000,
    "ebitda": 391000000,
    "ebitdaratio": 0.0462229578,
    "operatingIncome": 225000000,
    "operatingIncomeRatio": 0.0265988888,
    "totalOtherIncomeExpensesNet": 0,
    "incomeBeforeTax": 225000000,
    "incomeBeforeTaxRatio": 0.0265988888,
    "incomeTaxExpense": 79000000,
    "netIncome": 146000000,
    "netIncomeRatio": 0.0172597234,
    "eps": 0.42,
    "epsdiluted": 0.42,
    "weightedAverageShsOut": 349300000,
    "weightedAverageShsOutDil": 352200000,
    "link": "https://www.sec.gov/Archives/edgar/data/764478/000076447814000051/0000764478-14-000051-index.htm",
    "finalLink": "https://www.sec.gov/Archives/edgar/data/764478/000076447814000051/bby821410q.htm"
  },
  {
    "date": "2014-05-03",
    "symbol": "BBY",
    "reportedCurrency": "USD",
    "cik": "0000764478",
    "fillingDate": "2014-06-09",
    "acceptedDate": "2014-06-09 17:09:39",
    "calendarYear": "2015",
    "period": "Q1",
    "revenue": 8639000000,
    "costOfRevenue": 6672000000,
    "grossProfit": 1967000000,
    "grossProfitRatio": 0.2276883899,
    "researchAndDevelopmentExpenses": 0,
    "generalAndAdministrativeExpenses": 0,
    "sellingAndMarketingExpenses": 0,
    "sellingGeneralAndAdministrativeExpenses": 1755000000,
    "otherExpenses": 2000000,
    "operatingExpenses": 1757000000,
    "costAndExpenses": 8429000000,
    "interestIncome": 0,
    "interestExpense": 23000000,
    "depreciationAndAmortization": 161000000,
    "ebitda": 375000000,
    "ebitdaratio": 0.0434078018,
    "operatingIncome": 210000000,
    "operatingIncomeRatio": 0.024308369,
    "totalOtherIncomeExpensesNet": -19000000,
    "incomeBeforeTax": 180000000,
    "incomeBeforeTaxRatio": 0.0208357449,
    "incomeTaxExpense": -281000000,
    "netIncome": 461000000,
    "netIncomeRatio": 0.0533626577,
    "eps": 1.33,
    "epsdiluted": 1.31,
    "weightedAverageShsOut": 347400000,
    "weightedAverageShsOutDil": 350400000,
    "link": "https://www.sec.gov/Archives/edgar/data/764478/000076447814000030/0000764478-14-000030-index.htm",
    "finalLink": "https://www.sec.gov/Archives/edgar/data/764478/000076447814000030/bby531410q.htm"
  },
  {
    "date": "2014-02-01",
    "symbol": "BBY",
    "reportedCurrency": "USD",
    "cik": "0000764478",
    "fillingDate": "2014-03-28",
    "acceptedDate": "2014-03-28 16:36:53",
    "calendarYear": "2014",
    "period": "Q4",
    "revenue": 14368000000,
    "costOfRevenue": 11487000000,
    "grossProfit": 2881000000,
    "grossProfitRatio": 0.2005150334,
    "researchAndDevelopmentExpenses": 0,
    "generalAndAdministrativeExpenses": 1195000000,
    "sellingAndMarketingExpenses": 757000000,
    "sellingGeneralAndAdministrativeExpenses": 2298000000,
    "otherExpenses": 115000000,
    "operatingExpenses": 2413000000,
    "costAndExpenses": 13900000000,
    "interestIncome": 0,
    "interestExpense": 23000000,
    "depreciationAndAmortization": 166000000,
    "ebitda": 645000000,
    "ebitdaratio": 0.0448914254,
    "operatingIncome": 468000000,
    "operatingIncomeRatio": 0.0325723831,
    "totalOtherIncomeExpensesNet": -12000000,
    "incomeBeforeTax": 457000000,
    "incomeBeforeTaxRatio": 0.0318067929,
    "incomeTaxExpense": 146000000,
    "netIncome": 293000000,
    "netIncomeRatio": 0.020392539,
    "eps": 0.85,
    "epsdiluted": 0.83,
    "weightedAverageShsOut": 346300000,
    "weightedAverageShsOutDil": 352600000,
    "link": "https://www.sec.gov/Archives/edgar/data/764478/000076447814000011/0000764478-14-000011-index.htm",
    "finalLink": "https://www.sec.gov/Archives/edgar/data/764478/000076447814000011/bby-2014x10k.htm"
  },
  {
    "date": "2013-11-02",
    "symbol": "BBY",
    "reportedCurrency": "USD",
    "cik": "0000764478",
    "fillingDate": "2013-12-09",
    "acceptedDate": "2013-12-09 16:06:56",
    "calendarYear": "2014",
    "period": "Q3",
    "revenue": 9362000000,
    "costOfRevenue": 7170000000,
    "grossProfit": 2157000000,
    "grossProfitRatio": 0.2303994873,
    "researchAndDevelopmentExpenses": 0,
    "generalAndAdministrativeExpenses": 0,
    "sellingAndMarketingExpenses": 0,
    "sellingGeneralAndAdministrativeExpenses": 2036000000,
    "otherExpenses": 31000000,
    "operatingExpenses": 2067000000,
    "costAndExpenses": 9237000000,
    "interestIncome": 0,
    "interestExpense": 24000000,
    "depreciationAndAmortization": 163000000,
    "ebitda": 265000000,
    "ebitdaratio": 0.0283059175,
    "operatingIncome": 90000000,
    "operatingIncomeRatio": 0.0096133305,
    "totalOtherIncomeExpensesNet": -12000000,
    "incomeBeforeTax": 79000000,
    "incomeBeforeTaxRatio": 0.0084383679,
    "incomeTaxExpense": 35000000,
    "netIncome": 54000000,
    "netIncomeRatio": 0.0057679983,
    "eps": 0.16,
    "epsdiluted": 0.16,
    "weightedAverageShsOut": 342800000,
    "weightedAverageShsOutDil": 348900000,
    "link": "https://www.sec.gov/Archives/edgar/data/764478/000076447813000079/0000764478-13-000079-index.htm",
    "finalLink": "https://www.sec.gov/Archives/edgar/data/764478/000076447813000079/bby1121310q.htm"
  },
  {
    "date": "2013-08-03",
    "symbol": "BBY",
    "reportedCurrency": "USD",
    "cik": "0000764478",
    "fillingDate": "2013-09-09",
    "acceptedDate": "2013-09-09 16:16:28",
    "calendarYear": "2014",
    "period": "Q2",
    "revenue": 9300000000,
    "costOfRevenue": 6808000000,
    "grossProfit": 2458000000,
    "grossProfitRatio": 0.2643010753,
    "researchAndDevelopmentExpenses": 0,
    "generalAndAdministrativeExpenses": 0,
    "sellingAndMarketingExpenses": 0,
    "sellingGeneralAndAdministrativeExpenses": 2038000000,
    "otherExpenses": 7000000,
    "operatingExpenses": 2045000000,
    "costAndExpenses": 8853000000,
    "interestIncome": 0,
    "interestExpense": 26000000,
    "depreciationAndAmortization": 177000000,
    "ebitda": 609000000,
    "ebitdaratio": 0.065483871,
    "operatingIncome": 413000000,
    "operatingIncomeRatio": 0.0444086022,
    "totalOtherIncomeExpensesNet": -7000000,
    "incomeBeforeTax": 406000000,
    "incomeBeforeTaxRatio": 0.043655914,
    "incomeTaxExpense": 169000000,
    "netIncome": 266000000,
    "netIncomeRatio": 0.0286021505,
    "eps": 0.78,
    "epsdiluted": 0.77,
    "weightedAverageShsOut": 340400000,
    "weightedAverageShsOutDil": 344400000,
    "link": "https://www.sec.gov/Archives/edgar/data/764478/000076447813000066/0000764478-13-000066-index.htm",
    "finalLink": "https://www.sec.gov/Archives/edgar/data/764478/000076447813000066/bby831310q.htm"
  },
  {
    "date": "2013-05-04",
    "symbol": "BBY",
    "reportedCurrency": "USD",
    "cik": "0000764478",
    "fillingDate": "2013-06-07",
    "acceptedDate": "2013-06-07 16:27:00",
    "calendarYear": "2014",
    "period": "Q1",
    "revenue": 9380000000,
    "costOfRevenue": 7189000000,
    "grossProfit": 2158000000,
    "grossProfitRatio": 0.2300639659,
    "researchAndDevelopmentExpenses": 0,
    "generalAndAdministrativeExpenses": 0,
    "sellingAndMarketingExpenses": 0,
    "sellingGeneralAndAdministrativeExpenses": 1984000000,
    "otherExpenses": 6000000,
    "operatingExpenses": 1990000000,
    "costAndExpenses": 9179000000,
    "interestIncome": 0,
    "interestExpense": 27000000,
    "depreciationAndAmortization": 210000000,
    "ebitda": 383000000,
    "ebitdaratio": 0.0408315565,
    "operatingIncome": 168000000,
    "operatingIncomeRatio": 0.0179104478,
    "totalOtherIncomeExpensesNet": -22000000,
    "incomeBeforeTax": 146000000,
    "incomeBeforeTaxRatio": 0.015565032,
    "incomeTaxExpense": 49000000,
    "netIncome": -81000000,
    "netIncomeRatio": -0.0086353945,
    "eps": -0.24,
    "epsdiluted": -0.24,
    "weightedAverageShsOut": 339000000,
    "weightedAverageShsOutDil": 341000000,
    "link": "https://www.sec.gov/Archives/edgar/data/764478/000076447813000031/0000764478-13-000031-index.htm",
    "finalLink": "https://www.sec.gov/Archives/edgar/data/764478/000076447813000031/bby541310q.htm"
  },
  {
    "date": "2013-02-02",
    "symbol": "BBY",
    "reportedCurrency": "USD",
    "cik": "0000764478",
    "fillingDate": "2013-03-27",
    "acceptedDate": "2013-03-27 12:45:07",
    "calendarYear": "2013",
    "period": "Q4",
    "revenue": 14354632743,
    "costOfRevenue": 11283269952,
    "grossProfit": 3071362791,
    "grossProfitRatio": 0.2139631745,
    "researchAndDevelopmentExpenses": 0,
    "generalAndAdministrativeExpenses": 2006000000,
    "sellingAndMarketingExpenses": 798545388,
    "sellingGeneralAndAdministrativeExpenses": 2394453807,
    "otherExpenses": 1160727155,
    "operatingExpenses": 3555180962,
    "costAndExpenses": 14838450914,
    "interestIncome": 0,
    "interestExpense": 18000000,
    "depreciationAndAmortization": 205181746,
    "ebitda": 882090730,
    "ebitdaratio": 0.0614498988,
    "operatingIncome": 676908984,
    "operatingIncomeRatio": 0.0471561339,
    "totalOtherIncomeExpensesNet": -1180908966,
    "incomeBeforeTax": -503999982,
    "incomeBeforeTaxRatio": -0.0351106149,
    "incomeTaxExpense": 196454521,
    "netIncome": -702636321,
    "netIncomeRatio": -0.0489484011,
    "eps": -2.08,
    "epsdiluted": -2.08,
    "weightedAverageShsOut": 338100000,
    "weightedAverageShsOutDil": 338100000,
    "link": "https://www.sec.gov/Archives/edgar/data/764478/000076447813000014/0000764478-13-000014-index.htm",
    "finalLink": "https://www.sec.gov/Archives/edgar/data/764478/000076447813000014/bby-2013x10kt.htm"
  },
  {
    "date": "2012-11-03",
    "symbol": "BBY",
    "reportedCurrency": "USD",
    "cik": "0000764478",
    "fillingDate": "2012-12-05",
    "acceptedDate": "2012-12-05 16:40:02",
    "calendarYear": "2013",
    "period": "Q3",
    "revenue": 9381000000,
    "costOfRevenue": 7153000000,
    "grossProfit": 2228000000,
    "grossProfitRatio": 0.2375013325,
    "researchAndDevelopmentExpenses": 0,
    "generalAndAdministrativeExpenses": 0,
    "sellingAndMarketingExpenses": 0,
    "sellingGeneralAndAdministrativeExpenses": 2192000000,
    "otherExpenses": 34000000,
    "operatingExpenses": 2226000000,
    "costAndExpenses": 9379000000,
    "interestIncome": 0,
    "interestExpense": 27000000,
    "depreciationAndAmortization": 222000000,
    "ebitda": 234000000,
    "ebitdaratio": 0.0249440358,
    "operatingIncome": 2000000,
    "operatingIncomeRatio": 0.0002131969,
    "totalOtherIncomeExpensesNet": -27000000,
    "incomeBeforeTax": -6000000,
    "incomeBeforeTaxRatio": -0.0006395907,
    "incomeTaxExpense": -2000000,
    "netIncome": -10000000,
    "netIncomeRatio": -0.0010659844,
    "eps": -0.0297,
    "epsdiluted": -0.0297,
    "weightedAverageShsOut": 337200000,
    "weightedAverageShsOutDil": 337200000,
    "link": "https://www.sec.gov/Archives/edgar/data/764478/000076447812000114/0000764478-12-000114-index.htm",
    "finalLink": "https://www.sec.gov/Archives/edgar/data/764478/000076447812000114/bby1131210q.htm"
  },
  {
    "date": "2012-08-04",
    "symbol": "BBY",
    "reportedCurrency": "USD",
    "cik": "0000764478",
    "fillingDate": "2012-09-06",
    "acceptedDate": "2012-09-06 16:59:22",
    "calendarYear": "2013",
    "period": "Q2",
    "revenue": 10547000000,
    "costOfRevenue": 7078000000,
    "grossProfit": 2261000000,
    "grossProfitRatio": 0.2143737556,
    "researchAndDevelopmentExpenses": 0,
    "generalAndAdministrativeExpenses": 0,
    "sellingAndMarketingExpenses": 0,
    "sellingGeneralAndAdministrativeExpenses": 2082000000,
    "otherExpenses": 91000000,
    "operatingExpenses": 2173000000,
    "costAndExpenses": 9251000000,
    "interestIncome": 0,
    "interestExpense": 26000000,
    "depreciationAndAmortization": 228000000,
    "ebitda": 318000000,
    "ebitdaratio": 0.0301507538,
    "operatingIncome": 88000000,
    "operatingIncomeRatio": 0.0083436048,
    "totalOtherIncomeExpensesNet": -79000000,
    "incomeBeforeTax": 9000000,
    "incomeBeforeTaxRatio": 0.0008533232,
    "incomeTaxExpense": 14000000,
    "netIncome": 12000000,
    "netIncomeRatio": 0.0011377643,
    "eps": 0.04,
    "epsdiluted": 0.04,
    "weightedAverageShsOut": 338200000,
    "weightedAverageShsOutDil": 338600000,
    "link": "https://www.sec.gov/Archives/edgar/data/764478/000076447812000093/0000764478-12-000093-index.htm",
    "finalLink": "https://www.sec.gov/Archives/edgar/data/764478/000076447812000093/bby841210q.htm"
  },
  {
    "date": "2012-05-05",
    "symbol": "BBY",
    "reportedCurrency": "USD",
    "cik": "0000764478",
    "fillingDate": "2012-06-13",
    "acceptedDate": "2012-06-13 06:52:57",
    "calendarYear": "2013",
    "period": "Q1",
    "revenue": 10373000000,
    "costOfRevenue": 7789000000,
    "grossProfit": 2584000000,
    "grossProfitRatio": 0.2491082618,
    "researchAndDevelopmentExpenses": 0,
    "generalAndAdministrativeExpenses": 0,
    "sellingAndMarketingExpenses": 0,
    "sellingGeneralAndAdministrativeExpenses": 2193000000,
    "otherExpenses": 127000000,
    "operatingExpenses": 2320000000,
    "costAndExpenses": 10109000000,
    "interestIncome": 0,
    "interestExpense": 28000000,
    "depreciationAndAmortization": 237000000,
    "ebitda": 504000000,
    "ebitdaratio": 0.0485876796,
    "operatingIncome": 264000000,
    "operatingIncomeRatio": 0.0254506893,
    "totalOtherIncomeExpensesNet": -23000000,
    "incomeBeforeTax": 235000000,
    "incomeBeforeTaxRatio": 0.0226549696,
    "incomeTaxExpense": 72000000,
    "netIncome": 158000000,
    "netIncomeRatio": 0.0152318519,
    "eps": 0.46,
    "epsdiluted": 0.46,
    "weightedAverageShsOut": 342200000,
    "weightedAverageShsOutDil": 342800000,
    "link": "https://www.sec.gov/Archives/edgar/data/764478/000076447812000056/0000764478-12-000056-index.htm",
    "finalLink": "https://www.sec.gov/Archives/edgar/data/764478/000076447812000056/bby551210q.htm"
  },
  {
    "date": "2012-03-03",
    "symbol": "BBY",
    "reportedCurrency": "USD",
    "cik": "0000764478",
    "fillingDate": "2012-05-01",
    "acceptedDate": "2012-05-01 16:55:30",
    "calendarYear": "2012",
    "period": "Q4",
    "revenue": 16319000000,
    "costOfRevenue": 12317000000,
    "grossProfit": 4002000000,
    "grossProfitRatio": 0.2452356149,
    "researchAndDevelopmentExpenses": 0,
    "generalAndAdministrativeExpenses": 0,
    "sellingAndMarketingExpenses": 0,
    "sellingGeneralAndAdministrativeExpenses": 2559000000,
    "otherExpenses": 1105000000,
    "operatingExpenses": 3664000000,
    "costAndExpenses": 15981000000,
    "interestIncome": 0,
    "interestExpense": 32000000,
    "depreciationAndAmortization": 239000000,
    "ebitda": 588000000,
    "ebitdaratio": 0.0360316196,
    "operatingIncome": 338000000,
    "operatingIncomeRatio": 0.0207120534,
    "totalOtherIncomeExpensesNet": -21000000,
    "incomeBeforeTax": 317000000,
    "incomeBeforeTaxRatio": 0.0194252099,
    "incomeTaxExpense": 439000000,
    "netIncome": -1698000000,
    "netIncomeRatio": -0.1040504933,
    "eps": -4.96,
    "epsdiluted": -4.95,
    "weightedAverageShsOut": 342200000,
    "weightedAverageShsOutDil": 342800000,
    "link": "https://www.sec.gov/Archives/edgar/data/764478/000076447812000035/0000764478-12-000035-index.htm",
    "finalLink": "https://www.sec.gov/Archives/edgar/data/764478/000076447812000035/bby-201210k.htm"
  },
  {
    "date": "2011-11-26",
    "symbol": "BBY",
    "reportedCurrency": "USD",
    "cik": "0000764478",
    "fillingDate": "2012-01-03",
    "acceptedDate": "2012-01-03 16:15:47",
    "calendarYear": "2012",
    "period": "Q3",
    "revenue": 12099000000,
    "costOfRevenue": 9168000000,
    "grossProfit": 2931000000,
    "grossProfitRatio": 0.2422514257,
    "researchAndDevelopmentExpenses": 0,
    "generalAndAdministrativeExpenses": 0,
    "sellingAndMarketingExpenses": 0,
    "sellingGeneralAndAdministrativeExpenses": 2616000000,
    "otherExpenses": 137000000,
    "operatingExpenses": 2753000000,
    "costAndExpenses": 11921000000,
    "interestIncome": 0,
    "interestExpense": 37000000,
    "depreciationAndAmortization": 231000000,
    "ebitda": 472000000,
    "ebitdaratio": 0.0390114886,
    "operatingIncome": 178000000,
    "operatingIncomeRatio": 0.0147119597,
    "totalOtherIncomeExpensesNet": 26000000,
    "incomeBeforeTax": 204000000,
    "incomeBeforeTaxRatio": 0.0168608976,
    "incomeTaxExpense": -72000000,
    "netIncome": 154000000,
    "netIncomeRatio": 0.0127283247,
    "eps": 0.43,
    "epsdiluted": 0.42,
    "weightedAverageShsOut": 359700000,
    "weightedAverageShsOutDil": 368800000,
    "link": "https://www.sec.gov/Archives/edgar/data/764478/000076447812000002/0000764478-12-000002-index.htm",
    "finalLink": "https://www.sec.gov/Archives/edgar/data/764478/000076447812000002/bby11261110q.htm"
  },
  {
    "date": "2011-08-27",
    "symbol": "BBY",
    "reportedCurrency": "USD",
    "cik": "0000764478",
    "fillingDate": "2011-09-30",
    "acceptedDate": "2011-09-30 16:11:37",
    "calendarYear": "2012",
    "period": "Q2",
    "revenue": 11347000000,
    "costOfRevenue": 8475000000,
    "grossProfit": 2872000000,
    "grossProfitRatio": 0.253106548,
    "researchAndDevelopmentExpenses": 0,
    "generalAndAdministrativeExpenses": 0,
    "sellingAndMarketingExpenses": 0,
    "sellingGeneralAndAdministrativeExpenses": 2583000000,
    "otherExpenses": 2000000,
    "operatingExpenses": 2585000000,
    "costAndExpenses": 11060000000,
    "interestIncome": 0,
    "interestExpense": 34000000,
    "depreciationAndAmortization": 239000000,
    "ebitda": 532000000,
    "ebitdaratio": 0.0468846391,
    "operatingIncome": 287000000,
    "operatingIncomeRatio": 0.025293029,
    "totalOtherIncomeExpensesNet": -28000000,
    "incomeBeforeTax": 259000000,
    "incomeBeforeTaxRatio": 0.0228254164,
    "incomeTaxExpense": 99000000,
    "netIncome": 177000000,
    "netIncomeRatio": 0.0155988367,
    "eps": 0.48,
    "epsdiluted": 0.47,
    "weightedAverageShsOut": 371900000,
    "weightedAverageShsOutDil": 381400000,
    "link": "https://www.sec.gov/Archives/edgar/data/764478/000076447811000008/0000764478-11-000008-index.htm",
    "finalLink": "https://www.sec.gov/Archives/edgar/data/764478/000076447811000008/bby8271110q.htm"
  },
  {
    "date": "2011-05-28",
    "symbol": "BBY",
    "reportedCurrency": "USD",
    "cik": "0000764478",
    "fillingDate": "2011-07-01",
    "acceptedDate": "2011-07-01 17:01:50",
    "calendarYear": "2012",
    "period": "Q1",
    "revenue": 10940000000,
    "costOfRevenue": 8172000000,
    "grossProfit": 2768000000,
    "grossProfitRatio": 0.2530164534,
    "researchAndDevelopmentExpenses": 0,
    "generalAndAdministrativeExpenses": 0,
    "sellingAndMarketingExpenses": 0,
    "sellingGeneralAndAdministrativeExpenses": 2484000000,
    "otherExpenses": 2000000,
    "operatingExpenses": 2486000000,
    "costAndExpenses": 10658000000,
    "interestIncome": 0,
    "interestExpense": 31000000,
    "depreciationAndAmortization": 236000000,
    "ebitda": 530000000,
    "ebitdaratio": 0.0484460695,
    "operatingIncome": 282000000,
    "operatingIncomeRatio": 0.0257769653,
    "totalOtherIncomeExpensesNet": -19000000,
    "incomeBeforeTax": 263000000,
    "incomeBeforeTaxRatio": 0.0240402194,
    "incomeTaxExpense": 99000000,
    "netIncome": 136000000,
    "netIncomeRatio": 0.0124314442,
    "eps": 0.35,
    "epsdiluted": 0.35,
    "weightedAverageShsOut": 387700000,
    "weightedAverageShsOutDil": 397200000,
    "link": "https://www.sec.gov/Archives/edgar/data/764478/000110465911037615/0001104659-11-037615-index.htm",
    "finalLink": "https://www.sec.gov/Archives/edgar/data/764478/000110465911037615/a11-14387_110q.htm"
  },
  {
    "date": "2011-02-26",
    "symbol": "BBY",
    "reportedCurrency": "USD",
    "cik": "0000764478",
    "fillingDate": "2011-04-25",
    "acceptedDate": "2011-04-25 17:03:10",
    "calendarYear": "2011",
    "period": "Q4",
    "revenue": 16256000000,
    "costOfRevenue": 12313000000,
    "grossProfit": 3943000000,
    "grossProfitRatio": 0.2425565945,
    "researchAndDevelopmentExpenses": 0,
    "generalAndAdministrativeExpenses": 0,
    "sellingAndMarketingExpenses": 0,
    "sellingGeneralAndAdministrativeExpenses": 2740000000,
    "otherExpenses": 198000000,
    "operatingExpenses": 2938000000,
    "costAndExpenses": 15251000000,
    "interestIncome": 0,
    "interestExpense": 23000000,
    "depreciationAndAmortization": 247000000,
    "ebitda": 1270000000,
    "ebitdaratio": 0.078125,
    "operatingIncome": 1005000000,
    "operatingIncomeRatio": 0.0618233268,
    "totalOtherIncomeExpensesNet": -5000000,
    "incomeBeforeTax": 1000000000,
    "incomeBeforeTaxRatio": 0.061515748,
    "incomeTaxExpense": 314000000,
    "netIncome": 651000000,
    "netIncomeRatio": 0.040046752,
    "eps": 1.68,
    "epsdiluted": 1.64,
    "weightedAverageShsOut": 387700000,
    "weightedAverageShsOutDil": 397200000,
    "link": "https://www.sec.gov/Archives/edgar/data/764478/000104746911004045/0001047469-11-004045-index.htm",
    "finalLink": "https://www.sec.gov/Archives/edgar/data/764478/000104746911004045/a2203505z10-k.htm"
  },
  {
    "date": "2010-11-27",
    "symbol": "BBY",
    "reportedCurrency": "USD",
    "cik": "0000764478",
    "fillingDate": "2011-01-05",
    "acceptedDate": "2011-01-05 16:06:04",
    "calendarYear": "2011",
    "period": "Q3",
    "revenue": 11890000000,
    "costOfRevenue": 8907000000,
    "grossProfit": 2983000000,
    "grossProfitRatio": 0.250883095,
    "researchAndDevelopmentExpenses": 0,
    "generalAndAdministrativeExpenses": 0,
    "sellingAndMarketingExpenses": 0,
    "sellingGeneralAndAdministrativeExpenses": 2598000000,
    "otherExpenses": 0,
    "operatingExpenses": 2598000000,
    "costAndExpenses": 11505000000,
    "interestIncome": 0,
    "interestExpense": 20000000,
    "depreciationAndAmortization": 250000000,
    "ebitda": 643000000,
    "ebitdaratio": 0.054079058,
    "operatingIncome": 385000000,
    "operatingIncomeRatio": 0.0323801514,
    "totalOtherIncomeExpensesNet": -12000000,
    "incomeBeforeTax": 373000000,
    "incomeBeforeTaxRatio": 0.0313708999,
    "incomeTaxExpense": 133000000,
    "netIncome": 217000000,
    "netIncomeRatio": 0.0182506308,
    "eps": 0.55,
    "epsdiluted": 0.54,
    "weightedAverageShsOut": 397100000,
    "weightedAverageShsOutDil": 407800000,
    "link": "https://www.sec.gov/Archives/edgar/data/764478/000110465911000494/0001104659-11-000494-index.htm",
    "finalLink": "https://www.sec.gov/Archives/edgar/data/764478/000110465911000494/a10-20501_110q.htm"
  },
  {
    "date": "2010-08-28",
    "symbol": "BBY",
    "reportedCurrency": "USD",
    "cik": "0000764478",
    "fillingDate": "2010-10-07",
    "acceptedDate": "2010-10-07 16:31:32",
    "calendarYear": "2011",
    "period": "Q2",
    "revenue": 11339000000,
    "costOfRevenue": 8421000000,
    "grossProfit": 2918000000,
    "grossProfitRatio": 0.2573419173,
    "researchAndDevelopmentExpenses": 0,
    "generalAndAdministrativeExpenses": 0,
    "sellingAndMarketingExpenses": 0,
    "sellingGeneralAndAdministrativeExpenses": 2507000000,
    "otherExpenses": 0,
    "operatingExpenses": 2507000000,
    "costAndExpenses": 10928000000,
    "interestIncome": 0,
    "interestExpense": 21000000,
    "depreciationAndAmortization": 238000000,
    "ebitda": 662000000,
    "ebitdaratio": 0.0583825734,
    "operatingIncome": 411000000,
    "operatingIncomeRatio": 0.0362465826,
    "totalOtherIncomeExpensesNet": -8000000,
    "incomeBeforeTax": 403000000,
    "incomeBeforeTaxRatio": 0.035541053,
    "incomeTaxExpense": 146000000,
    "netIncome": 254000000,
    "netIncomeRatio": 0.0224005644,
    "eps": 0.61,
    "epsdiluted": 0.6,
    "weightedAverageShsOut": 413500000,
    "weightedAverageShsOutDil": 423600000,
    "link": "https://www.sec.gov/Archives/edgar/data/764478/000110465910051625/0001104659-10-051625-index.htm",
    "finalLink": "https://www.sec.gov/Archives/edgar/data/764478/000110465910051625/a10-16909_110q.htm"
  },
  {
    "date": "2010-05-29",
    "symbol": "BBY",
    "reportedCurrency": "USD",
    "cik": "0000764478",
    "fillingDate": "2010-07-08",
    "acceptedDate": "2010-07-08 16:08:11",
    "calendarYear": "2011",
    "period": "Q1",
    "revenue": 10787000000,
    "costOfRevenue": 7994000000,
    "grossProfit": 2793000000,
    "grossProfitRatio": 0.2589227774,
    "researchAndDevelopmentExpenses": 0,
    "generalAndAdministrativeExpenses": 0,
    "sellingAndMarketingExpenses": 0,
    "sellingGeneralAndAdministrativeExpenses": 2480000000,
    "otherExpenses": 0,
    "operatingExpenses": 2480000000,
    "costAndExpenses": 10474000000,
    "interestIncome": 0,
    "interestExpense": 23000000,
    "depreciationAndAmortization": 243000000,
    "ebitda": 568000000,
    "ebitdaratio": 0.0526559748,
    "operatingIncome": 313000000,
    "operatingIncomeRatio": 0.0290164086,
    "totalOtherIncomeExpensesNet": -11000000,
    "incomeBeforeTax": 302000000,
    "incomeBeforeTaxRatio": 0.0279966626,
    "incomeTaxExpense": 121000000,
    "netIncome": 155000000,
    "netIncomeRatio": 0.014369148,
    "eps": 0.37,
    "epsdiluted": 0.36,
    "weightedAverageShsOut": 420300000,
    "weightedAverageShsOutDil": 431700000,
    "link": "https://www.sec.gov/Archives/edgar/data/764478/000110465910037444/0001104659-10-037444-index.htm",
    "finalLink": "https://www.sec.gov/Archives/edgar/data/764478/000110465910037444/a10-11555_110q.htm"
  },
  {
    "date": "2010-02-27",
    "symbol": "BBY",
    "reportedCurrency": "USD",
    "cik": "0000764478",
    "fillingDate": "2010-04-28",
    "acceptedDate": "2010-04-28 17:11:30",
    "calendarYear": "2010",
    "period": "Q4",
    "revenue": 16553000000,
    "costOfRevenue": 12576000000,
    "grossProfit": 3977000000,
    "grossProfitRatio": 0.2402585634,
    "researchAndDevelopmentExpenses": 0,
    "generalAndAdministrativeExpenses": 0,
    "sellingAndMarketingExpenses": 0,
    "sellingGeneralAndAdministrativeExpenses": 2694000000,
    "otherExpenses": 0,
    "operatingExpenses": 2694000000,
    "costAndExpenses": 15270000000,
    "interestIncome": 0,
    "interestExpense": 26000000,
    "depreciationAndAmortization": 246000000,
    "ebitda": 1545000000,
    "ebitdaratio": 0.0933365553,
    "operatingIncome": 1283000000,
    "operatingIncomeRatio": 0.0775086087,
    "totalOtherIncomeExpensesNet": -10000000,
    "incomeBeforeTax": 1273000000,
    "incomeBeforeTaxRatio": 0.0769044886,
    "incomeTaxExpense": 464000000,
    "netIncome": 779000000,
    "netIncomeRatio": 0.0470609557,
    "eps": 1.85,
    "epsdiluted": 1.8,
    "weightedAverageShsOut": 420300000,
    "weightedAverageShsOutDil": 431700000,
    "link": "https://www.sec.gov/Archives/edgar/data/764478/000104746910004349/0001047469-10-004349-index.htm",
    "finalLink": "https://www.sec.gov/Archives/edgar/data/764478/000104746910004349/a2197223z10-k.htm"
  },
  {
    "date": "2009-11-28",
    "symbol": "BBY",
    "reportedCurrency": "USD",
    "cik": "0000764478",
    "fillingDate": "2010-01-07",
    "acceptedDate": "2010-01-07 16:47:21",
    "calendarYear": "2010",
    "period": "Q3",
    "revenue": 12024000000,
    "costOfRevenue": 9082000000,
    "grossProfit": 2942000000,
    "grossProfitRatio": 0.244677312,
    "researchAndDevelopmentExpenses": 0,
    "generalAndAdministrativeExpenses": 0,
    "sellingAndMarketingExpenses": 0,
    "sellingGeneralAndAdministrativeExpenses": 2566000000,
    "otherExpenses": 0,
    "operatingExpenses": 2566000000,
    "costAndExpenses": 11648000000,
    "interestIncome": 0,
    "interestExpense": 23000000,
    "depreciationAndAmortization": 231000000,
    "ebitda": 618000000,
    "ebitdaratio": 0.0513972056,
    "operatingIncome": 376000000,
    "operatingIncomeRatio": 0.0312707917,
    "totalOtherIncomeExpensesNet": -12000000,
    "incomeBeforeTax": 364000000,
    "incomeBeforeTaxRatio": 0.0302727878,
    "incomeTaxExpense": 93000000,
    "netIncome": 227000000,
    "netIncomeRatio": 0.0188789088,
    "eps": 0.54,
    "epsdiluted": 0.53,
    "weightedAverageShsOut": 417100000,
    "weightedAverageShsOutDil": 428600000,
    "link": "https://www.sec.gov/Archives/edgar/data/764478/000110465910000733/0001104659-10-000733-index.htm",
    "finalLink": "https://www.sec.gov/Archives/edgar/data/764478/000110465910000733/a09-36804_110q.htm"
  },
  {
    "date": "2009-08-29",
    "symbol": "BBY",
    "reportedCurrency": "USD",
    "cik": "0000764478",
    "fillingDate": "2009-10-08",
    "acceptedDate": "2009-10-08 15:58:02",
    "calendarYear": "2010",
    "period": "Q2",
    "revenue": 11022000000,
    "costOfRevenue": 8338000000,
    "grossProfit": 2684000000,
    "grossProfitRatio": 0.2435129741,
    "researchAndDevelopmentExpenses": 0,
    "generalAndAdministrativeExpenses": 0,
    "sellingAndMarketingExpenses": 0,
    "sellingGeneralAndAdministrativeExpenses": 2404000000,
    "otherExpenses": 0,
    "operatingExpenses": 2404000000,
    "costAndExpenses": 10742000000,
    "interestIncome": 0,
    "interestExpense": 22000000,
    "depreciationAndAmortization": 232000000,
    "ebitda": 530000000,
    "ebitdaratio": 0.0480856469,
    "operatingIncome": 280000000,
    "operatingIncomeRatio": 0.025403738,
    "totalOtherIncomeExpensesNet": -4000000,
    "incomeBeforeTax": 276000000,
    "incomeBeforeTaxRatio": 0.0250408274,
    "incomeTaxExpense": 119000000,
    "netIncome": 158000000,
    "netIncomeRatio": 0.0143349664,
    "eps": 0.38,
    "epsdiluted": 0.37,
    "weightedAverageShsOut": 416500000,
    "weightedAverageShsOutDil": 427000000,
    "link": "https://www.sec.gov/Archives/edgar/data/764478/000110465909058298/0001104659-09-058298-index.htm",
    "finalLink": "https://www.sec.gov/Archives/edgar/data/764478/000110465909058298/a09-23254_110q.htm"
  },
  {
    "date": "2009-05-30",
    "symbol": "BBY",
    "reportedCurrency": "USD",
    "cik": "0000764478",
    "fillingDate": "2009-07-09",
    "acceptedDate": "2009-07-09 16:47:52",
    "calendarYear": "2010",
    "period": "Q1",
    "revenue": 10095000000,
    "costOfRevenue": 7538000000,
    "grossProfit": 2557000000,
    "grossProfitRatio": 0.2532937098,
    "researchAndDevelopmentExpenses": 0,
    "generalAndAdministrativeExpenses": 0,
    "sellingAndMarketingExpenses": 0,
    "sellingGeneralAndAdministrativeExpenses": 2209000000,
    "otherExpenses": 52000000,
    "operatingExpenses": 2261000000,
    "costAndExpenses": 9799000000,
    "interestIncome": 0,
    "interestExpense": 23000000,
    "depreciationAndAmortization": 217000000,
    "ebitda": 522000000,
    "ebitdaratio": 0.0517087667,
    "operatingIncome": 296000000,
    "operatingIncomeRatio": 0.0293214463,
    "totalOtherIncomeExpensesNet": -14000000,
    "incomeBeforeTax": 282000000,
    "incomeBeforeTaxRatio": 0.0279346211,
    "incomeTaxExpense": 126000000,
    "netIncome": 153000000,
    "netIncomeRatio": 0.0151560178,
    "eps": 0.37,
    "epsdiluted": 0.36,
    "weightedAverageShsOut": 415200000,
    "weightedAverageShsOutDil": 425700000,
    "link": "https://www.sec.gov/Archives/edgar/data/764478/000110465909042641/0001104659-09-042641-index.htm",
    "finalLink": "https://www.sec.gov/Archives/edgar/data/764478/000110465909042641/a09-16310_110q.htm"
  },
  {
    "date": "2009-02-28",
    "symbol": "BBY",
    "reportedCurrency": "USD",
    "cik": "0000764478",
    "fillingDate": "2009-04-29",
    "acceptedDate": "2009-04-29 17:07:49",
    "calendarYear": "2009",
    "period": "Q4",
    "revenue": 14724000000,
    "costOfRevenue": 11101000000,
    "grossProfit": 3623000000,
    "grossProfitRatio": 0.246060853,
    "researchAndDevelopmentExpenses": 0,
    "generalAndAdministrativeExpenses": 0,
    "sellingAndMarketingExpenses": 0,
    "sellingGeneralAndAdministrativeExpenses": 2499000000,
    "otherExpenses": 144000000,
    "operatingExpenses": 2643000000,
    "costAndExpenses": 13744000000,
    "interestIncome": 0,
    "interestExpense": 32000000,
    "depreciationAndAmortization": 231000000,
    "ebitda": 1289000000,
    "ebitdaratio": 0.0875441456,
    "operatingIncome": 980000000,
    "operatingIncomeRatio": 0.0665580005,
    "totalOtherIncomeExpensesNet": -17000000,
    "incomeBeforeTax": 963000000,
    "incomeBeforeTaxRatio": 0.065403423,
    "incomeTaxExpense": 378000000,
    "netIncome": 570000000,
    "netIncomeRatio": 0.0387123064,
    "eps": 1.37,
    "epsdiluted": 1.34,
    "weightedAverageShsOut": 415200000,
    "weightedAverageShsOutDil": 425700000,
    "link": "https://www.sec.gov/Archives/edgar/data/764478/000104746909004730/0001047469-09-004730-index.htm",
    "finalLink": "https://www.sec.gov/Archives/edgar/data/764478/000104746909004730/a2192410z10-k.htm"
  },
  {
    "date": "2008-11-29",
    "symbol": "BBY",
    "reportedCurrency": "USD",
    "cik": "0000764478",
    "fillingDate": "2009-01-08",
    "acceptedDate": "2009-01-08 16:30:46",
    "calendarYear": "2009",
    "period": "Q3",
    "revenue": 11500000000,
    "costOfRevenue": 8639000000,
    "grossProfit": 2861000000,
    "grossProfitRatio": 0.2487826087,
    "researchAndDevelopmentExpenses": 0,
    "generalAndAdministrativeExpenses": 0,
    "sellingAndMarketingExpenses": 0,
    "sellingGeneralAndAdministrativeExpenses": 2587000000,
    "otherExpenses": 0,
    "operatingExpenses": 2587000000,
    "costAndExpenses": 11226000000,
    "interestIncome": 0,
    "interestExpense": 35000000,
    "depreciationAndAmortization": 250000000,
    "ebitda": 409000000,
    "ebitdaratio": 0.0355652174,
    "operatingIncome": 274000000,
    "operatingIncomeRatio": 0.023826087,
    "totalOtherIncomeExpensesNet": -149000000,
    "incomeBeforeTax": 125000000,
    "incomeBeforeTaxRatio": 0.0108695652,
    "incomeTaxExpense": 68000000,
    "netIncome": 52000000,
    "netIncomeRatio": 0.0045217391,
    "eps": 0.13,
    "epsdiluted": 0.13,
    "weightedAverageShsOut": 412900000,
    "weightedAverageShsOutDil": 422600000,
    "link": "https://www.sec.gov/Archives/edgar/data/764478/000110465909001213/0001104659-09-001213-index.htm",
    "finalLink": "https://www.sec.gov/Archives/edgar/data/764478/000110465909001213/a09-1058_110q.htm"
  },
  {
    "date": "2008-08-30",
    "symbol": "BBY",
    "reportedCurrency": "USD",
    "cik": "0000764478",
    "fillingDate": "2008-10-09",
    "acceptedDate": "2008-10-09 16:38:17",
    "calendarYear": "2009",
    "period": "Q2",
    "revenue": 9801000000,
    "costOfRevenue": 7420000000,
    "grossProfit": 2381000000,
    "grossProfitRatio": 0.2429343944,
    "researchAndDevelopmentExpenses": 0,
    "generalAndAdministrativeExpenses": 0,
    "sellingAndMarketingExpenses": 0,
    "sellingGeneralAndAdministrativeExpenses": 2042000000,
    "otherExpenses": 0,
    "operatingExpenses": 2042000000,
    "costAndExpenses": 9462000000,
    "interestIncome": 0,
    "interestExpense": 21000000,
    "depreciationAndAmortization": 159000000,
    "ebitda": 508000000,
    "ebitdaratio": 0.0518314458,
    "operatingIncome": 339000000,
    "operatingIncomeRatio": 0.0345883073,
    "totalOtherIncomeExpensesNet": -12000000,
    "incomeBeforeTax": 327000000,
    "incomeBeforeTaxRatio": 0.0333639425,
    "incomeTaxExpense": 122000000,
    "netIncome": 202000000,
    "netIncomeRatio": 0.0206101418,
    "eps": 0.49,
    "epsdiluted": 0.48,
    "weightedAverageShsOut": 412100000,
    "weightedAverageShsOutDil": 423300000,
    "link": "https://www.sec.gov/Archives/edgar/data/764478/000110465908063268/0001104659-08-063268-index.htm",
    "finalLink": "https://www.sec.gov/Archives/edgar/data/764478/000110465908063268/a08-25071_110q.htm"
  },
  {
    "date": "2008-05-31",
    "symbol": "BBY",
    "reportedCurrency": "USD",
    "cik": "0000764478",
    "fillingDate": "2008-07-10",
    "acceptedDate": "2008-07-10 10:14:35",
    "calendarYear": "2009",
    "period": "Q1",
    "revenue": 8990000000,
    "costOfRevenue": 6857000000,
    "grossProfit": 2133000000,
    "grossProfitRatio": 0.2372636263,
    "researchAndDevelopmentExpenses": 0,
    "generalAndAdministrativeExpenses": 0,
    "sellingAndMarketingExpenses": 0,
    "sellingGeneralAndAdministrativeExpenses": 1856000000,
    "otherExpenses": 0,
    "operatingExpenses": 1856000000,
    "costAndExpenses": 8713000000,
    "interestIncome": 0,
    "interestExpense": 13000000,
    "depreciationAndAmortization": 153000000,
    "ebitda": 451000000,
    "ebitdaratio": 0.0501668521,
    "operatingIncome": 277000000,
    "operatingIncomeRatio": 0.0308120133,
    "totalOtherIncomeExpensesNet": 8000000,
    "incomeBeforeTax": 285000000,
    "incomeBeforeTaxRatio": 0.031701891,
    "incomeTaxExpense": 106000000,
    "netIncome": 179000000,
    "netIncomeRatio": 0.0199110122,
    "eps": 0.44,
    "epsdiluted": 0.43,
    "weightedAverageShsOut": 411400000,
    "weightedAverageShsOutDil": 423400000,
    "link": "https://www.sec.gov/Archives/edgar/data/764478/000110465908044945/0001104659-08-044945-index.htm",
    "finalLink": "https://www.sec.gov/Archives/edgar/data/764478/000110465908044945/a08-18043_110q.htm"
  },
  {
    "date": "2008-03-01",
    "symbol": "BBY",
    "reportedCurrency": "USD",
    "cik": "0000764478",
    "fillingDate": "2008-04-30",
    "acceptedDate": "2008-04-30 11:37:01",
    "calendarYear": "2008",
    "period": "Q4",
    "revenue": 13418000000,
    "costOfRevenue": 10240000000,
    "grossProfit": 3178000000,
    "grossProfitRatio": 0.2368460277,
    "researchAndDevelopmentExpenses": 0,
    "generalAndAdministrativeExpenses": 5350000000,
    "sellingAndMarketingExpenses": 0,
    "sellingGeneralAndAdministrativeExpenses": 2035000000,
    "otherExpenses": 0,
    "operatingExpenses": 2035000000,
    "costAndExpenses": 12275000000,
    "interestIncome": 0,
    "interestExpense": 9000000,
    "depreciationAndAmortization": 161000000,
    "ebitda": 1304000000,
    "ebitdaratio": 0.0971828887,
    "operatingIncome": 1143000000,
    "operatingIncomeRatio": 0.0851840811,
    "totalOtherIncomeExpensesNet": 22000000,
    "incomeBeforeTax": 1165000000,
    "incomeBeforeTaxRatio": 0.0868236697,
    "incomeTaxExpense": 429000000,
    "netIncome": 737000000,
    "netIncomeRatio": 0.0549262185,
    "eps": 1.79,
    "epsdiluted": 1.74,
    "weightedAverageShsOut": 411400000,
    "weightedAverageShsOutDil": 423400000,
    "link": "https://www.sec.gov/Archives/edgar/data/764478/000104746908005591/0001047469-08-005591-index.htm",
    "finalLink": "https://www.sec.gov/Archives/edgar/data/764478/000104746908005591/a2185101z10-k.htm"
  },
  {
    "date": "2007-12-01",
    "symbol": "BBY",
    "reportedCurrency": "USD",
    "cik": "0000764478",
    "fillingDate": "2008-01-10",
    "acceptedDate": "2008-01-10 16:29:50",
    "calendarYear": "2008",
    "period": "Q3",
    "revenue": 9928000000,
    "costOfRevenue": 7591000000,
    "grossProfit": 2337000000,
    "grossProfitRatio": 0.2353948429,
    "researchAndDevelopmentExpenses": 0,
    "generalAndAdministrativeExpenses": 0,
    "sellingAndMarketingExpenses": 0,
    "sellingGeneralAndAdministrativeExpenses": 1986000000,
    "otherExpenses": 0,
    "operatingExpenses": 1986000000,
    "costAndExpenses": 9577000000,
    "interestIncome": 0,
    "interestExpense": 23000000,
    "depreciationAndAmortization": 140000000,
    "ebitda": 491000000,
    "ebitdaratio": 0.0494560838,
    "operatingIncome": 351000000,
    "operatingIncomeRatio": 0.0353545528,
    "totalOtherIncomeExpensesNet": 6000000,
    "incomeBeforeTax": 360000000,
    "incomeBeforeTaxRatio": 0.0362610798,
    "incomeTaxExpense": 129000000,
    "netIncome": 228000000,
    "netIncomeRatio": 0.0229653505,
    "eps": 0.55,
    "epsdiluted": 0.53,
    "weightedAverageShsOut": 418700000,
    "weightedAverageShsOutDil": 430800000,
    "link": "https://www.sec.gov/Archives/edgar/data/764478/000110465908001800/0001104659-08-001800-index.htm",
    "finalLink": "https://www.sec.gov/Archives/edgar/data/764478/000110465908001800/a08-1410_110q.htm"
  },
  {
    "date": "2007-09-01",
    "symbol": "BBY",
    "reportedCurrency": "USD",
    "cik": "0000764478",
    "fillingDate": "2007-10-11",
    "acceptedDate": "2007-10-11 16:42:00",
    "calendarYear": "2008",
    "period": "Q2",
    "revenue": 8750000000,
    "costOfRevenue": 6611000000,
    "grossProfit": 2139000000,
    "grossProfitRatio": 0.2444571429,
    "researchAndDevelopmentExpenses": 0,
    "generalAndAdministrativeExpenses": 0,
    "sellingAndMarketingExpenses": 0,
    "sellingGeneralAndAdministrativeExpenses": 1738000000,
    "otherExpenses": 0,
    "operatingExpenses": 1738000000,
    "costAndExpenses": 8349000000,
    "interestIncome": 0,
    "interestExpense": 23000000,
    "depreciationAndAmortization": 144000000,
    "ebitda": 545000000,
    "ebitdaratio": 0.0622857143,
    "operatingIncome": 401000000,
    "operatingIncomeRatio": 0.0458285714,
    "totalOtherIncomeExpensesNet": -1000000,
    "incomeBeforeTax": 400000000,
    "incomeBeforeTaxRatio": 0.0457142857,
    "incomeTaxExpense": 144000000,
    "netIncome": 250000000,
    "netIncomeRatio": 0.0285714286,
    "eps": 0.56,
    "epsdiluted": 0.55,
    "weightedAverageShsOut": 444100000,
    "weightedAverageShsOutDil": 456200000,
    "link": "https://www.sec.gov/Archives/edgar/data/764478/000110465907074510/0001104659-07-074510-index.htm",
    "finalLink": "https://www.sec.gov/Archives/edgar/data/764478/000110465907074510/a07-25350_110q.htm"
  },
  {
    "date": "2007-06-02",
    "symbol": "BBY",
    "reportedCurrency": "USD",
    "cik": "0000764478",
    "fillingDate": "2007-07-12",
    "acceptedDate": "2007-07-12 16:20:11",
    "calendarYear": "2008",
    "period": "Q1",
    "revenue": 7927000000,
    "costOfRevenue": 6035000000,
    "grossProfit": 1892000000,
    "grossProfitRatio": 0.2386779362,
    "researchAndDevelopmentExpenses": 0,
    "generalAndAdministrativeExpenses": 0,
    "sellingAndMarketingExpenses": 0,
    "sellingGeneralAndAdministrativeExpenses": 1626000000,
    "otherExpenses": 0,
    "operatingExpenses": 1626000000,
    "costAndExpenses": 7661000000,
    "interestIncome": 0,
    "interestExpense": 7000000,
    "depreciationAndAmortization": 135000000,
    "ebitda": 401000000,
    "ebitdaratio": 0.0505866028,
    "operatingIncome": 266000000,
    "operatingIncomeRatio": 0.0335562003,
    "totalOtherIncomeExpensesNet": 39000000,
    "incomeBeforeTax": 303000000,
    "incomeBeforeTaxRatio": 0.0382237921,
    "incomeTaxExpense": 113000000,
    "netIncome": 192000000,
    "netIncomeRatio": 0.0242210168,
    "eps": 0.4,
    "epsdiluted": 0.39,
    "weightedAverageShsOut": 478800000,
    "weightedAverageShsOutDil": 491500000,
    "link": "https://www.sec.gov/Archives/edgar/data/764478/000110465907053577/0001104659-07-053577-index.htm",
    "finalLink": "https://www.sec.gov/Archives/edgar/data/764478/000110465907053577/a07-18349_110q.htm"
  },
  {
    "date": "2007-03-03",
    "symbol": "BBY",
    "reportedCurrency": "USD",
    "cik": "0000764478",
    "fillingDate": "2007-05-02",
    "acceptedDate": "2007-05-02 17:27:55",
    "calendarYear": "2007",
    "period": "Q4",
    "revenue": 12899000000,
    "costOfRevenue": 9792000000,
    "grossProfit": 3107000000,
    "grossProfitRatio": 0.2408713854,
    "researchAndDevelopmentExpenses": 0,
    "generalAndAdministrativeExpenses": 4799000000,
    "sellingAndMarketingExpenses": 0,
    "sellingGeneralAndAdministrativeExpenses": 1971000000,
    "otherExpenses": 0,
    "operatingExpenses": 1971000000,
    "costAndExpenses": 11763000000,
    "interestIncome": 0,
    "interestExpense": 931000000,
    "depreciationAndAmortization": 140000000,
    "ebitda": 1276000000,
    "ebitdaratio": 0.0989223971,
    "operatingIncome": 1136000000,
    "operatingIncomeRatio": 0.0880688425,
    "totalOtherIncomeExpensesNet": 63000000,
    "incomeBeforeTax": 1199000000,
    "incomeBeforeTaxRatio": 0.0929529421,
    "incomeTaxExpense": 435000000,
    "netIncome": 763000000,
    "netIncomeRatio": 0.0591518722,
    "eps": 1.59,
    "epsdiluted": 1.55,
    "weightedAverageShsOut": 478800000,
    "weightedAverageShsOutDil": 491500000,
    "link": "https://www.sec.gov/Archives/edgar/data/764478/000110465907034935/0001104659-07-034935-index.htm",
    "finalLink": "https://www.sec.gov/Archives/edgar/data/764478/000110465907034935/a07-11419_110k.htm"
  },
  {
    "date": "2006-11-25",
    "symbol": "BBY",
    "reportedCurrency": "USD",
    "cik": "0000764478",
    "fillingDate": "2007-01-04",
    "acceptedDate": "2007-01-04 17:23:21",
    "calendarYear": "2007",
    "period": "Q3",
    "revenue": 8473000000,
    "costOfRevenue": 6478000000,
    "grossProfit": 1995000000,
    "grossProfitRatio": 0.2354537944,
    "researchAndDevelopmentExpenses": 0,
    "generalAndAdministrativeExpenses": 0,
    "sellingAndMarketingExpenses": 0,
    "sellingGeneralAndAdministrativeExpenses": 1799000000,
    "otherExpenses": 0,
    "operatingExpenses": 1799000000,
    "costAndExpenses": 8277000000,
    "interestIncome": 0,
    "interestExpense": 0,
    "depreciationAndAmortization": 123000000,
    "ebitda": 319000000,
    "ebitdaratio": 0.0376490027,
    "operatingIncome": 196000000,
    "operatingIncomeRatio": 0.0231323026,
    "totalOtherIncomeExpensesNet": 24000000,
    "incomeBeforeTax": 220000000,
    "incomeBeforeTaxRatio": 0.0259648295,
    "incomeTaxExpense": 70000000,
    "netIncome": 150000000,
    "netIncomeRatio": 0.0177032928,
    "eps": 0.31,
    "epsdiluted": 0.31,
    "weightedAverageShsOut": 481000000,
    "weightedAverageShsOutDil": 495800000,
    "link": "https://www.sec.gov/Archives/edgar/data/764478/000110465907000684/0001104659-07-000684-index.htm",
    "finalLink": "https://www.sec.gov/Archives/edgar/data/764478/000110465907000684/a06-26549_110q.htm"
  },
  {
    "date": "2006-08-26",
    "symbol": "BBY",
    "reportedCurrency": "USD",
    "cik": "0000764478",
    "fillingDate": "2006-10-05",
    "acceptedDate": "2006-10-05 17:14:48",
    "calendarYear": "2007",
    "period": "Q2",
    "revenue": 7603000000,
    "costOfRevenue": 5701000000,
    "grossProfit": 1902000000,
    "grossProfitRatio": 0.2501644088,
    "researchAndDevelopmentExpenses": 0,
    "generalAndAdministrativeExpenses": 0,
    "sellingAndMarketingExpenses": 0,
    "sellingGeneralAndAdministrativeExpenses": 1572000000,
    "otherExpenses": 0,
    "operatingExpenses": 1572000000,
    "costAndExpenses": 7273000000,
    "interestIncome": 0,
    "interestExpense": 0,
    "depreciationAndAmortization": 125000000,
    "ebitda": 455000000,
    "ebitdaratio": 0.0598447981,
    "operatingIncome": 330000000,
    "operatingIncomeRatio": 0.0434039195,
    "totalOtherIncomeExpensesNet": 21000000,
    "incomeBeforeTax": 351000000,
    "incomeBeforeTaxRatio": 0.0461659871,
    "incomeTaxExpense": 121000000,
    "netIncome": 230000000,
    "netIncomeRatio": 0.0302512166,
    "eps": 0.48,
    "epsdiluted": 0.47,
    "weightedAverageShsOut": 482000000,
    "weightedAverageShsOutDil": 496500000,
    "link": "https://www.sec.gov/Archives/edgar/data/764478/000110465906065271/0001104659-06-065271-index.htm",
    "finalLink": "https://www.sec.gov/Archives/edgar/data/764478/000110465906065271/a06-20560_110q.htm"
  },
  {
    "date": "2006-05-27",
    "symbol": "BBY",
    "reportedCurrency": "USD",
    "cik": "0000764478",
    "fillingDate": "2006-07-06",
    "acceptedDate": "2006-07-06 16:48:26",
    "calendarYear": "2007",
    "period": "Q1",
    "revenue": 6959000000,
    "costOfRevenue": 5194000000,
    "grossProfit": 1765000000,
    "grossProfitRatio": 0.2536283949,
    "researchAndDevelopmentExpenses": 0,
    "generalAndAdministrativeExpenses": 0,
    "sellingAndMarketingExpenses": 0,
    "sellingGeneralAndAdministrativeExpenses": 1428000000,
    "otherExpenses": 0,
    "operatingExpenses": 1428000000,
    "costAndExpenses": 6622000000,
    "interestIncome": 0,
    "interestExpense": 23000000,
    "depreciationAndAmortization": 121000000,
    "ebitda": 458000000,
    "ebitdaratio": 0.0658140537,
    "operatingIncome": 337000000,
    "operatingIncomeRatio": 0.0484264981,
    "totalOtherIncomeExpensesNet": 23000000,
    "incomeBeforeTax": 360000000,
    "incomeBeforeTaxRatio": 0.0517315706,
    "incomeTaxExpense": 126000000,
    "netIncome": 234000000,
    "netIncomeRatio": 0.0336255209,
    "eps": 0.48,
    "epsdiluted": 0.47,
    "weightedAverageShsOut": 484600000,
    "weightedAverageShsOutDil": 500800000,
    "link": "https://www.sec.gov/Archives/edgar/data/764478/000110465906045699/0001104659-06-045699-index.htm",
    "finalLink": "https://www.sec.gov/Archives/edgar/data/764478/000110465906045699/a06-14734_110q.htm"
  },
  {
    "date": "2006-02-25",
    "symbol": "BBY",
    "reportedCurrency": "USD",
    "cik": "0000764478",
    "fillingDate": "2006-05-10",
    "acceptedDate": "2006-05-10 16:17:14",
    "calendarYear": "2006",
    "period": "Q4",
    "revenue": 10693000000,
    "costOfRevenue": 8024000000,
    "grossProfit": 2669000000,
    "grossProfitRatio": 0.2496025437,
    "researchAndDevelopmentExpenses": 0,
    "generalAndAdministrativeExpenses": 4368000000,
    "sellingAndMarketingExpenses": 0,
    "sellingGeneralAndAdministrativeExpenses": 1714000000,
    "otherExpenses": 0,
    "operatingExpenses": 1714000000,
    "costAndExpenses": 9738000000,
    "interestIncome": 0,
    "interestExpense": 0,
    "depreciationAndAmortization": 123000000,
    "ebitda": 1078000000,
    "ebitdaratio": 0.1008136164,
    "operatingIncome": 955000000,
    "operatingIncomeRatio": 0.0893107641,
    "totalOtherIncomeExpensesNet": -549000000,
    "incomeBeforeTax": 987000000,
    "incomeBeforeTaxRatio": 0.092303376,
    "incomeTaxExpense": 343000000,
    "netIncome": 644000000,
    "netIncomeRatio": 0.0602263163,
    "eps": 1.33,
    "epsdiluted": 1.29,
    "weightedAverageShsOut": 484600000,
    "weightedAverageShsOutDil": 500800000,
    "link": "https://www.sec.gov/Archives/edgar/data/764478/000110465906033306/0001104659-06-033306-index.htm",
    "finalLink": "https://www.sec.gov/Archives/edgar/data/764478/000110465906033306/a06-10808_110k.htm"
  },
  {
    "date": "2005-11-26",
    "symbol": "BBY",
    "reportedCurrency": "USD",
    "cik": "0000764478",
    "fillingDate": "2006-01-05",
    "acceptedDate": "2006-01-05 17:19:02",
    "calendarYear": "2006",
    "period": "Q3",
    "revenue": 7335000000,
    "costOfRevenue": 5547000000,
    "grossProfit": 1788000000,
    "grossProfitRatio": 0.2437627812,
    "researchAndDevelopmentExpenses": 0,
    "generalAndAdministrativeExpenses": 0,
    "sellingAndMarketingExpenses": 0,
    "sellingGeneralAndAdministrativeExpenses": 1599000000,
    "otherExpenses": 0,
    "operatingExpenses": 1599000000,
    "costAndExpenses": 7146000000,
    "interestIncome": 0,
    "interestExpense": 14000000,
    "depreciationAndAmortization": 111000000,
    "ebitda": 300000000,
    "ebitdaratio": 0.0408997955,
    "operatingIncome": 189000000,
    "operatingIncomeRatio": 0.0257668712,
    "totalOtherIncomeExpensesNet": 14000000,
    "incomeBeforeTax": 203000000,
    "incomeBeforeTaxRatio": 0.0276755283,
    "incomeTaxExpense": 65000000,
    "netIncome": 138000000,
    "netIncomeRatio": 0.0188139059,
    "eps": 0.28,
    "epsdiluted": 0.28,
    "weightedAverageShsOut": 491100000,
    "weightedAverageShsOutDil": 507200000,
    "link": "https://www.sec.gov/Archives/edgar/data/764478/000110465906000692/0001104659-06-000692-index.htm",
    "finalLink": "https://www.sec.gov/Archives/edgar/data/764478/000110465906000692/a05-22368_110q.htm"
  },
  {
    "date": "2005-08-27",
    "symbol": "BBY",
    "reportedCurrency": "USD",
    "cik": "0000764478",
    "fillingDate": "2005-10-06",
    "acceptedDate": "2005-10-06 17:08:10",
    "calendarYear": "2006",
    "period": "Q2",
    "revenue": 6702000000,
    "costOfRevenue": 4991000000,
    "grossProfit": 1711000000,
    "grossProfitRatio": 0.2552969263,
    "researchAndDevelopmentExpenses": 0,
    "generalAndAdministrativeExpenses": 0,
    "sellingAndMarketingExpenses": 0,
    "sellingGeneralAndAdministrativeExpenses": 1450000000,
    "otherExpenses": 0,
    "operatingExpenses": 1450000000,
    "costAndExpenses": 6441000000,
    "interestIncome": 0,
    "interestExpense": 18000000,
    "depreciationAndAmortization": 113000000,
    "ebitda": 374000000,
    "ebitdaratio": 0.0558042375,
    "operatingIncome": 261000000,
    "operatingIncomeRatio": 0.0389435989,
    "totalOtherIncomeExpensesNet": 18000000,
    "incomeBeforeTax": 279000000,
    "incomeBeforeTaxRatio": 0.0416293644,
    "incomeTaxExpense": 91000000,
    "netIncome": 188000000,
    "netIncomeRatio": 0.028051328,
    "eps": 0.38,
    "epsdiluted": 0.37,
    "weightedAverageShsOut": 491200000,
    "weightedAverageShsOutDil": 509100000,
    "link": "https://www.sec.gov/Archives/edgar/data/764478/000110465905047547/0001104659-05-047547-index.htm",
    "finalLink": "https://www.sec.gov/Archives/edgar/data/764478/000110465905047547/a05-17050_110q.htm"
  },
  {
    "date": "2005-05-28",
    "symbol": "BBY",
    "reportedCurrency": "USD",
    "cik": "0000764478",
    "fillingDate": "2005-07-07",
    "acceptedDate": "2005-07-07 16:40:24",
    "calendarYear": "2006",
    "period": "Q1",
    "revenue": 6118000000,
    "costOfRevenue": 4560000000,
    "grossProfit": 1558000000,
    "grossProfitRatio": 0.2546583851,
    "researchAndDevelopmentExpenses": 0,
    "generalAndAdministrativeExpenses": 0,
    "sellingAndMarketingExpenses": 0,
    "sellingGeneralAndAdministrativeExpenses": 1319000000,
    "otherExpenses": 0,
    "operatingExpenses": 1319000000,
    "costAndExpenses": 5879000000,
    "interestIncome": 0,
    "interestExpense": 13000000,
    "depreciationAndAmortization": 109000000,
    "ebitda": 348000000,
    "ebitdaratio": 0.0568813338,
    "operatingIncome": 239000000,
    "operatingIncomeRatio": 0.0390650539,
    "totalOtherIncomeExpensesNet": 13000000,
    "incomeBeforeTax": 252000000,
    "incomeBeforeTaxRatio": 0.0411899314,
    "incomeTaxExpense": 82000000,
    "netIncome": 170000000,
    "netIncomeRatio": 0.0277868585,
    "eps": 0.35,
    "epsdiluted": 0.34,
    "weightedAverageShsOut": 491200000,
    "weightedAverageShsOutDil": 505300000,
    "link": "https://www.sec.gov/Archives/edgar/data/764478/000110465905031538/0001104659-05-031538-index.htm",
    "finalLink": "https://www.sec.gov/Archives/edgar/data/764478/000110465905031538/a05-11756_110q.htm"
  },
  {
    "date": "2005-02-26",
    "symbol": "BBY",
    "reportedCurrency": "USD",
    "cik": "0000764478",
    "fillingDate": "2005-05-10",
    "acceptedDate": "2005-05-10 17:23:03",
    "calendarYear": "2005",
    "period": "Q4",
    "revenue": 9227000000,
    "costOfRevenue": 7304000000,
    "grossProfit": 1923000000,
    "grossProfitRatio": 0.2084101008,
    "researchAndDevelopmentExpenses": 0,
    "generalAndAdministrativeExpenses": 0,
    "sellingAndMarketingExpenses": 0,
    "sellingGeneralAndAdministrativeExpenses": 1140000000,
    "otherExpenses": 0,
    "operatingExpenses": 1140000000,
    "costAndExpenses": 8444000000,
    "interestIncome": 0,
    "interestExpense": 6000000,
    "depreciationAndAmortization": 147000000,
    "ebitda": 930000000,
    "ebitdaratio": 0.1007911564,
    "operatingIncome": 783000000,
    "operatingIncomeRatio": 0.084859651,
    "totalOtherIncomeExpensesNet": -6000000,
    "incomeBeforeTax": 777000000,
    "incomeBeforeTaxRatio": 0.0842093855,
    "incomeTaxExpense": 255000000,
    "netIncome": 572000000,
    "netIncomeRatio": 0.0619919801,
    "eps": 1.16,
    "epsdiluted": 1.13,
    "weightedAverageShsOut": 491004498,
    "weightedAverageShsOutDil": 504947526,
    "link": "https://www.sec.gov/Archives/edgar/data/764478/000104746905014212/0001047469-05-014212-index.htm",
    "finalLink": "https://www.sec.gov/Archives/edgar/data/764478/000104746905014212/a2157382z10-k.htm"
  },
  {
    "date": "2004-11-27",
    "symbol": "BBY",
    "reportedCurrency": "USD",
    "cik": "0000764478",
    "fillingDate": "2005-01-06",
    "acceptedDate": "2005-01-06 17:11:39",
    "calendarYear": "2005",
    "period": "Q3",
    "revenue": 6646000000,
    "costOfRevenue": 5104000000,
    "grossProfit": 1543000000,
    "grossProfitRatio": 0.2321697262,
    "researchAndDevelopmentExpenses": 0,
    "generalAndAdministrativeExpenses": 0,
    "sellingAndMarketingExpenses": 0,
    "sellingGeneralAndAdministrativeExpenses": 1310000000,
    "otherExpenses": 0,
    "operatingExpenses": 1310000000,
    "costAndExpenses": 6414000000,
    "interestIncome": 0,
    "interestExpense": 0,
    "depreciationAndAmortization": 106000000,
    "ebitda": 358000000,
    "ebitdaratio": 0.0538669877,
    "operatingIncome": 233000000,
    "operatingIncomeRatio": 0.0350586819,
    "totalOtherIncomeExpensesNet": 6000000,
    "incomeBeforeTax": 239000000,
    "incomeBeforeTaxRatio": 0.0359614806,
    "incomeTaxExpense": 91000000,
    "netIncome": 148000000,
    "netIncomeRatio": 0.022269034,
    "eps": 0.3,
    "epsdiluted": 0.3,
    "weightedAverageShsOut": 488900000,
    "weightedAverageShsOutDil": 506600000,
    "link": "https://www.sec.gov/Archives/edgar/data/764478/000110465905000623/0001104659-05-000623-index.htm",
    "finalLink": "https://www.sec.gov/Archives/edgar/data/764478/000110465905000623/a04-15310_110q.htm"
  },
  {
    "date": "2004-08-28",
    "symbol": "BBY",
    "reportedCurrency": "USD",
    "cik": "0000764478",
    "fillingDate": "2004-10-04",
    "acceptedDate": "2004-10-01 18:24:30",
    "calendarYear": "2005",
    "period": "Q2",
    "revenue": 6080000000,
    "costOfRevenue": 4528000000,
    "grossProfit": 1552000000,
    "grossProfitRatio": 0.2552631579,
    "researchAndDevelopmentExpenses": 0,
    "generalAndAdministrativeExpenses": 0,
    "sellingAndMarketingExpenses": 0,
    "sellingGeneralAndAdministrativeExpenses": 1310000000,
    "otherExpenses": 0,
    "operatingExpenses": 1310000000,
    "costAndExpenses": 5838000000,
    "interestIncome": 0,
    "interestExpense": 0,
    "depreciationAndAmortization": 103000000,
    "ebitda": 345000000,
    "ebitdaratio": 0.0567434211,
    "operatingIncome": 242000000,
    "operatingIncomeRatio": 0.0398026316,
    "totalOtherIncomeExpensesNet": 1000000,
    "incomeBeforeTax": 243000000,
    "incomeBeforeTaxRatio": 0.0399671053,
    "incomeTaxExpense": 93000000,
    "netIncome": 150000000,
    "netIncomeRatio": 0.0246710526,
    "eps": 0.31,
    "epsdiluted": 0.3,
    "weightedAverageShsOut": 487100000,
    "weightedAverageShsOutDil": 502700000,
    "link": "https://www.sec.gov/Archives/edgar/data/764478/000110465904029402/0001104659-04-029402-index.htm",
    "finalLink": "https://www.sec.gov/Archives/edgar/data/764478/000110465904029402/a04-11042_110q.htm"
  },
  {
    "date": "2004-05-29",
    "symbol": "BBY",
    "reportedCurrency": "USD",
    "cik": "0000764478",
    "fillingDate": "2004-07-02",
    "acceptedDate": "2004-07-01 20:36:27",
    "calendarYear": "2005",
    "period": "Q1",
    "revenue": 5475000000,
    "costOfRevenue": 4086000000,
    "grossProfit": 1389000000,
    "grossProfitRatio": 0.2536986301,
    "researchAndDevelopmentExpenses": 0,
    "generalAndAdministrativeExpenses": 0,
    "sellingAndMarketingExpenses": 0,
    "sellingGeneralAndAdministrativeExpenses": 1205000000,
    "otherExpenses": 0,
    "operatingExpenses": 1205000000,
    "costAndExpenses": 5291000000,
    "interestIncome": 0,
    "interestExpense": 0,
    "depreciationAndAmortization": 103000000,
    "ebitda": 287000000,
    "ebitdaratio": 0.0524200913,
    "operatingIncome": 184000000,
    "operatingIncomeRatio": 0.0336073059,
    "totalOtherIncomeExpensesNet": 0,
    "incomeBeforeTax": 184000000,
    "incomeBeforeTaxRatio": 0.0336073059,
    "incomeTaxExpense": 70000000,
    "netIncome": 114000000,
    "netIncomeRatio": 0.0208219178,
    "eps": 0.23,
    "epsdiluted": 0.23,
    "weightedAverageShsOut": 486806597,
    "weightedAverageShsOutDil": 494452774,
    "link": "https://www.sec.gov/Archives/edgar/data/764478/000110465904018810/0001104659-04-018810-index.htm",
    "finalLink": "https://www.sec.gov/Archives/edgar/data/764478/000110465904018810/a04-7461_110q.htm"
  },
  {
    "date": "2004-02-28",
    "symbol": "BBY",
    "reportedCurrency": "USD",
    "cik": "0000764478",
    "fillingDate": "2004-04-29",
    "acceptedDate": "2004-04-28 17:38:02",
    "calendarYear": "2004",
    "period": "Q4",
    "revenue": 8449000000,
    "costOfRevenue": 6307000000,
    "grossProfit": 2142000000,
    "grossProfitRatio": 0.2535211268,
    "researchAndDevelopmentExpenses": 0,
    "generalAndAdministrativeExpenses": 0,
    "sellingAndMarketingExpenses": 0,
    "sellingGeneralAndAdministrativeExpenses": 1383000000,
    "otherExpenses": 0,
    "operatingExpenses": 1383000000,
    "costAndExpenses": 7690000000,
    "interestIncome": 0,
    "interestExpense": 17000000,
    "depreciationAndAmortization": 102000000,
    "ebitda": 861000000,
    "ebitdaratio": 0.101905551,
    "operatingIncome": 759000000,
    "operatingIncomeRatio": 0.0898331163,
    "totalOtherIncomeExpensesNet": 1000000,
    "incomeBeforeTax": 760000000,
    "incomeBeforeTaxRatio": 0.0899514735,
    "incomeTaxExpense": 291000000,
    "netIncome": 469000000,
    "netIncomeRatio": 0.0555095278,
    "eps": 0.96,
    "epsdiluted": 0.95,
    "weightedAverageShsOut": 486806597,
    "weightedAverageShsOutDil": 494452774,
    "link": "https://www.sec.gov/Archives/edgar/data/764478/000104746904014114/0001047469-04-014114-index.htm",
    "finalLink": "https://www.sec.gov/Archives/edgar/data/764478/000104746904014114/a2134459z10-k.htm"
  },
  {
    "date": "2003-11-29",
    "symbol": "BBY",
    "reportedCurrency": "USD",
    "cik": "0000764478",
    "fillingDate": "2004-01-06",
    "acceptedDate": "2004-01-05 21:36:22",
    "calendarYear": "2004",
    "period": "Q3",
    "revenue": 6034000000,
    "costOfRevenue": 4546000000,
    "grossProfit": 1486000000,
    "grossProfitRatio": 0.2462711303,
    "researchAndDevelopmentExpenses": 0,
    "generalAndAdministrativeExpenses": 0,
    "sellingAndMarketingExpenses": 0,
    "sellingGeneralAndAdministrativeExpenses": 1284000000,
    "otherExpenses": 0,
    "operatingExpenses": 1284000000,
    "costAndExpenses": 5830000000,
    "interestIncome": 0,
    "interestExpense": 0,
    "depreciationAndAmortization": 93000000,
    "ebitda": 300000000,
    "ebitdaratio": 0.0497182632,
    "operatingIncome": 202000000,
    "operatingIncomeRatio": 0.0334769639,
    "totalOtherIncomeExpensesNet": -4000000,
    "incomeBeforeTax": 198000000,
    "incomeBeforeTaxRatio": 0.0328140537,
    "incomeTaxExpense": 76000000,
    "netIncome": 122000000,
    "netIncomeRatio": 0.0202187604,
    "eps": 0.25,
    "epsdiluted": 0.25,
    "weightedAverageShsOut": 486056972,
    "weightedAverageShsOutDil": 495502249,
    "link": "https://www.sec.gov/Archives/edgar/data/764478/000110465904000148/0001104659-04-000148-index.htm",
    "finalLink": "https://www.sec.gov/Archives/edgar/data/764478/000110465904000148/a03-6597_110q.htm"
  },
  {
    "date": "2003-08-30",
    "symbol": "BBY",
    "reportedCurrency": "USD",
    "cik": "0000764478",
    "fillingDate": "2003-10-06",
    "acceptedDate": "2003-10-06 17:23:06",
    "calendarYear": "2004",
    "period": "Q2",
    "revenue": 5396000000,
    "costOfRevenue": 4024000000,
    "grossProfit": 1372000000,
    "grossProfitRatio": 0.2542624166,
    "researchAndDevelopmentExpenses": 0,
    "generalAndAdministrativeExpenses": 0,
    "sellingAndMarketingExpenses": 0,
    "sellingGeneralAndAdministrativeExpenses": 1143000000,
    "otherExpenses": 0,
    "operatingExpenses": 1143000000,
    "costAndExpenses": 5167000000,
    "interestIncome": 0,
    "interestExpense": 0,
    "depreciationAndAmortization": 92000000,
    "ebitda": 316000000,
    "ebitdaratio": 0.0585618977,
    "operatingIncome": 229000000,
    "operatingIncomeRatio": 0.0424388436,
    "totalOtherIncomeExpensesNet": -3000000,
    "incomeBeforeTax": 226000000,
    "incomeBeforeTaxRatio": 0.0418828762,
    "incomeTaxExpense": 86000000,
    "netIncome": 141000000,
    "netIncomeRatio": 0.026130467,
    "eps": 0.29,
    "epsdiluted": 0.28,
    "weightedAverageShsOut": 484107946,
    "weightedAverageShsOutDil": 491454273,
    "link": "https://www.sec.gov/Archives/edgar/data/764478/000110465903022305/0001104659-03-022305-index.htm",
    "finalLink": "https://www.sec.gov/Archives/edgar/data/764478/000110465903022305/a03-3800_110q.htm"
  },
  {
    "date": "2003-05-31",
    "symbol": "BBY",
    "reportedCurrency": "USD",
    "cik": "0000764478",
    "fillingDate": "2003-07-15",
    "acceptedDate": "2003-07-15 16:09:44",
    "calendarYear": "2004",
    "period": "Q1",
    "revenue": 4668000000,
    "costOfRevenue": 3483000000,
    "grossProfit": 1185000000,
    "grossProfitRatio": 0.2538560411,
    "researchAndDevelopmentExpenses": 0,
    "generalAndAdministrativeExpenses": 0,
    "sellingAndMarketingExpenses": 0,
    "sellingGeneralAndAdministrativeExpenses": 1071000000,
    "otherExpenses": 0,
    "operatingExpenses": 1071000000,
    "costAndExpenses": 4554000000,
    "interestIncome": 0,
    "interestExpense": 2000000,
    "depreciationAndAmortization": 98000000,
    "ebitda": 212000000,
    "ebitdaratio": 0.0454155955,
    "operatingIncome": 114000000,
    "operatingIncomeRatio": 0.0244215938,
    "totalOtherIncomeExpensesNet": -2000000,
    "incomeBeforeTax": 112000000,
    "incomeBeforeTaxRatio": 0.0239931448,
    "incomeTaxExpense": 43000000,
    "netIncome": -25000000,
    "netIncomeRatio": -0.0053556127,
    "eps": -0.0518,
    "epsdiluted": -0.0513,
    "weightedAverageShsOut": 483000000,
    "weightedAverageShsOutDil": 487800000,
    "link": "https://www.sec.gov/Archives/edgar/data/764478/000110465903014814/0001104659-03-014814-index.htm",
    "finalLink": "https://www.sec.gov/Archives/edgar/data/764478/000110465903014814/a03-1034_110q.htm"
  },
  {
    "date": "2003-03-01",
    "symbol": "BBY",
    "reportedCurrency": "USD",
    "cik": "0000764478",
    "fillingDate": "2003-05-30",
    "acceptedDate": "2003-05-29 19:23:33",
    "calendarYear": "2003",
    "period": "Q4",
    "revenue": 5847000000,
    "costOfRevenue": 3992000000,
    "grossProfit": 1855000000,
    "grossProfitRatio": 0.3172567128,
    "researchAndDevelopmentExpenses": 0,
    "generalAndAdministrativeExpenses": 0,
    "sellingAndMarketingExpenses": 1000000,
    "sellingGeneralAndAdministrativeExpenses": 1202000000,
    "otherExpenses": 0,
    "operatingExpenses": 1202000000,
    "costAndExpenses": 5194000000,
    "interestIncome": 0,
    "interestExpense": 0,
    "depreciationAndAmortization": 45000000,
    "ebitda": 698000000,
    "ebitdaratio": 0.1193774585,
    "operatingIncome": 653000000,
    "operatingIncomeRatio": 0.111681204,
    "totalOtherIncomeExpensesNet": 8000000,
    "incomeBeforeTax": 661000000,
    "incomeBeforeTaxRatio": 0.1130494271,
    "incomeTaxExpense": 256000000,
    "netIncome": 230000000,
    "netIncomeRatio": 0.0393364118,
    "eps": 0.84,
    "epsdiluted": 0.83,
    "weightedAverageShsOut": 483000000,
    "weightedAverageShsOutDil": 487800000,
    "link": "https://www.sec.gov/Archives/edgar/data/764478/000110465903011338/0001104659-03-011338-index.htm",
    "finalLink": "https://www.sec.gov/Archives/edgar/data/764478/000110465903011338/j1536_10k.htm"
  },
  {
    "date": "2002-11-30",
    "symbol": "BBY",
    "reportedCurrency": "USD",
    "cik": "0000764478",
    "fillingDate": "2003-01-14",
    "acceptedDate": "2003-01-14 17:32:14",
    "calendarYear": "2003",
    "period": "Q3",
    "revenue": 5505000000,
    "costOfRevenue": 3881000000,
    "grossProfit": 1250000000,
    "grossProfitRatio": 0.2270663034,
    "researchAndDevelopmentExpenses": 0,
    "generalAndAdministrativeExpenses": 0,
    "sellingAndMarketingExpenses": 0,
    "sellingGeneralAndAdministrativeExpenses": 1110000000,
    "otherExpenses": 0,
    "operatingExpenses": 1110000000,
    "costAndExpenses": 4991000000,
    "interestIncome": 0,
    "interestExpense": 1000000,
    "depreciationAndAmortization": 94000000,
    "ebitda": 194000000,
    "ebitdaratio": 0.0352406903,
    "operatingIncome": 140000000,
    "operatingIncomeRatio": 0.025431426,
    "totalOtherIncomeExpensesNet": -1000000,
    "incomeBeforeTax": 138000000,
    "incomeBeforeTaxRatio": 0.0250681199,
    "incomeTaxExpense": 53000000,
    "netIncome": 85000000,
    "netIncomeRatio": 0.0154405086,
    "eps": 0.13,
    "epsdiluted": 0.13,
    "weightedAverageShsOut": 482008996,
    "weightedAverageShsOutDil": 485907046,
    "link": "https://www.sec.gov/Archives/edgar/data/764478/000110465903000262/0001104659-03-000262-index.htm",
    "finalLink": "https://www.sec.gov/Archives/edgar/data/764478/000110465903000262/j6583_10q.htm"
  },
  {
    "date": "2002-08-31",
    "symbol": "BBY",
    "reportedCurrency": "USD",
    "cik": "0000764478",
    "fillingDate": "2002-10-15",
    "acceptedDate": "2002-10-15 15:25:07",
    "calendarYear": "2003",
    "period": "Q2",
    "revenue": 5008000000,
    "costOfRevenue": 3879000000,
    "grossProfit": 1129000000,
    "grossProfitRatio": 0.2254392971,
    "researchAndDevelopmentExpenses": 0,
    "generalAndAdministrativeExpenses": 0,
    "sellingAndMarketingExpenses": 0,
    "sellingGeneralAndAdministrativeExpenses": 1026000000,
    "otherExpenses": 0,
    "operatingExpenses": 1026000000,
    "costAndExpenses": 4905000000,
    "interestIncome": 0,
    "interestExpense": 3000000,
    "depreciationAndAmortization": 86000000,
    "ebitda": 189000000,
    "ebitdaratio": 0.0377396166,
    "operatingIncome": 103000000,
    "operatingIncomeRatio": 0.0205670927,
    "totalOtherIncomeExpensesNet": -3000000,
    "incomeBeforeTax": 100000000,
    "incomeBeforeTaxRatio": 0.0199680511,
    "incomeTaxExpense": 38000000,
    "netIncome": 62000000,
    "netIncomeRatio": 0.0123801917,
    "eps": 0.13,
    "epsdiluted": 0.13,
    "weightedAverageShsOut": 481950000,
    "weightedAverageShsOutDil": 486750000,
    "link": "https://www.sec.gov/Archives/edgar/data/764478/000110465902004918/0001104659-02-004918-index.htm",
    "finalLink": "https://www.sec.gov/Archives/edgar/data/764478/000110465902004918/j5324_10q.htm"
  },
  {
    "date": "2002-06-01",
    "symbol": "BBY",
    "reportedCurrency": "USD",
    "cik": "0000764478",
    "fillingDate": "2002-07-16",
    "acceptedDate": "2002-07-16 16:20:43",
    "calendarYear": "2003",
    "period": "Q1",
    "revenue": 4586000000,
    "costOfRevenue": 3521000000,
    "grossProfit": 1065000000,
    "grossProfitRatio": 0.2322285216,
    "researchAndDevelopmentExpenses": 0,
    "generalAndAdministrativeExpenses": 0,
    "sellingAndMarketingExpenses": 0,
    "sellingGeneralAndAdministrativeExpenses": 950000000,
    "otherExpenses": 0,
    "operatingExpenses": 950000000,
    "costAndExpenses": 4471000000,
    "interestIncome": 0,
    "interestExpense": 1000000,
    "depreciationAndAmortization": 85000000,
    "ebitda": 200000000,
    "ebitdaratio": 0.04361099,
    "operatingIncome": 115000000,
    "operatingIncomeRatio": 0.0250763192,
    "totalOtherIncomeExpensesNet": 0,
    "incomeBeforeTax": 115000000,
    "incomeBeforeTaxRatio": 0.0250763192,
    "incomeTaxExpense": 45000000,
    "netIncome": 70000000,
    "netIncomeRatio": 0.0152638465,
    "eps": 0.15,
    "epsdiluted": 0.15,
    "weightedAverageShsOut": 479760120,
    "weightedAverageShsOutDil": 489205397,
    "link": "https://www.sec.gov/Archives/edgar/data/764478/000110465902003072/0001104659-02-003072-index.htm",
    "finalLink": "https://www.sec.gov/Archives/edgar/data/764478/000110465902003072/j4291_10q.htm"
  },
  {
    "date": "2002-03-02",
    "symbol": "BBY",
    "reportedCurrency": "USD",
    "cik": "0000764478",
    "fillingDate": "2002-05-30",
    "acceptedDate": "2002-05-30 17:28:38",
    "calendarYear": "2002",
    "period": "Q4",
    "revenue": 6980000000,
    "costOfRevenue": 5372000000,
    "grossProfit": 1608000000,
    "grossProfitRatio": 0.2303724928,
    "researchAndDevelopmentExpenses": 0,
    "generalAndAdministrativeExpenses": 0,
    "sellingAndMarketingExpenses": 202000000,
    "sellingGeneralAndAdministrativeExpenses": 1038000000,
    "otherExpenses": 0,
    "operatingExpenses": 1038000000,
    "costAndExpenses": 6410000000,
    "interestIncome": 0,
    "interestExpense": 0,
    "depreciationAndAmortization": 98000000,
    "ebitda": 668000000,
    "ebitdaratio": 0.0957020057,
    "operatingIncome": 570000000,
    "operatingIncomeRatio": 0.0816618911,
    "totalOtherIncomeExpensesNet": 5000000,
    "incomeBeforeTax": 575000000,
    "incomeBeforeTaxRatio": 0.0823782235,
    "incomeTaxExpense": 225000000,
    "netIncome": 350000000,
    "netIncomeRatio": 0.0501432665,
    "eps": 0.78,
    "epsdiluted": 0.77,
    "weightedAverageShsOut": 479760120,
    "weightedAverageShsOutDil": 489205397,
    "link": "https://www.sec.gov/Archives/edgar/data/764478/000110465902002715/0001104659-02-002715-index.htm",
    "finalLink": "https://www.sec.gov/Archives/edgar/data/764478/000110465902002715/j4013_10k.htm"
  },
  {
    "date": "2001-12-01",
    "symbol": "BBY",
    "reportedCurrency": "USD",
    "cik": "0000764478",
    "fillingDate": "2002-01-07",
    "acceptedDate": "2002-01-07 00:00:00",
    "calendarYear": "2002",
    "period": "Q3",
    "revenue": 4756000000,
    "costOfRevenue": 3728000000,
    "grossProfit": 1028000000,
    "grossProfitRatio": 0.2161480235,
    "researchAndDevelopmentExpenses": 0,
    "generalAndAdministrativeExpenses": 0,
    "sellingAndMarketingExpenses": 0,
    "sellingGeneralAndAdministrativeExpenses": 899000000,
    "otherExpenses": 0,
    "operatingExpenses": 899000000,
    "costAndExpenses": 4627000000,
    "interestIncome": 0,
    "interestExpense": 15000000,
    "depreciationAndAmortization": 77000000,
    "ebitda": 206000000,
    "ebitdaratio": 0.043313709,
    "operatingIncome": 129000000,
    "operatingIncomeRatio": 0.0271236333,
    "totalOtherIncomeExpensesNet": 3000000,
    "incomeBeforeTax": 132000000,
    "incomeBeforeTaxRatio": 0.0277544155,
    "incomeTaxExpense": 52000000,
    "netIncome": 80000000,
    "netIncomeRatio": 0.0168208579,
    "eps": 0.17,
    "epsdiluted": 0.16,
    "weightedAverageShsOut": 474500381,
    "weightedAverageShsOutDil": 482817063,
    "link": "https://www.sec.gov/Archives/edgar/data/764478/000110465902000013/0001104659-02-000013-index.htm",
    "finalLink": "https://www.sec.gov/Archives/edgar/data/764478/000110465902000013/j2609_10q.htm"
  },
  {
    "date": "2001-09-01",
    "symbol": "BBY",
    "reportedCurrency": "USD",
    "cik": "0000764478",
    "fillingDate": "2001-10-11",
    "acceptedDate": "2001-10-11 00:00:00",
    "calendarYear": "2002",
    "period": "Q2",
    "revenue": 4164000000,
    "costOfRevenue": 3216000000,
    "grossProfit": 948000000,
    "grossProfitRatio": 0.2276657061,
    "researchAndDevelopmentExpenses": 0,
    "generalAndAdministrativeExpenses": 0,
    "sellingAndMarketingExpenses": 0,
    "sellingGeneralAndAdministrativeExpenses": 800000000,
    "otherExpenses": 0,
    "operatingExpenses": 800000000,
    "costAndExpenses": 4016000000,
    "interestIncome": 0,
    "interestExpense": 0,
    "depreciationAndAmortization": 67000000,
    "ebitda": 215000000,
    "ebitdaratio": 0.0516330451,
    "operatingIncome": 148000000,
    "operatingIncomeRatio": 0.0355427474,
    "totalOtherIncomeExpensesNet": -10000000,
    "incomeBeforeTax": 138000000,
    "incomeBeforeTaxRatio": 0.0331412104,
    "incomeTaxExpense": 53000000,
    "netIncome": 85000000,
    "netIncomeRatio": 0.0204130644,
    "eps": 0.18,
    "epsdiluted": 0.17,
    "weightedAverageShsOut": 473151730,
    "weightedAverageShsOutDil": 483716163,
    "link": "https://www.sec.gov/Archives/edgar/data/764478/000110465901502268/0001104659-01-502268-index.htm",
    "finalLink": "https://www.sec.gov/Archives/edgar/data/764478/000110465901502268/j1773_10q.htm"
  },
  {
    "date": "2001-06-02",
    "symbol": "BBY",
    "reportedCurrency": "USD",
    "cik": "0000764478",
    "fillingDate": "2001-07-17",
    "acceptedDate": "2001-07-17 00:00:00",
    "calendarYear": "2002",
    "period": "Q1",
    "revenue": 3697000000,
    "costOfRevenue": 2851000000,
    "grossProfit": 846000000,
    "grossProfitRatio": 0.2288341899,
    "researchAndDevelopmentExpenses": 0,
    "generalAndAdministrativeExpenses": 0,
    "sellingAndMarketingExpenses": 0,
    "sellingGeneralAndAdministrativeExpenses": 756000000,
    "otherExpenses": 0,
    "operatingExpenses": 756000000,
    "costAndExpenses": 3607000000,
    "interestIncome": 0,
    "interestExpense": 1000000,
    "depreciationAndAmortization": 67000000,
    "ebitda": 157000000,
    "ebitdaratio": 0.042466865,
    "operatingIncome": 90000000,
    "operatingIncomeRatio": 0.0243440628,
    "totalOtherIncomeExpensesNet": 1000000,
    "incomeBeforeTax": 91000000,
    "incomeBeforeTaxRatio": 0.0246145523,
    "incomeTaxExpense": 36000000,
    "netIncome": 55000000,
    "netIncomeRatio": 0.0148769272,
    "eps": 0.12,
    "epsdiluted": 0.12,
    "weightedAverageShsOut": 469715142,
    "weightedAverageShsOutDil": 479910045,
    "link": "https://www.sec.gov/Archives/edgar/data/764478/000110465901501039/0001104659-01-501039-index.htm",
    "finalLink": "https://www.sec.gov/Archives/edgar/data/764478/000110465901501039/j0948_10q.htm"
  },
  {
    "date": "2001-03-03",
    "symbol": "BBY",
    "reportedCurrency": "USD",
    "cik": "0000764478",
    "fillingDate": "2001-06-01",
    "acceptedDate": "2001-06-01 00:00:00",
    "calendarYear": "2001",
    "period": "Q4",
    "revenue": 5461583000,
    "costOfRevenue": 4295464000,
    "grossProfit": 1166119000,
    "grossProfitRatio": 0.2135130053,
    "researchAndDevelopmentExpenses": 0,
    "generalAndAdministrativeExpenses": 1634000000,
    "sellingAndMarketingExpenses": -498000,
    "sellingGeneralAndAdministrativeExpenses": 820287000,
    "otherExpenses": 50405000,
    "operatingExpenses": 870692000,
    "costAndExpenses": 5166156000,
    "interestIncome": 0,
    "interestExpense": 12000000,
    "depreciationAndAmortization": 50405000,
    "ebitda": 513201000,
    "ebitdaratio": 0.093965614,
    "operatingIncome": 295427000,
    "operatingIncomeRatio": 0.0540918265,
    "totalOtherIncomeExpensesNet": 11983000,
    "incomeBeforeTax": 307410000,
    "incomeBeforeTaxRatio": 0.056285879,
    "incomeTaxExpense": 117740000,
    "netIncome": 189670000,
    "netIncomeRatio": 0.0347280267,
    "eps": 0.4,
    "epsdiluted": 0.4,
    "weightedAverageShsOut": 469330552,
    "weightedAverageShsOutDil": 479670210,
    "link": "https://www.sec.gov/Archives/edgar/data/764478/000091205701518254/0000912057-01-518254-index.htm",
    "finalLink": "https://www.sec.gov/Archives/edgar/data/764478/000091205701518254/a2049390z10-k.htm"
  },
  {
    "date": "2000-11-25",
    "symbol": "BBY",
    "reportedCurrency": "USD",
    "cik": "0000764478",
    "fillingDate": "2001-01-05",
    "acceptedDate": "2001-01-05 00:00:00",
    "calendarYear": "2001",
    "period": "Q3",
    "revenue": 3732080000,
    "costOfRevenue": 2998542000,
    "grossProfit": 733538000,
    "grossProfitRatio": 0.1965493773,
    "researchAndDevelopmentExpenses": 0,
    "generalAndAdministrativeExpenses": 0,
    "sellingAndMarketingExpenses": 0,
    "sellingGeneralAndAdministrativeExpenses": 604028000,
    "otherExpenses": 44497000,
    "operatingExpenses": 648525000,
    "costAndExpenses": 3647067000,
    "interestIncome": 0,
    "interestExpense": 8000000,
    "depreciationAndAmortization": 44497000,
    "ebitda": 129510000,
    "ebitdaratio": 0.0347018285,
    "operatingIncome": 85013000,
    "operatingIncomeRatio": 0.0227789865,
    "totalOtherIncomeExpensesNet": 7750000,
    "incomeBeforeTax": 92763000,
    "incomeBeforeTaxRatio": 0.0248555765,
    "incomeTaxExpense": 35500000,
    "netIncome": 57263000,
    "netIncomeRatio": 0.0153434546,
    "eps": 0.12,
    "epsdiluted": 0.12,
    "weightedAverageShsOut": 466819814,
    "weightedAverageShsOutDil": 478786844,
    "link": "https://www.sec.gov/Archives/edgar/data/764478/000091205701000455/0000912057-01-000455-index.htm",
    "finalLink": "https://www.sec.gov/Archives/edgar/data/764478/000091205701000455/a2034599z10-q.htm"
  },
  {
    "date": "2000-08-26",
    "symbol": "BBY",
    "reportedCurrency": "USD",
    "cik": "0000764478",
    "fillingDate": "2000-10-10",
    "acceptedDate": "2000-10-10 00:00:00",
    "calendarYear": "2001",
    "period": "Q2",
    "revenue": 3169171000,
    "costOfRevenue": 2481741000,
    "grossProfit": 687430000,
    "grossProfitRatio": 0.2169116151,
    "researchAndDevelopmentExpenses": 0,
    "generalAndAdministrativeExpenses": 0,
    "sellingAndMarketingExpenses": 0,
    "sellingGeneralAndAdministrativeExpenses": 533395000,
    "otherExpenses": 38685000,
    "operatingExpenses": 572080000,
    "costAndExpenses": 3053821000,
    "interestIncome": 0,
    "interestExpense": 9000000,
    "depreciationAndAmortization": 38685000,
    "ebitda": 154035000,
    "ebitdaratio": 0.0486041933,
    "operatingIncome": 115350000,
    "operatingIncomeRatio": 0.0363975311,
    "totalOtherIncomeExpensesNet": 8998000,
    "incomeBeforeTax": 124348000,
    "incomeBeforeTaxRatio": 0.0392367594,
    "incomeTaxExpense": 47600000,
    "netIncome": 76748000,
    "netIncomeRatio": 0.0242170587,
    "eps": 0.16,
    "epsdiluted": 0.16,
    "weightedAverageShsOut": 465543090,
    "weightedAverageShsOutDil": 479975904,
    "link": "https://www.sec.gov/Archives/edgar/data/764478/000091205700044161/0000912057-00-044161-index.htm",
    "finalLink": "https://www.sec.gov/Archives/edgar/data/764478/000091205700044161/a2027335z10-q.htm"
  },
  {
    "date": "2000-05-27",
    "symbol": "BBY",
    "reportedCurrency": "USD",
    "cik": "0000764478",
    "fillingDate": "2000-07-10",
    "acceptedDate": "2000-07-10 00:00:00",
    "calendarYear": "2001",
    "period": "Q1",
    "revenue": 2963718000,
    "costOfRevenue": 2324343000,
    "grossProfit": 639375000,
    "grossProfitRatio": 0.2157340881,
    "researchAndDevelopmentExpenses": 0,
    "generalAndAdministrativeExpenses": 0,
    "sellingAndMarketingExpenses": 0,
    "sellingGeneralAndAdministrativeExpenses": 497075000,
    "otherExpenses": 33782000,
    "operatingExpenses": 530857000,
    "costAndExpenses": 2855200000,
    "interestIncome": 0,
    "interestExpense": 8000000,
    "depreciationAndAmortization": 33782000,
    "ebitda": 142300000,
    "ebitdaratio": 0.0480140148,
    "operatingIncome": 108518000,
    "operatingIncomeRatio": 0.0366154945,
    "totalOtherIncomeExpensesNet": 8440000,
    "incomeBeforeTax": 116958000,
    "incomeBeforeTaxRatio": 0.0394632688,
    "incomeTaxExpense": 44800000,
    "netIncome": 72158000,
    "netIncomeRatio": 0.0243471207,
    "eps": 0.16,
    "epsdiluted": 0.15,
    "weightedAverageShsOut": 458615520,
    "weightedAverageShsOutDil": 475446685,
    "link": "https://www.sec.gov/Archives/edgar/data/764478/000091205700031304/0000912057-00-031304-index.htm",
    "finalLink": "https://www.sec.gov/Archives/edgar/data/764478/000091205700031304/a10-q.htm"
  },
  {
    "date": "2000-02-26",
    "symbol": "BBY",
    "reportedCurrency": "USD",
    "cik": "0000764478",
    "fillingDate": "2000-05-24",
    "acceptedDate": "2000-05-24 00:00:00",
    "calendarYear": "2000",
    "period": "Q4",
    "revenue": 4314623000,
    "costOfRevenue": 3465653000,
    "grossProfit": 848970000,
    "grossProfitRatio": 0.1967657429,
    "researchAndDevelopmentExpenses": 0,
    "generalAndAdministrativeExpenses": 1299000000,
    "sellingAndMarketingExpenses": 0,
    "sellingGeneralAndAdministrativeExpenses": 555170000,
    "otherExpenses": 38441000,
    "operatingExpenses": 593611000,
    "costAndExpenses": 4059264000,
    "interestIncome": 0,
    "interestExpense": 10000000,
    "depreciationAndAmortization": 38441000,
    "ebitda": 293800000,
    "ebitdaratio": 0.0680940142,
    "operatingIncome": 255359000,
    "operatingIncomeRatio": 0.0591845452,
    "totalOtherIncomeExpensesNet": 10111000,
    "incomeBeforeTax": 265470000,
    "incomeBeforeTaxRatio": 0.0615279713,
    "incomeTaxExpense": 101700000,
    "netIncome": 163770000,
    "netIncomeRatio": 0.0379569663,
    "eps": 0.36,
    "epsdiluted": 0.34,
    "weightedAverageShsOut": 458615520,
    "weightedAverageShsOutDil": 475446685,
    "link": "https://www.sec.gov/Archives/edgar/data/764478/000091205700026218/0000912057-00-026218-index.html",
    "finalLink": "https://www.sec.gov/Archives/edgar/data/764478/000091205700026218/0000912057-00-026218-d1.html"
  },
  {
    "date": "1999-11-27",
    "symbol": "BBY",
    "reportedCurrency": "USD",
    "cik": "0000764478",
    "fillingDate": "2000-01-11",
    "acceptedDate": "2000-01-11 00:00:00",
    "calendarYear": "2000",
    "period": "Q3",
    "revenue": 3107300000,
    "costOfRevenue": 2492000000,
    "grossProfit": 615300000,
    "grossProfitRatio": 0.1980175715,
    "researchAndDevelopmentExpenses": 0,
    "generalAndAdministrativeExpenses": 0,
    "sellingAndMarketingExpenses": 0,
    "sellingGeneralAndAdministrativeExpenses": 467800000,
    "otherExpenses": 25000000,
    "operatingExpenses": 492800000,
    "costAndExpenses": 2984800000,
    "interestIncome": 0,
    "interestExpense": 4000000,
    "depreciationAndAmortization": 25000000,
    "ebitda": 147500000,
    "ebitdaratio": 0.0474688636,
    "operatingIncome": 122500000,
    "operatingIncomeRatio": 0.0394232935,
    "totalOtherIncomeExpensesNet": 4600000,
    "incomeBeforeTax": 127100000,
    "incomeBeforeTaxRatio": 0.0409036784,
    "incomeTaxExpense": 48700000,
    "netIncome": 78400000,
    "netIncomeRatio": 0.0252309079,
    "eps": 0.17,
    "epsdiluted": 0.16,
    "weightedAverageShsOut": 463746170,
    "weightedAverageShsOutDil": 476280155,
    "link": "https://www.sec.gov/Archives/edgar/data/764478/000091205700000855/0000912057-00-000855-index.html",
    "finalLink": "https://www.sec.gov/Archives/edgar/data/764478/000091205700000855/"
  },
  {
    "date": "1999-08-28",
    "symbol": "BBY",
    "reportedCurrency": "USD",
    "cik": "0000764478",
    "fillingDate": "1999-10-12",
    "acceptedDate": "1999-10-12 00:00:00",
    "calendarYear": "2000",
    "period": "Q2",
    "revenue": 2688200000,
    "costOfRevenue": 2133600000,
    "grossProfit": 553000000,
    "grossProfitRatio": 0.2057138606,
    "researchAndDevelopmentExpenses": 0,
    "generalAndAdministrativeExpenses": 0,
    "sellingAndMarketingExpenses": 0,
    "sellingGeneralAndAdministrativeExpenses": 440900000,
    "otherExpenses": 22500000,
    "operatingExpenses": 463400000,
    "costAndExpenses": 2597000000,
    "interestIncome": 0,
    "interestExpense": 4000000,
    "depreciationAndAmortization": 22500000,
    "ebitda": 112100000,
    "ebitdaratio": 0.0417007663,
    "operatingIncome": 89600000,
    "operatingIncomeRatio": 0.0333308534,
    "totalOtherIncomeExpensesNet": 4200000,
    "incomeBeforeTax": 95400000,
    "incomeBeforeTaxRatio": 0.0354884309,
    "incomeTaxExpense": 36400000,
    "netIncome": 59000000,
    "netIncomeRatio": 0.0219477717,
    "eps": 0.12,
    "epsdiluted": 0.12,
    "weightedAverageShsOut": 466408175,
    "weightedAverageShsOutDil": 483682984,
    "link": "https://www.sec.gov/Archives/edgar/data/764478/000104746999038507/0001047469-99-038507-index.html",
    "finalLink": "https://www.sec.gov/Archives/edgar/data/764478/000104746999038507/"
  },
  {
    "date": "1999-05-29",
    "symbol": "BBY",
    "reportedCurrency": "USD",
    "cik": "0000764478",
    "fillingDate": "1999-07-12",
    "acceptedDate": "1999-07-12 00:00:00",
    "calendarYear": "2000",
    "period": "Q1",
    "revenue": 2386200000,
    "costOfRevenue": 1899800000,
    "grossProfit": 485600000,
    "grossProfitRatio": 0.2035034783,
    "researchAndDevelopmentExpenses": 0,
    "generalAndAdministrativeExpenses": 0,
    "sellingAndMarketingExpenses": 0,
    "sellingGeneralAndAdministrativeExpenses": 390300000,
    "otherExpenses": 23600000,
    "operatingExpenses": 413900000,
    "costAndExpenses": 2313700000,
    "interestIncome": 0,
    "interestExpense": 4000000,
    "depreciationAndAmortization": 23600000,
    "ebitda": 95300000,
    "ebitdaratio": 0.0399379767,
    "operatingIncome": 71700000,
    "operatingIncomeRatio": 0.0300477747,
    "totalOtherIncomeExpensesNet": 4400000,
    "incomeBeforeTax": 76900000,
    "incomeBeforeTaxRatio": 0.0322269718,
    "incomeTaxExpense": 29600000,
    "netIncome": 47300000,
    "netIncomeRatio": 0.0198223116,
    "eps": 0.1,
    "epsdiluted": 0.0979,
    "weightedAverageShsOut": 457370705,
    "weightedAverageShsOutDil": 478156034,
    "link": "https://www.sec.gov/Archives/edgar/data/764478/000104746999027127/0001047469-99-027127-index.html",
    "finalLink": "https://www.sec.gov/Archives/edgar/data/764478/000104746999027127/"
  },
  {
    "date": "1999-02-27",
    "symbol": "BBY",
    "reportedCurrency": "USD",
    "cik": "0000764478",
    "fillingDate": "1999-05-27",
    "acceptedDate": "1999-05-27 00:00:00",
    "calendarYear": "1999",
    "period": "Q4",
    "revenue": 3458300000,
    "costOfRevenue": 2818600000,
    "grossProfit": 639700000,
    "grossProfitRatio": 0.1849752769,
    "researchAndDevelopmentExpenses": 0,
    "generalAndAdministrativeExpenses": 0,
    "sellingAndMarketingExpenses": 0,
    "sellingGeneralAndAdministrativeExpenses": 445600000,
    "otherExpenses": 22000000,
    "operatingExpenses": 467600000,
    "costAndExpenses": 3286200000,
    "interestIncome": 0,
    "interestExpense": 7000000,
    "depreciationAndAmortization": 22000000,
    "ebitda": 194100000,
    "ebitdaratio": 0.0561258422,
    "operatingIncome": 172100000,
    "operatingIncomeRatio": 0.0497643351,
    "totalOtherIncomeExpensesNet": 7100000,
    "incomeBeforeTax": 179200000,
    "incomeBeforeTaxRatio": 0.0518173669,
    "incomeTaxExpense": 69000000,
    "netIncome": 110200000,
    "netIncomeRatio": 0.0318653674,
    "eps": 0.24,
    "epsdiluted": 0.23,
    "weightedAverageShsOut": 462257144,
    "weightedAverageShsOutDil": 483264539,
    "link": "https://www.sec.gov/Archives/edgar/data/764478/000104746999022429/0001047469-99-022429-index.html",
    "finalLink": "https://www.sec.gov/Archives/edgar/data/764478/000104746999022429/"
  },
  {
    "date": "1998-11-28",
    "symbol": "BBY",
    "reportedCurrency": "USD",
    "cik": "0000764478",
    "fillingDate": "1999-01-12",
    "acceptedDate": "1999-01-12 00:00:00",
    "calendarYear": "1999",
    "period": "Q3",
    "revenue": 2493800000,
    "costOfRevenue": 2028200000,
    "grossProfit": 464300000,
    "grossProfitRatio": 0.1861817307,
    "researchAndDevelopmentExpenses": 0,
    "generalAndAdministrativeExpenses": 0,
    "sellingAndMarketingExpenses": 0,
    "sellingGeneralAndAdministrativeExpenses": 354000000,
    "otherExpenses": 20100000,
    "operatingExpenses": 374100000,
    "costAndExpenses": 2402300000,
    "interestIncome": 0,
    "interestExpense": 0,
    "depreciationAndAmortization": 20100000,
    "ebitda": 110300000,
    "ebitdaratio": 0.0442296896,
    "operatingIncome": 90200000,
    "operatingIncomeRatio": 0.0361697009,
    "totalOtherIncomeExpensesNet": -3200000,
    "incomeBeforeTax": 88400000,
    "incomeBeforeTaxRatio": 0.0354479108,
    "incomeTaxExpense": 34000000,
    "netIncome": 54400000,
    "netIncomeRatio": 0.021814099,
    "eps": 0.12,
    "epsdiluted": 0.11,
    "weightedAverageShsOut": 445387945,
    "weightedAverageShsOutDil": 481019942,
    "link": "https://www.sec.gov/Archives/edgar/data/764478/000104746999000837/0001047469-99-000837-index.html",
    "finalLink": "https://www.sec.gov/Archives/edgar/data/764478/"
  },
  {
    "date": "1998-08-29",
    "symbol": "BBY",
    "reportedCurrency": "USD",
    "cik": "0000764478",
    "fillingDate": "1998-10-09",
    "acceptedDate": "1998-10-09 00:00:00",
    "calendarYear": "1999",
    "period": "Q2",
    "revenue": 2182100000,
    "costOfRevenue": 1753100000,
    "grossProfit": 429000000,
    "grossProfitRatio": 0.1965996059,
    "researchAndDevelopmentExpenses": 0,
    "generalAndAdministrativeExpenses": 0,
    "sellingAndMarketingExpenses": 0,
    "sellingGeneralAndAdministrativeExpenses": 337600000,
    "otherExpenses": 18700000,
    "operatingExpenses": 356300000,
    "costAndExpenses": 2109400000,
    "interestIncome": 0,
    "interestExpense": 0,
    "depreciationAndAmortization": 18700000,
    "ebitda": 91400000,
    "ebitdaratio": 0.0418862564,
    "operatingIncome": 72700000,
    "operatingIncomeRatio": 0.0333165299,
    "totalOtherIncomeExpensesNet": -900000,
    "incomeBeforeTax": 71800000,
    "incomeBeforeTaxRatio": 0.0329040832,
    "incomeTaxExpense": 27700000,
    "netIncome": 44100000,
    "netIncomeRatio": 0.0202098896,
    "eps": 0.0979,
    "epsdiluted": 0.0934,
    "weightedAverageShsOut": 450570109,
    "weightedAverageShsOutDil": 472026288,
    "link": "https://www.sec.gov/Archives/edgar/data/764478/000104746998036905/0001047469-98-036905-index.html",
    "finalLink": "https://www.sec.gov/Archives/edgar/data/764478/"
  },
  {
    "date": "1998-05-30",
    "symbol": "BBY",
    "reportedCurrency": "USD",
    "cik": "0000764478",
    "fillingDate": "1998-07-10",
    "acceptedDate": "1998-07-10 00:00:00",
    "calendarYear": "1999",
    "period": "Q1",
    "revenue": 1943700000,
    "costOfRevenue": 1571800000,
    "grossProfit": 371900000,
    "grossProfitRatio": 0.1913361115,
    "researchAndDevelopmentExpenses": 0,
    "generalAndAdministrativeExpenses": 0,
    "sellingAndMarketingExpenses": 0,
    "sellingGeneralAndAdministrativeExpenses": 326200000,
    "otherExpenses": 17600000,
    "operatingExpenses": 343800000,
    "costAndExpenses": 1915600000,
    "interestIncome": 0,
    "interestExpense": 0,
    "depreciationAndAmortization": 17600000,
    "ebitda": 45700000,
    "ebitdaratio": 0.0235118588,
    "operatingIncome": 28100000,
    "operatingIncomeRatio": 0.0144569635,
    "totalOtherIncomeExpensesNet": -2600000,
    "incomeBeforeTax": 25500000,
    "incomeBeforeTaxRatio": 0.0131193085,
    "incomeTaxExpense": 9800000,
    "netIncome": 15700000,
    "netIncomeRatio": 0.0080773782,
    "eps": 0.0356,
    "epsdiluted": 0.0356,
    "weightedAverageShsOut": 441122756,
    "weightedAverageShsOutDil": 441122756,
    "link": "https://www.sec.gov/Archives/edgar/data/764478/000104746998026970/0001047469-98-026970-index.html",
    "finalLink": "https://www.sec.gov/Archives/edgar/data/764478/"
  },
  {
    "date": "1998-02-28",
    "symbol": "BBY",
    "reportedCurrency": "USD",
    "cik": "0000764478",
    "fillingDate": "1998-05-28",
    "acceptedDate": "1998-05-28 00:00:00",
    "calendarYear": "1998",
    "period": "Q4",
    "revenue": 2852100000,
    "costOfRevenue": 2378900000,
    "grossProfit": 473200000,
    "grossProfitRatio": 0.1659128362,
    "researchAndDevelopmentExpenses": 0,
    "generalAndAdministrativeExpenses": 0,
    "sellingAndMarketingExpenses": 0,
    "sellingGeneralAndAdministrativeExpenses": 348700000,
    "otherExpenses": 15700000,
    "operatingExpenses": 364400000,
    "costAndExpenses": 2743300000,
    "interestIncome": 0,
    "interestExpense": 4800000,
    "depreciationAndAmortization": 15700000,
    "ebitda": 124500000,
    "ebitdaratio": 0.0436520459,
    "operatingIncome": 108800000,
    "operatingIncomeRatio": 0.03814733,
    "totalOtherIncomeExpensesNet": -4800000,
    "incomeBeforeTax": 104000000,
    "incomeBeforeTaxRatio": 0.0364643596,
    "incomeTaxExpense": 39900000,
    "netIncome": 64100000,
    "netIncomeRatio": 0.0224746678,
    "eps": 0.15,
    "epsdiluted": 0.15,
    "weightedAverageShsOut": 441122756,
    "weightedAverageShsOutDil": 441122756,
    "link": "https://www.sec.gov/Archives/edgar/data/764478/000104746998022027/0001047469-98-022027-index.html",
    "finalLink": "https://www.sec.gov/Archives/edgar/data/764478/"
  },
  {
    "date": "1997-11-29",
    "symbol": "BBY",
    "reportedCurrency": "USD",
    "cik": "0000764478",
    "fillingDate": "1998-01-07",
    "acceptedDate": "1998-01-07 00:00:00",
    "calendarYear": "1998",
    "period": "Q3",
    "revenue": 2106400000,
    "costOfRevenue": 1751200000,
    "grossProfit": 355200000,
    "grossProfitRatio": 0.1686289404,
    "researchAndDevelopmentExpenses": 0,
    "generalAndAdministrativeExpenses": 0,
    "sellingAndMarketingExpenses": 0,
    "sellingGeneralAndAdministrativeExpenses": 285000000,
    "otherExpenses": 17300000,
    "operatingExpenses": 302300000,
    "costAndExpenses": 2053500000,
    "interestIncome": 0,
    "interestExpense": 0,
    "depreciationAndAmortization": 17300000,
    "ebitda": 70200000,
    "ebitdaratio": 0.0333270034,
    "operatingIncome": 52900000,
    "operatingIncomeRatio": 0.0251139385,
    "totalOtherIncomeExpensesNet": -9600000,
    "incomeBeforeTax": 43300000,
    "incomeBeforeTaxRatio": 0.0205563995,
    "incomeTaxExpense": 16900000,
    "netIncome": 26400000,
    "netIncomeRatio": 0.0125332321,
    "eps": 0.0667,
    "epsdiluted": 0.0667,
    "weightedAverageShsOut": 395606372,
    "weightedAverageShsOutDil": 395606372,
    "link": "https://www.sec.gov/Archives/edgar/data/764478/000104746998000372/0001047469-98-000372-index.html",
    "finalLink": "https://www.sec.gov/Archives/edgar/data/764478/"
  },
  {
    "date": "1997-08-30",
    "symbol": "BBY",
    "reportedCurrency": "USD",
    "cik": "0000764478",
    "fillingDate": "1997-10-10",
    "acceptedDate": "1997-10-10 00:00:00",
    "calendarYear": "1998",
    "period": "Q2",
    "revenue": 1793200000,
    "costOfRevenue": 1486100000,
    "grossProfit": 307100000,
    "grossProfitRatio": 0.1712580861,
    "researchAndDevelopmentExpenses": 0,
    "generalAndAdministrativeExpenses": 0,
    "sellingAndMarketingExpenses": 0,
    "sellingGeneralAndAdministrativeExpenses": 269000000,
    "otherExpenses": 18200000,
    "operatingExpenses": 287200000,
    "costAndExpenses": 1773300000,
    "interestIncome": 0,
    "interestExpense": 0,
    "depreciationAndAmortization": 18200000,
    "ebitda": 38100000,
    "ebitdaratio": 0.0212469329,
    "operatingIncome": 19900000,
    "operatingIncomeRatio": 0.0110974794,
    "totalOtherIncomeExpensesNet": -9100000,
    "incomeBeforeTax": 10800000,
    "incomeBeforeTaxRatio": 0.0060227526,
    "incomeTaxExpense": 4200000,
    "netIncome": 6600000,
    "netIncomeRatio": 0.003680571,
    "eps": 0.0178,
    "epsdiluted": 0.0178,
    "weightedAverageShsOut": 370869858,
    "weightedAverageShsOutDil": 370869858,
    "link": "https://www.sec.gov/Archives/edgar/data/764478/000104746997000477/0001047469-97-000477-index.html",
    "finalLink": "https://www.sec.gov/Archives/edgar/data/764478/"
  },
  {
    "date": "1997-05-31",
    "symbol": "BBY",
    "reportedCurrency": "USD",
    "cik": "0000764478",
    "fillingDate": "1997-07-11",
    "acceptedDate": "1997-07-11 00:00:00",
    "calendarYear": "1998",
    "period": "Q1",
    "revenue": 1606600000,
    "costOfRevenue": 1341600000,
    "grossProfit": 265000000,
    "grossProfitRatio": 0.1649446035,
    "researchAndDevelopmentExpenses": 0,
    "generalAndAdministrativeExpenses": 0,
    "sellingAndMarketingExpenses": 0,
    "sellingGeneralAndAdministrativeExpenses": 242700000,
    "otherExpenses": 17100000,
    "operatingExpenses": 259800000,
    "costAndExpenses": 1601400000,
    "interestIncome": 0,
    "interestExpense": 9500000,
    "depreciationAndAmortization": 17100000,
    "ebitda": 22300000,
    "ebitdaratio": 0.013880244,
    "operatingIncome": 5200000,
    "operatingIncomeRatio": 0.0032366488,
    "totalOtherIncomeExpensesNet": -9500000,
    "incomeBeforeTax": -4300000,
    "incomeBeforeTaxRatio": -0.0026764596,
    "incomeTaxExpense": -1700000,
    "netIncome": -2600000,
    "netIncomeRatio": -0.0016183244,
    "eps": -0.0089,
    "epsdiluted": -0.0089,
    "weightedAverageShsOut": 292200494,
    "weightedAverageShsOutDil": 292200494,
    "link": "https://www.sec.gov/Archives/edgar/data/764478/000091205797023961/0000912057-97-023961-index.html",
    "finalLink": "https://www.sec.gov/Archives/edgar/data/764478/"
  },
  {
    "date": "1997-03-31",
    "symbol": "BBY",
    "reportedCurrency": "USD",
    "cik": "0000764478",
    "fillingDate": "1997-05-28",
    "acceptedDate": "1997-05-28 00:00:00",
    "calendarYear": "1997",
    "period": "Q4",
    "revenue": 2347600000,
    "costOfRevenue": 2005600000,
    "grossProfit": 342000000,
    "grossProfitRatio": 0.1456806952,
    "researchAndDevelopmentExpenses": 0,
    "generalAndAdministrativeExpenses": 0,
    "sellingAndMarketingExpenses": 0,
    "sellingGeneralAndAdministrativeExpenses": 302100000,
    "otherExpenses": 16100000,
    "operatingExpenses": 318200000,
    "costAndExpenses": 2323800000,
    "interestIncome": 0,
    "interestExpense": 0,
    "depreciationAndAmortization": 16100000,
    "ebitda": 39900000,
    "ebitdaratio": 0.0169960811,
    "operatingIncome": 23800000,
    "operatingIncomeRatio": 0.0101380133,
    "totalOtherIncomeExpensesNet": -9900000,
    "incomeBeforeTax": 13900000,
    "incomeBeforeTaxRatio": 0.0059209405,
    "incomeTaxExpense": 5400000,
    "netIncome": 8500000,
    "netIncomeRatio": 0.003620719,
    "eps": 0.0231,
    "epsdiluted": 0.0231,
    "weightedAverageShsOut": 367664535,
    "weightedAverageShsOutDil": 367664535,
    "link": "https://www.sec.gov/Archives/edgar/data/764478/000091205797018902/0000912057-97-018902-index.html",
    "finalLink": "https://www.sec.gov/Archives/edgar/data/764478/0000912057-97-018902.txt"
  },
  {
    "date": "1996-11-30",
    "symbol": "BBY",
    "reportedCurrency": "USD",
    "cik": "0000764478",
    "fillingDate": "1997-01-14",
    "acceptedDate": "1997-01-14 00:00:00",
    "calendarYear": "1997",
    "period": "Q3",
    "revenue": 2007300000,
    "costOfRevenue": 1741800000,
    "grossProfit": 265500000,
    "grossProfitRatio": 0.1322672246,
    "researchAndDevelopmentExpenses": 0,
    "generalAndAdministrativeExpenses": 0,
    "sellingAndMarketingExpenses": 0,
    "sellingGeneralAndAdministrativeExpenses": 251900000,
    "otherExpenses": 16800000,
    "operatingExpenses": 268700000,
    "costAndExpenses": 2010500000,
    "interestIncome": 0,
    "interestExpense": 14800000,
    "depreciationAndAmortization": 16800000,
    "ebitda": 13600000,
    "ebitdaratio": 0.0067752703,
    "operatingIncome": -3200000,
    "operatingIncomeRatio": -0.0015941812,
    "totalOtherIncomeExpensesNet": -14800000,
    "incomeBeforeTax": -18000000,
    "incomeBeforeTaxRatio": -0.0089672695,
    "incomeTaxExpense": -7000000,
    "netIncome": -11000000,
    "netIncomeRatio": -0.005479998,
    "eps": -0.0311,
    "epsdiluted": -0.0311,
    "weightedAverageShsOut": 353220731,
    "weightedAverageShsOutDil": 353220731,
    "link": "https://www.sec.gov/Archives/edgar/data/764478/000091205797000854/0000912057-97-000854-index.html",
    "finalLink": "https://www.sec.gov/Archives/edgar/data/764478/"
  },
  {
    "date": "1996-08-31",
    "symbol": "BBY",
    "reportedCurrency": "USD",
    "cik": "0000764478",
    "fillingDate": "1996-10-11",
    "acceptedDate": "1996-10-11 00:00:00",
    "calendarYear": "1997",
    "period": "Q2",
    "revenue": 1778600000,
    "costOfRevenue": 1510100000,
    "grossProfit": 268500000,
    "grossProfitRatio": 0.1509614303,
    "researchAndDevelopmentExpenses": 0,
    "generalAndAdministrativeExpenses": 0,
    "sellingAndMarketingExpenses": 0,
    "sellingGeneralAndAdministrativeExpenses": 232000000,
    "otherExpenses": 16900000,
    "operatingExpenses": 248900000,
    "costAndExpenses": 1759000000,
    "interestIncome": 0,
    "interestExpense": 13400000,
    "depreciationAndAmortization": 16900000,
    "ebitda": 36500000,
    "ebitdaratio": 0.0205217587,
    "operatingIncome": 19600000,
    "operatingIncomeRatio": 0.0110199033,
    "totalOtherIncomeExpensesNet": -13400000,
    "incomeBeforeTax": 6200000,
    "incomeBeforeTaxRatio": 0.0034858878,
    "incomeTaxExpense": 2400000,
    "netIncome": 3800000,
    "netIncomeRatio": 0.0021365119,
    "eps": 0.0089,
    "epsdiluted": 0.0089,
    "weightedAverageShsOut": 427062261,
    "weightedAverageShsOutDil": 427062261,
    "link": "https://www.sec.gov/Archives/edgar/data/764478/000091205796022612/0000912057-96-022612-index.html",
    "finalLink": "https://www.sec.gov/Archives/edgar/data/764478/"
  },
  {
    "date": "1996-06-01",
    "symbol": "BBY",
    "reportedCurrency": "USD",
    "cik": "0000764478",
    "fillingDate": "1996-07-15",
    "acceptedDate": "1996-07-15 00:00:00",
    "calendarYear": "1997",
    "period": "Q1",
    "revenue": 1637200000,
    "costOfRevenue": 1387500000,
    "grossProfit": 249700000,
    "grossProfitRatio": 0.1525164916,
    "researchAndDevelopmentExpenses": 0,
    "generalAndAdministrativeExpenses": 0,
    "sellingAndMarketingExpenses": 0,
    "sellingGeneralAndAdministrativeExpenses": 219700000,
    "otherExpenses": 17000000,
    "operatingExpenses": 236700000,
    "costAndExpenses": 1624200000,
    "interestIncome": 0,
    "interestExpense": 0,
    "depreciationAndAmortization": 17000000,
    "ebitda": 30000000,
    "ebitdaratio": 0.0183239677,
    "operatingIncome": 13000000,
    "operatingIncomeRatio": 0.007940386,
    "totalOtherIncomeExpensesNet": -12300000,
    "incomeBeforeTax": 700000,
    "incomeBeforeTaxRatio": 0.0004275592,
    "incomeTaxExpense": 300000,
    "netIncome": 400000,
    "netIncomeRatio": 0.0002443196,
    "eps": 0.0044,
    "epsdiluted": 0.0044,
    "weightedAverageShsOut": 388116000,
    "weightedAverageShsOutDil": 388116000,
    "link": "https://www.sec.gov/Archives/edgar/data/764478/000091205796014664/0000912057-96-014664-index.html",
    "finalLink": "https://www.sec.gov/Archives/edgar/data/764478/"
  },
  {
    "date": "1996-03-02",
    "symbol": "BBY",
    "reportedCurrency": "USD",
    "cik": "0000764478",
    "fillingDate": "1996-05-31",
    "acceptedDate": "1996-05-31 00:00:00",
    "calendarYear": "1996",
    "period": "Q4",
    "revenue": 2575500000,
    "costOfRevenue": 2246200000,
    "grossProfit": 329300000,
    "grossProfitRatio": 0.1278586682,
    "researchAndDevelopmentExpenses": 0,
    "generalAndAdministrativeExpenses": 0,
    "sellingAndMarketingExpenses": 0,
    "sellingGeneralAndAdministrativeExpenses": 270400000,
    "otherExpenses": 14600000,
    "operatingExpenses": 285000000,
    "costAndExpenses": 2531200000,
    "interestIncome": 0,
    "interestExpense": 0,
    "depreciationAndAmortization": 14600000,
    "ebitda": 58900000,
    "ebitdaratio": 0.0228693458,
    "operatingIncome": 44300000,
    "operatingIncomeRatio": 0.0172005436,
    "totalOtherIncomeExpensesNet": -11900000,
    "incomeBeforeTax": 32400000,
    "incomeBeforeTaxRatio": 0.0125800815,
    "incomeTaxExpense": 12600000,
    "netIncome": 19800000,
    "netIncomeRatio": 0.0076878276,
    "eps": 0.052,
    "epsdiluted": 0.052,
    "weightedAverageShsOut": 388116000,
    "weightedAverageShsOutDil": 388116000,
    "link": "https://www.sec.gov/Archives/edgar/data/764478/000091205796011205/0000912057-96-011205-index.html",
    "finalLink": "https://www.sec.gov/Archives/edgar/data/764478/"
  },
  {
    "date": "1995-11-25",
    "symbol": "BBY",
    "reportedCurrency": "USD",
    "cik": "0000764478",
    "fillingDate": "1996-01-05",
    "acceptedDate": "1996-01-05 00:00:00",
    "calendarYear": "1996",
    "period": "Q3",
    "revenue": 1929300000,
    "costOfRevenue": 1672100000,
    "grossProfit": 257200000,
    "grossProfitRatio": 0.1333126004,
    "researchAndDevelopmentExpenses": 0,
    "generalAndAdministrativeExpenses": 0,
    "sellingAndMarketingExpenses": 0,
    "sellingGeneralAndAdministrativeExpenses": 200300000,
    "otherExpenses": 14300000,
    "operatingExpenses": 214600000,
    "costAndExpenses": 1886700000,
    "interestIncome": 0,
    "interestExpense": 0,
    "depreciationAndAmortization": 14300000,
    "ebitda": 56900000,
    "ebitdaratio": 0.0294925621,
    "operatingIncome": 42600000,
    "operatingIncomeRatio": 0.0220805473,
    "totalOtherIncomeExpensesNet": -13200000,
    "incomeBeforeTax": 29400000,
    "incomeBeforeTaxRatio": 0.0152386876,
    "incomeTaxExpense": 11600000,
    "netIncome": 17800000,
    "netIncomeRatio": 0.0092261442,
    "eps": 0.0489,
    "epsdiluted": 0.0489,
    "weightedAverageShsOut": 363725530,
    "weightedAverageShsOutDil": 363725530,
    "link": "https://www.sec.gov/Archives/edgar/data/764478/000091205796000208/0000912057-96-000208-index.html",
    "finalLink": "https://www.sec.gov/Archives/edgar/data/764478/"
  }
]