[
  {
    "date": "2025-02-01",
    "symbol": "BBY",
    "reportedCurrency": "USD",
    "cik": "0000764478",
    "fillingDate": "2025-03-19",
    "acceptedDate": "2025-03-19 16:21:04",
    "calendarYear": "2025",
    "period": "FY",
    "revenue": 41528000000,
    "costOfRevenue": 32143000000,
    "grossProfit": 9385000000,
    "grossProfitRatio": 0.2259921017,
    "researchAndDevelopmentExpenses": 0,
    "generalAndAdministrativeExpenses": 6784000000,
    "sellingAndMarketingExpenses": 846000000,
    "sellingGeneralAndAdministrativeExpenses": 7651000000,
    "otherExpenses": 0,
    "operatingExpenses": 7643000000,
    "costAndExpenses": 39807000000,
    "interestIncome": 0,
    "interestExpense": 51000000,
    "depreciationAndAmortization": 866000000,
    "ebitda": 2212000000,
    "ebitdaratio": 0.0532652668,
    "operatingIncome": 1721000000,
    "operatingIncomeRatio": 0.0414419187,
    "totalOtherIncomeExpensesNet": -422000000,
    "incomeBeforeTax": 1299000000,
    "incomeBeforeTaxRatio": 0.0312801002,
    "incomeTaxExpense": 372000000,
    "netIncome": 927000000,
    "netIncomeRatio": 0.0223222886,
    "eps": 4.31,
    "epsdiluted": 4.28,
    "weightedAverageShsOut": 215200000,
    "weightedAverageShsOutDil": 216600000,
    "link": "https://www.sec.gov/Archives/edgar/data/764478/000076447825000007/0000764478-25-000007-index.htm",
    "finalLink": "https://www.sec.gov/Archives/edgar/data/764478/000076447825000007/bby-20250201x10k.htm"
  },
  {
    "date": "2024-02-03",
    "symbol": "BBY",
    "reportedCurrency": "USD",
    "cik": "0000764478",
    "fillingDate": "2024-03-15",
    "acceptedDate": "2024-03-15 16:38:57",
    "calendarYear": "2024",
    "period": "FY",
    "revenue": 43452000000,
    "costOfRevenue": 33849000000,
    "grossProfit": 9603000000,
    "grossProfitRatio": 0.2210024855,
    "researchAndDevelopmentExpenses": 0,
    "generalAndAdministrativeExpenses": 7021000000,
    "sellingAndMarketingExpenses": 794000000,
    "sellingGeneralAndAdministrativeExpenses": 7815000000,
    "otherExpenses": 214000000,
    "operatingExpenses": 8029000000,
    "costAndExpenses": 41878000000,
    "interestIncome": 0,
    "interestExpense": 52000000,
    "depreciationAndAmortization": 923000000,
    "ebitda": 2596000000,
    "ebitdaratio": 0.0597440854,
    "operatingIncome": 1574000000,
    "operatingIncomeRatio": 0.0362238792,
    "totalOtherIncomeExpensesNet": 47000000,
    "incomeBeforeTax": 1621000000,
    "incomeBeforeTaxRatio": 0.0373055325,
    "incomeTaxExpense": 381000000,
    "netIncome": 1241000000,
    "netIncomeRatio": 0.0285602504,
    "eps": 5.7,
    "epsdiluted": 5.68,
    "weightedAverageShsOut": 217700000,
    "weightedAverageShsOutDil": 218500000,
    "link": "https://www.sec.gov/Archives/edgar/data/764478/000076447824000010/0000764478-24-000010-index.htm",
    "finalLink": "https://www.sec.gov/Archives/edgar/data/764478/000076447824000010/bby-20240203x10k.htm"
  },
  {
    "date": "2023-01-28",
    "symbol": "BBY",
    "reportedCurrency": "USD",
    "cik": "0000764478",
    "fillingDate": "2023-03-17",
    "acceptedDate": "2023-03-17 17:14:03",
    "calendarYear": "2023",
    "period": "FY",
    "revenue": 46298000000,
    "costOfRevenue": 36386000000,
    "grossProfit": 9912000000,
    "grossProfitRatio": 0.2140913214,
    "researchAndDevelopmentExpenses": 0,
    "generalAndAdministrativeExpenses": 7020000000,
    "sellingAndMarketingExpenses": 864000000,
    "sellingGeneralAndAdministrativeExpenses": 7884000000,
    "otherExpenses": 233000000,
    "operatingExpenses": 8117000000,
    "costAndExpenses": 44503000000,
    "interestIncome": 0,
    "interestExpense": 35000000,
    "depreciationAndAmortization": 918000000,
    "ebitda": 2741000000,
    "ebitdaratio": 0.0592034213,
    "operatingIncome": 1795000000,
    "operatingIncomeRatio": 0.0387705732,
    "totalOtherIncomeExpensesNet": -7000000,
    "incomeBeforeTax": 1788000000,
    "incomeBeforeTaxRatio": 0.0386193788,
    "incomeTaxExpense": 370000000,
    "netIncome": 1419000000,
    "netIncomeRatio": 0.0306492721,
    "eps": 6.31,
    "epsdiluted": 6.29,
    "weightedAverageShsOut": 224800000,
    "weightedAverageShsOutDil": 225700000,
    "link": "https://www.sec.gov/Archives/edgar/data/764478/000076447823000006/0000764478-23-000006-index.htm",
    "finalLink": "https://www.sec.gov/Archives/edgar/data/764478/000076447823000006/bby-20230128x10k.htm"
  },
  {
    "date": "2022-01-29",
    "symbol": "BBY",
    "reportedCurrency": "USD",
    "cik": "0000764478",
    "fillingDate": "2022-03-18",
    "acceptedDate": "2022-03-18 16:12:51",
    "calendarYear": "2022",
    "period": "FY",
    "revenue": 51761000000,
    "costOfRevenue": 40121000000,
    "grossProfit": 11640000000,
    "grossProfitRatio": 0.2248797357,
    "researchAndDevelopmentExpenses": 0,
    "generalAndAdministrativeExpenses": 7627000000,
    "sellingAndMarketingExpenses": 915000000,
    "sellingGeneralAndAdministrativeExpenses": 8542000000,
    "otherExpenses": 59000000,
    "operatingExpenses": 8601000000,
    "costAndExpenses": 48764000000,
    "interestIncome": 0,
    "interestExpense": 25000000,
    "depreciationAndAmortization": 869000000,
    "ebitda": 3918000000,
    "ebitdaratio": 0.0756940554,
    "operatingIncome": 2997000000,
    "operatingIncomeRatio": 0.0579007361,
    "totalOtherIncomeExpensesNet": 31000000,
    "incomeBeforeTax": 3028000000,
    "incomeBeforeTaxRatio": 0.0584996426,
    "incomeTaxExpense": 574000000,
    "netIncome": 2454000000,
    "netIncomeRatio": 0.0474102123,
    "eps": 9.94,
    "epsdiluted": 9.84,
    "weightedAverageShsOut": 246800000,
    "weightedAverageShsOutDil": 249300000,
    "link": "https://www.sec.gov/Archives/edgar/data/764478/000076447822000008/0000764478-22-000008-index.htm",
    "finalLink": "https://www.sec.gov/Archives/edgar/data/764478/000076447822000008/bby-20220129x10k.htm"
  },
  {
    "date": "2021-01-30",
    "symbol": "BBY",
    "reportedCurrency": "USD",
    "cik": "0000764478",
    "fillingDate": "2021-03-19",
    "acceptedDate": "2021-03-19 17:00:45",
    "calendarYear": "2021",
    "period": "FY",
    "revenue": 47262000000,
    "costOfRevenue": 36689000000,
    "grossProfit": 10573000000,
    "grossProfitRatio": 0.2237103804,
    "researchAndDevelopmentExpenses": 0,
    "generalAndAdministrativeExpenses": 0,
    "sellingAndMarketingExpenses": 0,
    "sellingGeneralAndAdministrativeExpenses": 7928000000,
    "otherExpenses": 254000000,
    "operatingExpenses": 8182000000,
    "costAndExpenses": 44871000000,
    "interestIncome": 0,
    "interestExpense": 52000000,
    "depreciationAndAmortization": 839000000,
    "ebitda": 3268000000,
    "ebitdaratio": 0.0691464602,
    "operatingIncome": 2391000000,
    "operatingIncomeRatio": 0.0505903263,
    "totalOtherIncomeExpensesNet": -14000000,
    "incomeBeforeTax": 2377000000,
    "incomeBeforeTaxRatio": 0.0502941052,
    "incomeTaxExpense": 579000000,
    "netIncome": 1798000000,
    "netIncomeRatio": 0.0380432483,
    "eps": 6.93,
    "epsdiluted": 6.84,
    "weightedAverageShsOut": 259600000,
    "weightedAverageShsOutDil": 263000000,
    "link": "https://www.sec.gov/Archives/edgar/data/764478/000076447821000024/0000764478-21-000024-index.htm",
    "finalLink": "https://www.sec.gov/Archives/edgar/data/764478/000076447821000024/bby-20210130x10k.htm"
  },
  {
    "date": "2020-02-01",
    "symbol": "BBY",
    "reportedCurrency": "USD",
    "cik": "0000764478",
    "fillingDate": "2020-03-23",
    "acceptedDate": "2020-03-23 16:42:52",
    "calendarYear": "2020",
    "period": "FY",
    "revenue": 43638000000,
    "costOfRevenue": 33590000000,
    "grossProfit": 10048000000,
    "grossProfitRatio": 0.230258032,
    "researchAndDevelopmentExpenses": 0,
    "generalAndAdministrativeExpenses": 7155000000,
    "sellingAndMarketingExpenses": 840000000,
    "sellingGeneralAndAdministrativeExpenses": 7998000000,
    "otherExpenses": 41000000,
    "operatingExpenses": 8039000000,
    "costAndExpenses": 41629000000,
    "interestIncome": 0,
    "interestExpense": 64000000,
    "depreciationAndAmortization": 812000000,
    "ebitda": 2869000000,
    "ebitdaratio": 0.0657454512,
    "operatingIncome": 2009000000,
    "operatingIncomeRatio": 0.0460378569,
    "totalOtherIncomeExpensesNet": -16000000,
    "incomeBeforeTax": 1993000000,
    "incomeBeforeTaxRatio": 0.045671204,
    "incomeTaxExpense": 452000000,
    "netIncome": 1541000000,
    "netIncomeRatio": 0.0353132591,
    "eps": 5.82,
    "epsdiluted": 5.75,
    "weightedAverageShsOut": 264899999,
    "weightedAverageShsOutDil": 268100000,
    "link": "https://www.sec.gov/Archives/edgar/data/764478/000076447820000017/0000764478-20-000017-index.htm",
    "finalLink": "https://www.sec.gov/Archives/edgar/data/764478/000076447820000017/bby-20200201x10k.htm"
  },
  {
    "date": "2019-02-02",
    "symbol": "BBY",
    "reportedCurrency": "USD",
    "cik": "0000764478",
    "fillingDate": "2019-03-28",
    "acceptedDate": "2019-03-28 16:42:20",
    "calendarYear": "2019",
    "period": "FY",
    "revenue": 42879000000,
    "costOfRevenue": 32918000000,
    "grossProfit": 9961000000,
    "grossProfitRatio": 0.2323048579,
    "researchAndDevelopmentExpenses": 0,
    "generalAndAdministrativeExpenses": 7202000000,
    "sellingAndMarketingExpenses": 777000000,
    "sellingGeneralAndAdministrativeExpenses": 8015000000,
    "otherExpenses": 46000000,
    "operatingExpenses": 8061000000,
    "costAndExpenses": 40979000000,
    "interestIncome": 0,
    "interestExpense": 73000000,
    "depreciationAndAmortization": 770000000,
    "ebitda": 2731000000,
    "ebitdaratio": 0.063690851,
    "operatingIncome": 1900000000,
    "operatingIncomeRatio": 0.0443107349,
    "totalOtherIncomeExpensesNet": -12000000,
    "incomeBeforeTax": 1888000000,
    "incomeBeforeTaxRatio": 0.0440308776,
    "incomeTaxExpense": 424000000,
    "netIncome": 1464000000,
    "netIncomeRatio": 0.0341425873,
    "eps": 5.3,
    "epsdiluted": 5.2,
    "weightedAverageShsOut": 276400000,
    "weightedAverageShsOutDil": 281400000,
    "link": "https://www.sec.gov/Archives/edgar/data/764478/000076447819000009/0000764478-19-000009-index.htm",
    "finalLink": "https://www.sec.gov/Archives/edgar/data/764478/000076447819000009/bby-2019x10k.htm"
  },
  {
    "date": "2018-02-03",
    "symbol": "BBY",
    "reportedCurrency": "USD",
    "cik": "0000764478",
    "fillingDate": "2018-04-02",
    "acceptedDate": "2018-04-02 17:22:02",
    "calendarYear": "2018",
    "period": "FY",
    "revenue": 42151000000,
    "costOfRevenue": 32275000000,
    "grossProfit": 9876000000,
    "grossProfitRatio": 0.2343004911,
    "researchAndDevelopmentExpenses": 0,
    "generalAndAdministrativeExpenses": 7247000000,
    "sellingAndMarketingExpenses": 776000000,
    "sellingGeneralAndAdministrativeExpenses": 8023000000,
    "otherExpenses": 10000000,
    "operatingExpenses": 8033000000,
    "costAndExpenses": 40308000000,
    "interestIncome": 0,
    "interestExpense": 75000000,
    "depreciationAndAmortization": 683000000,
    "ebitda": 2575000000,
    "ebitdaratio": 0.0610898911,
    "operatingIncome": 1843000000,
    "operatingIncomeRatio": 0.0437237551,
    "totalOtherIncomeExpensesNet": -26000000,
    "incomeBeforeTax": 1817000000,
    "incomeBeforeTaxRatio": 0.0431069251,
    "incomeTaxExpense": 818000000,
    "netIncome": 1000000000,
    "netIncomeRatio": 0.0237242296,
    "eps": 3.33,
    "epsdiluted": 3.26,
    "weightedAverageShsOut": 300400000,
    "weightedAverageShsOutDil": 307100000,
    "link": "https://www.sec.gov/Archives/edgar/data/764478/000076447818000013/0000764478-18-000013-index.htm",
    "finalLink": "https://www.sec.gov/Archives/edgar/data/764478/000076447818000013/bby-2018x10k.htm"
  },
  {
    "date": "2017-01-28",
    "symbol": "BBY",
    "reportedCurrency": "USD",
    "cik": "0000764478",
    "fillingDate": "2017-03-24",
    "acceptedDate": "2017-03-24 16:49:37",
    "calendarYear": "2017",
    "period": "FY",
    "revenue": 39403000000,
    "costOfRevenue": 29963000000,
    "grossProfit": 9440000000,
    "grossProfitRatio": 0.2395756668,
    "researchAndDevelopmentExpenses": 0,
    "generalAndAdministrativeExpenses": 6781000000,
    "sellingAndMarketingExpenses": 743000000,
    "sellingGeneralAndAdministrativeExpenses": 7547000000,
    "otherExpenses": 39000000,
    "operatingExpenses": 7586000000,
    "costAndExpenses": 37549000000,
    "interestIncome": 0,
    "interestExpense": 72000000,
    "depreciationAndAmortization": 654000000,
    "ebitda": 2542000000,
    "ebitdaratio": 0.0645128544,
    "operatingIncome": 1854000000,
    "operatingIncomeRatio": 0.0470522549,
    "totalOtherIncomeExpensesNet": -38000000,
    "incomeBeforeTax": 1816000000,
    "incomeBeforeTaxRatio": 0.0460878613,
    "incomeTaxExpense": 609000000,
    "netIncome": 1228000000,
    "netIncomeRatio": 0.0311651397,
    "eps": 3.86,
    "epsdiluted": 3.81,
    "weightedAverageShsOut": 318500000,
    "weightedAverageShsOutDil": 322600000,
    "link": "https://www.sec.gov/Archives/edgar/data/764478/000076447817000008/0000764478-17-000008-index.htm",
    "finalLink": "https://www.sec.gov/Archives/edgar/data/764478/000076447817000008/bby-2017x10k.htm"
  },
  {
    "date": "2016-01-30",
    "symbol": "BBY",
    "reportedCurrency": "USD",
    "cik": "0000764478",
    "fillingDate": "2016-03-23",
    "acceptedDate": "2016-03-23 16:26:21",
    "calendarYear": "2016",
    "period": "FY",
    "revenue": 39528000000,
    "costOfRevenue": 30337000000,
    "grossProfit": 9191000000,
    "grossProfitRatio": 0.2325187209,
    "researchAndDevelopmentExpenses": 0,
    "generalAndAdministrativeExpenses": 6870000000,
    "sellingAndMarketingExpenses": 742000000,
    "sellingGeneralAndAdministrativeExpenses": 7618000000,
    "otherExpenses": 198000000,
    "operatingExpenses": 7816000000,
    "costAndExpenses": 38153000000,
    "interestIncome": 0,
    "interestExpense": 80000000,
    "depreciationAndAmortization": 657000000,
    "ebitda": 2047000000,
    "ebitdaratio": 0.0517860757,
    "operatingIncome": 1375000000,
    "operatingIncomeRatio": 0.0347854685,
    "totalOtherIncomeExpensesNet": -65000000,
    "incomeBeforeTax": 1310000000,
    "incomeBeforeTaxRatio": 0.0331410646,
    "incomeTaxExpense": 503000000,
    "netIncome": 897000000,
    "netIncomeRatio": 0.0226927747,
    "eps": 2.59,
    "epsdiluted": 2.56,
    "weightedAverageShsOut": 346500000,
    "weightedAverageShsOutDil": 350700000,
    "link": "https://www.sec.gov/Archives/edgar/data/764478/000076447816000064/0000764478-16-000064-index.htm",
    "finalLink": "https://www.sec.gov/Archives/edgar/data/764478/000076447816000064/bby-2016x10k.htm"
  },
  {
    "date": "2015-01-31",
    "symbol": "BBY",
    "reportedCurrency": "USD",
    "cik": "0000764478",
    "fillingDate": "2015-03-31",
    "acceptedDate": "2015-03-31 16:12:11",
    "calendarYear": "2015",
    "period": "FY",
    "revenue": 40339000000,
    "costOfRevenue": 31292000000,
    "grossProfit": 9047000000,
    "grossProfitRatio": 0.2242742755,
    "researchAndDevelopmentExpenses": 0,
    "generalAndAdministrativeExpenses": 6839000000,
    "sellingAndMarketingExpenses": 711000000,
    "sellingGeneralAndAdministrativeExpenses": 7592000000,
    "otherExpenses": 5000000,
    "operatingExpenses": 7597000000,
    "costAndExpenses": 38889000000,
    "interestIncome": 0,
    "interestExpense": 90000000,
    "depreciationAndAmortization": 656000000,
    "ebitda": 2133000000,
    "ebitdaratio": 0.0528768685,
    "operatingIncome": 1450000000,
    "operatingIncomeRatio": 0.035945363,
    "totalOtherIncomeExpensesNet": -63000000,
    "incomeBeforeTax": 1387000000,
    "incomeBeforeTaxRatio": 0.034383599,
    "incomeTaxExpense": 141000000,
    "netIncome": 1233000000,
    "netIncomeRatio": 0.0305659535,
    "eps": 3.53,
    "epsdiluted": 3.49,
    "weightedAverageShsOut": 349500000,
    "weightedAverageShsOutDil": 353600000,
    "link": "https://www.sec.gov/Archives/edgar/data/764478/000076447815000014/0000764478-15-000014-index.htm",
    "finalLink": "https://www.sec.gov/Archives/edgar/data/764478/000076447815000014/bby-2015x10k.htm"
  },
  {
    "date": "2014-02-01",
    "symbol": "BBY",
    "reportedCurrency": "USD",
    "cik": "0000764478",
    "fillingDate": "2014-03-28",
    "acceptedDate": "2014-03-28 16:36:53",
    "calendarYear": "2014",
    "period": "FY",
    "revenue": 40611000000,
    "costOfRevenue": 31212000000,
    "grossProfit": 9399000000,
    "grossProfitRatio": 0.2314397577,
    "researchAndDevelopmentExpenses": 0,
    "generalAndAdministrativeExpenses": 7250000000,
    "sellingAndMarketingExpenses": 757000000,
    "sellingGeneralAndAdministrativeExpenses": 8106000000,
    "otherExpenses": 149000000,
    "operatingExpenses": 8255000000,
    "costAndExpenses": 39467000000,
    "interestIncome": 0,
    "interestExpense": 100000000,
    "depreciationAndAmortization": 716000000,
    "ebitda": 1899000000,
    "ebitdaratio": 0.0467607299,
    "operatingIncome": 1144000000,
    "operatingIncomeRatio": 0.0281697077,
    "totalOtherIncomeExpensesNet": -61000000,
    "incomeBeforeTax": 1087000000,
    "incomeBeforeTaxRatio": 0.0267661471,
    "incomeTaxExpense": 398000000,
    "netIncome": 532000000,
    "netIncomeRatio": 0.013099899,
    "eps": 1.56,
    "epsdiluted": 1.53,
    "weightedAverageShsOut": 342100000,
    "weightedAverageShsOutDil": 347600000,
    "link": "https://www.sec.gov/Archives/edgar/data/764478/000076447814000011/0000764478-14-000011-index.htm",
    "finalLink": "https://www.sec.gov/Archives/edgar/data/764478/000076447814000011/bby-2014x10k.htm"
  },
  {
    "date": "2013-02-02",
    "symbol": "BBY",
    "reportedCurrency": "USD",
    "cik": "0000764478",
    "fillingDate": "2013-03-27",
    "acceptedDate": "2013-03-27 12:45:07",
    "calendarYear": "2013",
    "period": "FY",
    "revenue": 41729451068,
    "costOfRevenue": 31885088252,
    "grossProfit": 9844362816,
    "grossProfitRatio": 0.2359092335,
    "researchAndDevelopmentExpenses": 0,
    "generalAndAdministrativeExpenses": 9504000000,
    "sellingAndMarketingExpenses": 766909027,
    "sellingGeneralAndAdministrativeExpenses": 9503000000,
    "otherExpenses": 0,
    "operatingExpenses": 9746181006,
    "costAndExpenses": 41631269258,
    "interestIncome": 33000000,
    "interestExpense": 112000000,
    "depreciationAndAmortization": 832000000,
    "ebitda": 758000000,
    "ebitdaratio": 0.0181646291,
    "operatingIncome": 1274181712,
    "operatingIncomeRatio": 0.0305343511,
    "totalOtherIncomeExpensesNet": -1269818076,
    "incomeBeforeTax": 4363636,
    "incomeBeforeTaxRatio": 0.0001045697,
    "incomeTaxExpense": 286909067,
    "netIncome": -282545431,
    "netIncomeRatio": -0.0067708878,
    "eps": -0.83,
    "epsdiluted": -0.83,
    "weightedAverageShsOut": 338600000,
    "weightedAverageShsOutDil": 338600000,
    "link": "https://www.sec.gov/Archives/edgar/data/764478/000076447813000014/0000764478-13-000014-index.htm",
    "finalLink": "https://www.sec.gov/Archives/edgar/data/764478/000076447813000014/bby-2013x10kt.htm"
  },
  {
    "date": "2012-03-03",
    "symbol": "BBY",
    "reportedCurrency": "USD",
    "cik": "0000764478",
    "fillingDate": "2012-05-01",
    "acceptedDate": "2012-05-01 16:55:30",
    "calendarYear": "2012",
    "period": "FY",
    "revenue": 45457000000,
    "costOfRevenue": 34473000000,
    "grossProfit": 10984000000,
    "grossProfitRatio": 0.2416349517,
    "researchAndDevelopmentExpenses": 0,
    "generalAndAdministrativeExpenses": 0,
    "sellingAndMarketingExpenses": 0,
    "sellingGeneralAndAdministrativeExpenses": 8755000000,
    "otherExpenses": 29000000,
    "operatingExpenses": 8784000000,
    "costAndExpenses": 43257000000,
    "interestIncome": 37000000,
    "interestExpense": 134000000,
    "depreciationAndAmortization": 945000000,
    "ebitda": 3222000000,
    "ebitdaratio": 0.0708801725,
    "operatingIncome": 2200000000,
    "operatingIncomeRatio": 0.0483973865,
    "totalOtherIncomeExpensesNet": -1157000000,
    "incomeBeforeTax": 1043000000,
    "incomeBeforeTaxRatio": 0.022944761,
    "incomeTaxExpense": 709000000,
    "netIncome": -1231000000,
    "netIncomeRatio": -0.0270805377,
    "eps": -3.36,
    "epsdiluted": -3.36,
    "weightedAverageShsOut": 366300000,
    "weightedAverageShsOutDil": 366300000,
    "link": "https://www.sec.gov/Archives/edgar/data/764478/000076447812000035/0000764478-12-000035-index.htm",
    "finalLink": "https://www.sec.gov/Archives/edgar/data/764478/000076447812000035/bby-201210k.htm"
  },
  {
    "date": "2011-02-26",
    "symbol": "BBY",
    "reportedCurrency": "USD",
    "cik": "0000764478",
    "fillingDate": "2011-04-25",
    "acceptedDate": "2011-04-25 17:03:10",
    "calendarYear": "2011",
    "period": "FY",
    "revenue": 50272000000,
    "costOfRevenue": 37206000000,
    "grossProfit": 12541000000,
    "grossProfitRatio": 0.2494629217,
    "researchAndDevelopmentExpenses": 0,
    "generalAndAdministrativeExpenses": 0,
    "sellingAndMarketingExpenses": 0,
    "sellingGeneralAndAdministrativeExpenses": 10029000000,
    "otherExpenses": 138000000,
    "operatingExpenses": 10167000000,
    "costAndExpenses": 47373000000,
    "interestIncome": 51000000,
    "interestExpense": 87000000,
    "depreciationAndAmortization": 978000000,
    "ebitda": 3395000000,
    "ebitdaratio": 0.0675326225,
    "operatingIncome": 2374000000,
    "operatingIncomeRatio": 0.0472231063,
    "totalOtherIncomeExpensesNet": -43000000,
    "incomeBeforeTax": 2078000000,
    "incomeBeforeTaxRatio": 0.0413351369,
    "incomeTaxExpense": 714000000,
    "netIncome": 1277000000,
    "netIncomeRatio": 0.0254018141,
    "eps": 3.14,
    "epsdiluted": 3.08,
    "weightedAverageShsOut": 406100000,
    "weightedAverageShsOutDil": 416500000,
    "link": "https://www.sec.gov/Archives/edgar/data/764478/000104746911004045/0001047469-11-004045-index.htm",
    "finalLink": "https://www.sec.gov/Archives/edgar/data/764478/000104746911004045/a2203505z10-k.htm"
  },
  {
    "date": "2010-02-27",
    "symbol": "BBY",
    "reportedCurrency": "USD",
    "cik": "0000764478",
    "fillingDate": "2010-04-28",
    "acceptedDate": "2010-04-28 17:11:30",
    "calendarYear": "2010",
    "period": "FY",
    "revenue": 49694000000,
    "costOfRevenue": 37201000000,
    "grossProfit": 12042000000,
    "grossProfitRatio": 0.2423230169,
    "researchAndDevelopmentExpenses": 0,
    "generalAndAdministrativeExpenses": 0,
    "sellingAndMarketingExpenses": 0,
    "sellingGeneralAndAdministrativeExpenses": 9622000000,
    "otherExpenses": 52000000,
    "operatingExpenses": 9674000000,
    "costAndExpenses": 46875000000,
    "interestIncome": 54000000,
    "interestExpense": 94000000,
    "depreciationAndAmortization": 926000000,
    "ebitda": 3347000000,
    "ebitdaratio": 0.0673521954,
    "operatingIncome": 2368000000,
    "operatingIncomeRatio": 0.047651628,
    "totalOtherIncomeExpensesNet": -93000000,
    "incomeBeforeTax": 2195000000,
    "incomeBeforeTaxRatio": 0.0441703224,
    "incomeTaxExpense": 802000000,
    "netIncome": 1317000000,
    "netIncomeRatio": 0.0265021934,
    "eps": 3.16,
    "epsdiluted": 3.1,
    "weightedAverageShsOut": 416800000,
    "weightedAverageShsOutDil": 427500000,
    "link": "https://www.sec.gov/Archives/edgar/data/764478/000104746910004349/0001047469-10-004349-index.htm",
    "finalLink": "https://www.sec.gov/Archives/edgar/data/764478/000104746910004349/a2197223z10-k.htm"
  },
  {
    "date": "2009-02-28",
    "symbol": "BBY",
    "reportedCurrency": "USD",
    "cik": "0000764478",
    "fillingDate": "2009-04-29",
    "acceptedDate": "2009-04-29 17:07:49",
    "calendarYear": "2009",
    "period": "FY",
    "revenue": 45015000000,
    "costOfRevenue": 34017000000,
    "grossProfit": 10998000000,
    "grossProfitRatio": 0.2443185605,
    "researchAndDevelopmentExpenses": 0,
    "generalAndAdministrativeExpenses": 0,
    "sellingAndMarketingExpenses": 0,
    "sellingGeneralAndAdministrativeExpenses": 8984000000,
    "otherExpenses": 144000000,
    "operatingExpenses": 9128000000,
    "costAndExpenses": 43145000000,
    "interestIncome": 35000000,
    "interestExpense": 94000000,
    "depreciationAndAmortization": 793000000,
    "ebitda": 2587000000,
    "ebitdaratio": 0.0574697323,
    "operatingIncome": 1870000000,
    "operatingIncomeRatio": 0.0415417083,
    "totalOtherIncomeExpensesNet": -314000000,
    "incomeBeforeTax": 1700000000,
    "incomeBeforeTaxRatio": 0.0377651894,
    "incomeTaxExpense": 674000000,
    "netIncome": 1003000000,
    "netIncomeRatio": 0.0222814617,
    "eps": 2.43,
    "epsdiluted": 2.39,
    "weightedAverageShsOut": 412500000,
    "weightedAverageShsOutDil": 422900000,
    "link": "https://www.sec.gov/Archives/edgar/data/764478/000104746909004730/0001047469-09-004730-index.htm",
    "finalLink": "https://www.sec.gov/Archives/edgar/data/764478/000104746909004730/a2192410z10-k.htm"
  },
  {
    "date": "2008-03-01",
    "symbol": "BBY",
    "reportedCurrency": "USD",
    "cik": "0000764478",
    "fillingDate": "2008-04-30",
    "acceptedDate": "2008-04-30 11:37:01",
    "calendarYear": "2008",
    "period": "FY",
    "revenue": 40023000000,
    "costOfRevenue": 30477000000,
    "grossProfit": 9546000000,
    "grossProfitRatio": 0.2385128551,
    "researchAndDevelopmentExpenses": 0,
    "generalAndAdministrativeExpenses": 0,
    "sellingAndMarketingExpenses": 0,
    "sellingGeneralAndAdministrativeExpenses": 7385000000,
    "otherExpenses": 0,
    "operatingExpenses": 7385000000,
    "costAndExpenses": 37862000000,
    "interestIncome": 129000000,
    "interestExpense": 62000000,
    "depreciationAndAmortization": 580000000,
    "ebitda": 2741000000,
    "ebitdaratio": 0.0684856208,
    "operatingIncome": 2161000000,
    "operatingIncomeRatio": 0.0539939535,
    "totalOtherIncomeExpensesNet": 67000000,
    "incomeBeforeTax": 2228000000,
    "incomeBeforeTaxRatio": 0.0556679909,
    "incomeTaxExpense": 815000000,
    "netIncome": 1407000000,
    "netIncomeRatio": 0.035154786,
    "eps": 3.2,
    "epsdiluted": 3.12,
    "weightedAverageShsOut": 439900000,
    "weightedAverageShsOutDil": 452900000,
    "link": "https://www.sec.gov/Archives/edgar/data/764478/000104746908005591/0001047469-08-005591-index.htm",
    "finalLink": "https://www.sec.gov/Archives/edgar/data/764478/000104746908005591/a2185101z10-k.htm"
  },
  {
    "date": "2007-03-03",
    "symbol": "BBY",
    "reportedCurrency": "USD",
    "cik": "0000764478",
    "fillingDate": "2007-05-02",
    "acceptedDate": "2007-05-02 17:27:55",
    "calendarYear": "2007",
    "period": "FY",
    "revenue": 35934000000,
    "costOfRevenue": 27165000000,
    "grossProfit": 8769000000,
    "grossProfitRatio": 0.244030723,
    "researchAndDevelopmentExpenses": 0,
    "generalAndAdministrativeExpenses": 0,
    "sellingAndMarketingExpenses": 0,
    "sellingGeneralAndAdministrativeExpenses": 6770000000,
    "otherExpenses": 0,
    "operatingExpenses": 6770000000,
    "costAndExpenses": 33935000000,
    "interestIncome": 142000000,
    "interestExpense": 31000000,
    "depreciationAndAmortization": 509000000,
    "ebitda": 2508000000,
    "ebitdaratio": 0.0697946235,
    "operatingIncome": 1999000000,
    "operatingIncomeRatio": 0.0556297657,
    "totalOtherIncomeExpensesNet": 131000000,
    "incomeBeforeTax": 2130000000,
    "incomeBeforeTaxRatio": 0.0592753381,
    "incomeTaxExpense": 752000000,
    "netIncome": 1377000000,
    "netIncomeRatio": 0.0383202538,
    "eps": 2.86,
    "epsdiluted": 2.79,
    "weightedAverageShsOut": 482100000,
    "weightedAverageShsOutDil": 496200000,
    "link": "https://www.sec.gov/Archives/edgar/data/764478/000110465907034935/0001104659-07-034935-index.htm",
    "finalLink": "https://www.sec.gov/Archives/edgar/data/764478/000110465907034935/a07-11419_110k.htm"
  },
  {
    "date": "2006-02-25",
    "symbol": "BBY",
    "reportedCurrency": "USD",
    "cik": "0000764478",
    "fillingDate": "2006-05-10",
    "acceptedDate": "2006-05-10 16:17:14",
    "calendarYear": "2006",
    "period": "FY",
    "revenue": 30848000000,
    "costOfRevenue": 23122000000,
    "grossProfit": 7726000000,
    "grossProfitRatio": 0.2504538382,
    "researchAndDevelopmentExpenses": 0,
    "generalAndAdministrativeExpenses": 0,
    "sellingAndMarketingExpenses": 0,
    "sellingGeneralAndAdministrativeExpenses": 6082000000,
    "otherExpenses": 0,
    "operatingExpenses": 6082000000,
    "costAndExpenses": 29204000000,
    "interestIncome": 107000000,
    "interestExpense": 30000000,
    "depreciationAndAmortization": 456000000,
    "ebitda": 2100000000,
    "ebitdaratio": 0.0680757261,
    "operatingIncome": 1644000000,
    "operatingIncomeRatio": 0.0532935685,
    "totalOtherIncomeExpensesNet": 77000000,
    "incomeBeforeTax": 1721000000,
    "incomeBeforeTaxRatio": 0.0557896784,
    "incomeTaxExpense": 581000000,
    "netIncome": 1140000000,
    "netIncomeRatio": 0.0369553942,
    "eps": 2.33,
    "epsdiluted": 2.27,
    "weightedAverageShsOut": 490300000,
    "weightedAverageShsOutDil": 504800000,
    "link": "https://www.sec.gov/Archives/edgar/data/764478/000110465906033306/0001104659-06-033306-index.htm",
    "finalLink": "https://www.sec.gov/Archives/edgar/data/764478/000110465906033306/a06-10808_110k.htm"
  },
  {
    "date": "2005-02-26",
    "symbol": "BBY",
    "reportedCurrency": "USD",
    "cik": "0000764478",
    "fillingDate": "2005-05-10",
    "acceptedDate": "2005-05-10 17:23:03",
    "calendarYear": "2005",
    "period": "FY",
    "revenue": 27433000000,
    "costOfRevenue": 20938000000,
    "grossProfit": 6495000000,
    "grossProfitRatio": 0.2367586483,
    "researchAndDevelopmentExpenses": 0,
    "generalAndAdministrativeExpenses": 0,
    "sellingAndMarketingExpenses": 0,
    "sellingGeneralAndAdministrativeExpenses": 5053000000,
    "otherExpenses": 0,
    "operatingExpenses": 5053000000,
    "costAndExpenses": 25991000000,
    "interestIncome": 45000000,
    "interestExpense": 44000000,
    "depreciationAndAmortization": 459000000,
    "ebitda": 1901000000,
    "ebitdaratio": 0.0692961032,
    "operatingIncome": 1442000000,
    "operatingIncomeRatio": 0.0525644297,
    "totalOtherIncomeExpensesNet": 1000000,
    "incomeBeforeTax": 1443000000,
    "incomeBeforeTaxRatio": 0.0526008821,
    "incomeTaxExpense": 509000000,
    "netIncome": 984000000,
    "netIncomeRatio": 0.0358692086,
    "eps": 2.01,
    "epsdiluted": 1.96,
    "weightedAverageShsOut": 488900000,
    "weightedAverageShsOutDil": 502040816,
    "link": "https://www.sec.gov/Archives/edgar/data/764478/000104746905014212/0001047469-05-014212-index.htm",
    "finalLink": "https://www.sec.gov/Archives/edgar/data/764478/000104746905014212/a2157382z10-k.htm"
  },
  {
    "date": "2004-02-28",
    "symbol": "BBY",
    "reportedCurrency": "USD",
    "cik": "0000764478",
    "fillingDate": "2004-04-29",
    "acceptedDate": "2004-04-28 17:38:02",
    "calendarYear": "2004",
    "period": "FY",
    "revenue": 24547000000,
    "costOfRevenue": 18677000000,
    "grossProfit": 5871000000,
    "grossProfitRatio": 0.2391738298,
    "researchAndDevelopmentExpenses": 0,
    "generalAndAdministrativeExpenses": 0,
    "sellingAndMarketingExpenses": 0,
    "sellingGeneralAndAdministrativeExpenses": 4567000000,
    "otherExpenses": 0,
    "operatingExpenses": 4567000000,
    "costAndExpenses": 23244000000,
    "interestIncome": 0,
    "interestExpense": 8000000,
    "depreciationAndAmortization": 385000000,
    "ebitda": 1689000000,
    "ebitdaratio": 0.0688067788,
    "operatingIncome": 1304000000,
    "operatingIncomeRatio": 0.0531225812,
    "totalOtherIncomeExpensesNet": -8000000,
    "incomeBeforeTax": 1296000000,
    "incomeBeforeTaxRatio": 0.0527966758,
    "incomeTaxExpense": 496000000,
    "netIncome": 705000000,
    "netIncomeRatio": 0.0287204139,
    "eps": 1.45,
    "epsdiluted": 1.41,
    "weightedAverageShsOut": 485000000,
    "weightedAverageShsOutDil": 500800000,
    "link": "https://www.sec.gov/Archives/edgar/data/764478/000104746904014114/0001047469-04-014114-index.htm",
    "finalLink": "https://www.sec.gov/Archives/edgar/data/764478/000104746904014114/a2134459z10-k.htm"
  },
  {
    "date": "2003-03-01",
    "symbol": "BBY",
    "reportedCurrency": "USD",
    "cik": "0000764478",
    "fillingDate": "2003-05-30",
    "acceptedDate": "2003-05-29 19:23:33",
    "calendarYear": "2003",
    "period": "FY",
    "revenue": 20946000000,
    "costOfRevenue": 15998000000,
    "grossProfit": 4945000000,
    "grossProfitRatio": 0.2360832617,
    "researchAndDevelopmentExpenses": 0,
    "generalAndAdministrativeExpenses": 0,
    "sellingAndMarketingExpenses": 0,
    "sellingGeneralAndAdministrativeExpenses": 3935000000,
    "otherExpenses": 0,
    "operatingExpenses": 3935000000,
    "costAndExpenses": 19933000000,
    "interestIncome": 0,
    "interestExpense": 0,
    "depreciationAndAmortization": 310000000,
    "ebitda": 1320000000,
    "ebitdaratio": 0.0630191922,
    "operatingIncome": 1010000000,
    "operatingIncomeRatio": 0.0482192304,
    "totalOtherIncomeExpensesNet": 4000000,
    "incomeBeforeTax": 1014000000,
    "incomeBeforeTaxRatio": 0.0484101977,
    "incomeTaxExpense": 392000000,
    "netIncome": 99000000,
    "netIncomeRatio": 0.0047264394,
    "eps": 0.21,
    "epsdiluted": 0.21,
    "weightedAverageShsOut": 481409295,
    "weightedAverageShsOutDil": 495802099,
    "link": "https://www.sec.gov/Archives/edgar/data/764478/000110465903011338/0001104659-03-011338-index.htm",
    "finalLink": "https://www.sec.gov/Archives/edgar/data/764478/000110465903011338/j1536_10k.htm"
  },
  {
    "date": "2002-03-02",
    "symbol": "BBY",
    "reportedCurrency": "USD",
    "cik": "0000764478",
    "fillingDate": "2002-05-30",
    "acceptedDate": "2002-05-30 17:28:38",
    "calendarYear": "2002",
    "period": "FY",
    "revenue": 17711000000,
    "costOfRevenue": 13941000000,
    "grossProfit": 3770000000,
    "grossProfitRatio": 0.2128620631,
    "researchAndDevelopmentExpenses": 0,
    "generalAndAdministrativeExpenses": 0,
    "sellingAndMarketingExpenses": 0,
    "sellingGeneralAndAdministrativeExpenses": 2862000000,
    "otherExpenses": 0,
    "operatingExpenses": 2862000000,
    "costAndExpenses": 16803000000,
    "interestIncome": 0,
    "interestExpense": 0,
    "depreciationAndAmortization": 309000000,
    "ebitda": 1153000000,
    "ebitdaratio": 0.0651007848,
    "operatingIncome": 908000000,
    "operatingIncomeRatio": 0.0512675738,
    "totalOtherIncomeExpensesNet": -1000000,
    "incomeBeforeTax": 936000000,
    "incomeBeforeTaxRatio": 0.0528485122,
    "incomeTaxExpense": 366000000,
    "netIncome": 570000000,
    "netIncomeRatio": 0.0321833889,
    "eps": 1.19,
    "epsdiluted": 1.18,
    "weightedAverageShsOut": 472252630,
    "weightedAverageShsOutDil": 483050847,
    "link": "https://www.sec.gov/Archives/edgar/data/764478/000110465902002715/0001104659-02-002715-index.htm",
    "finalLink": "https://www.sec.gov/Archives/edgar/data/764478/000110465902002715/j4013_10k.htm"
  },
  {
    "date": "2001-03-03",
    "symbol": "BBY",
    "reportedCurrency": "USD",
    "cik": "0000764478",
    "fillingDate": "2001-06-01",
    "acceptedDate": "2001-06-01 00:00:00",
    "calendarYear": "2001",
    "period": "FY",
    "revenue": 15189000000,
    "costOfRevenue": 12177000000,
    "grossProfit": 3012000000,
    "grossProfitRatio": 0.1983014023,
    "researchAndDevelopmentExpenses": 0,
    "generalAndAdministrativeExpenses": 0,
    "sellingAndMarketingExpenses": 0,
    "sellingGeneralAndAdministrativeExpenses": 2401000000,
    "otherExpenses": 0,
    "operatingExpenses": 2401000000,
    "costAndExpenses": 14578000000,
    "interestIncome": 0,
    "interestExpense": 37000000,
    "depreciationAndAmortization": 167369000,
    "ebitda": 776000000,
    "ebitdaratio": 0.0510896043,
    "operatingIncome": 611000000,
    "operatingIncomeRatio": 0.0402264797,
    "totalOtherIncomeExpensesNet": 37171000,
    "incomeBeforeTax": 641479000,
    "incomeBeforeTaxRatio": 0.0422331292,
    "incomeTaxExpense": 245640000,
    "netIncome": 395839000,
    "netIncomeRatio": 0.0260608993,
    "eps": 0.85,
    "epsdiluted": 0.83,
    "weightedAverageShsOut": 463659475,
    "weightedAverageShsOutDil": 479032258,
    "link": "https://www.sec.gov/Archives/edgar/data/764478/000091205701518254/0000912057-01-518254-index.htm",
    "finalLink": "https://www.sec.gov/Archives/edgar/data/764478/000091205701518254/a2049390z10-k.htm"
  },
  {
    "date": "2000-02-26",
    "symbol": "BBY",
    "reportedCurrency": "USD",
    "cik": "0000764478",
    "fillingDate": "2000-05-24",
    "acceptedDate": "2000-05-24 00:00:00",
    "calendarYear": "2000",
    "period": "FY",
    "revenue": 12494023000,
    "costOfRevenue": 9991053000,
    "grossProfit": 2502970000,
    "grossProfitRatio": 0.2003333914,
    "researchAndDevelopmentExpenses": 0,
    "generalAndAdministrativeExpenses": 0,
    "sellingAndMarketingExpenses": 0,
    "sellingGeneralAndAdministrativeExpenses": 1854170000,
    "otherExpenses": 109541000,
    "operatingExpenses": 1963711000,
    "costAndExpenses": 11954764000,
    "interestIncome": 0,
    "interestExpense": 23000000,
    "depreciationAndAmortization": 109541000,
    "ebitda": 648800000,
    "ebitdaratio": 0.0519288303,
    "operatingIncome": 539259000,
    "operatingIncomeRatio": 0.043161358,
    "totalOtherIncomeExpensesNet": 23311000,
    "incomeBeforeTax": 562570000,
    "incomeBeforeTaxRatio": 0.0450271302,
    "incomeTaxExpense": 215500000,
    "netIncome": 347070000,
    "netIncomeRatio": 0.0277788828,
    "eps": 0.76,
    "epsdiluted": 0.73,
    "weightedAverageShsOut": 458977408,
    "weightedAverageShsOutDil": 477827054,
    "link": "https://www.sec.gov/Archives/edgar/data/764478/000091205700026218/0000912057-00-026218-index.html",
    "finalLink": "https://www.sec.gov/Archives/edgar/data/764478/000091205700026218/0000912057-00-026218-d1.html"
  },
  {
    "date": "1999-02-27",
    "symbol": "BBY",
    "reportedCurrency": "USD",
    "cik": "0000764478",
    "fillingDate": "1999-05-27",
    "acceptedDate": "1999-05-27 00:00:00",
    "calendarYear": "1999",
    "period": "FY",
    "revenue": 10077900000,
    "costOfRevenue": 8171756000,
    "grossProfit": 1892890000,
    "grossProfitRatio": 0.1878258367,
    "researchAndDevelopmentExpenses": 0,
    "generalAndAdministrativeExpenses": 0,
    "sellingAndMarketingExpenses": 0,
    "sellingGeneralAndAdministrativeExpenses": 1463281000,
    "otherExpenses": 78367000,
    "operatingExpenses": 1541648000,
    "costAndExpenses": 9713404000,
    "interestIncome": 0,
    "interestExpense": 0,
    "depreciationAndAmortization": 78400000,
    "ebitda": 429609000,
    "ebitdaratio": 0.0426288215,
    "operatingIncome": 351242000,
    "operatingIncomeRatio": 0.0348526975,
    "totalOtherIncomeExpensesNet": 400000,
    "incomeBeforeTax": 364900000,
    "incomeBeforeTaxRatio": 0.0362079401,
    "incomeTaxExpense": 140500000,
    "netIncome": 224400000,
    "netIncomeRatio": 0.0222665436,
    "eps": 0.48,
    "epsdiluted": 0.46,
    "weightedAverageShsOut": 447718420,
    "weightedAverageShsOutDil": 472041340,
    "link": "https://www.sec.gov/Archives/edgar/data/764478/000104746999022429/0001047469-99-022429-index.html",
    "finalLink": "https://www.sec.gov/Archives/edgar/data/764478/000104746999022429/"
  },
  {
    "date": "1998-02-28",
    "symbol": "BBY",
    "reportedCurrency": "USD",
    "cik": "0000764478",
    "fillingDate": "1998-05-28",
    "acceptedDate": "1998-05-28 00:00:00",
    "calendarYear": "1998",
    "period": "FY",
    "revenue": 8358200000,
    "costOfRevenue": 6954490000,
    "grossProfit": 1383272000,
    "grossProfitRatio": 0.1654987916,
    "researchAndDevelopmentExpenses": 0,
    "generalAndAdministrativeExpenses": 0,
    "sellingAndMarketingExpenses": 0,
    "sellingGeneralAndAdministrativeExpenses": 1145280000,
    "otherExpenses": 71584000,
    "operatingExpenses": 1216864000,
    "costAndExpenses": 8171354000,
    "interestIncome": 0,
    "interestExpense": 33000000,
    "depreciationAndAmortization": 68300000,
    "ebitda": 237992000,
    "ebitdaratio": 0.0284740734,
    "operatingIncome": 166408000,
    "operatingIncomeRatio": 0.0199095499,
    "totalOtherIncomeExpensesNet": -33005000,
    "incomeBeforeTax": 153900000,
    "incomeBeforeTaxRatio": 0.0184130554,
    "incomeTaxExpense": 59400000,
    "netIncome": 94500000,
    "netIncomeRatio": 0.0113062621,
    "eps": 0.24,
    "epsdiluted": 0.23,
    "weightedAverageShsOut": 394686000,
    "weightedAverageShsOutDil": 450564750,
    "link": "https://www.sec.gov/Archives/edgar/data/764478/000104746998022027/0001047469-98-022027-index.html",
    "finalLink": "https://www.sec.gov/Archives/edgar/data/764478/"
  },
  {
    "date": "1997-03-31",
    "symbol": "BBY",
    "reportedCurrency": "USD",
    "cik": "0000764478",
    "fillingDate": "1997-05-28",
    "acceptedDate": "1997-05-28 00:00:00",
    "calendarYear": "1997",
    "period": "FY",
    "revenue": 7770700000,
    "costOfRevenue": 6644500000,
    "grossProfit": 1126200000,
    "grossProfitRatio": 0.1449290283,
    "researchAndDevelopmentExpenses": 0,
    "generalAndAdministrativeExpenses": 0,
    "sellingAndMarketingExpenses": 0,
    "sellingGeneralAndAdministrativeExpenses": 1005700000,
    "otherExpenses": 67300000,
    "operatingExpenses": 1073000000,
    "costAndExpenses": 7717500000,
    "interestIncome": 0,
    "interestExpense": 0,
    "depreciationAndAmortization": 66800000,
    "ebitda": 120500000,
    "ebitdaratio": 0.0155069685,
    "operatingIncome": 53200000,
    "operatingIncomeRatio": 0.0068462301,
    "totalOtherIncomeExpensesNet": -50400000,
    "incomeBeforeTax": 2800000,
    "incomeBeforeTaxRatio": 0.0003603279,
    "incomeTaxExpense": 1100000,
    "netIncome": 1700000,
    "netIncomeRatio": 0.0002187705,
    "eps": 0.0044,
    "epsdiluted": 0.0044,
    "weightedAverageShsOut": 382108339,
    "weightedAverageShsOutDil": 382108339,
    "link": "https://www.sec.gov/Archives/edgar/data/764478/000091205797018902/0000912057-97-018902-index.html",
    "finalLink": "https://www.sec.gov/Archives/edgar/data/764478/"
  },
  {
    "date": "1996-03-02",
    "symbol": "BBY",
    "reportedCurrency": "USD",
    "cik": "0000764478",
    "fillingDate": "1996-05-31",
    "acceptedDate": "1996-05-31 00:00:00",
    "calendarYear": "1996",
    "period": "FY",
    "revenue": 7217400000,
    "costOfRevenue": 6226000000,
    "grossProfit": 991400000,
    "grossProfitRatio": 0.1373624851,
    "researchAndDevelopmentExpenses": 0,
    "generalAndAdministrativeExpenses": 0,
    "sellingAndMarketingExpenses": 0,
    "sellingGeneralAndAdministrativeExpenses": 814000000,
    "otherExpenses": 54900000,
    "operatingExpenses": 868900000,
    "costAndExpenses": 7094900000,
    "interestIncome": 0,
    "interestExpense": 0,
    "depreciationAndAmortization": 54900000,
    "ebitda": 177400000,
    "ebitdaratio": 0.0245794885,
    "operatingIncome": 122500000,
    "operatingIncomeRatio": 0.0169728711,
    "totalOtherIncomeExpensesNet": -43500000,
    "incomeBeforeTax": 79000000,
    "incomeBeforeTaxRatio": 0.0109457699,
    "incomeTaxExpense": 31000000,
    "netIncome": 48000000,
    "netIncomeRatio": 0.0066505944,
    "eps": 0.12,
    "epsdiluted": 0.12,
    "weightedAverageShsOut": 385328613,
    "weightedAverageShsOutDil": 385328613,
    "link": "https://www.sec.gov/Archives/edgar/data/764478/000091205796011205/0000912057-96-011205-index.html",
    "finalLink": "https://www.sec.gov/Archives/edgar/data/764478/"
  },
  {
    "date": "1995-02-25",
    "symbol": "BBY",
    "reportedCurrency": "USD",
    "cik": "0000764478",
    "fillingDate": "1995-05-24",
    "acceptedDate": "1995-05-24 00:00:00",
    "calendarYear": "1995",
    "period": "FY",
    "revenue": 5079600000,
    "costOfRevenue": 4350600000,
    "grossProfit": 729000000,
    "grossProfitRatio": 0.1435152374,
    "researchAndDevelopmentExpenses": 0,
    "generalAndAdministrativeExpenses": 0,
    "sellingAndMarketingExpenses": 0,
    "sellingGeneralAndAdministrativeExpenses": 568500000,
    "otherExpenses": 38600000,
    "operatingExpenses": 607100000,
    "costAndExpenses": 4957700000,
    "interestIncome": 0,
    "interestExpense": 0,
    "depreciationAndAmortization": 38600000,
    "ebitda": 160500000,
    "ebitdaratio": 0.0315969761,
    "operatingIncome": 121900000,
    "operatingIncomeRatio": 0.0239979526,
    "totalOtherIncomeExpensesNet": -27800000,
    "incomeBeforeTax": 94100000,
    "incomeBeforeTaxRatio": 0.0185250807,
    "incomeTaxExpense": 36400000,
    "netIncome": 57700000,
    "netIncomeRatio": 0.0113591621,
    "eps": 0.15,
    "epsdiluted": 0.14,
    "weightedAverageShsOut": 381457339,
    "weightedAverageShsOutDil": 405299092,
    "link": "https://www.sec.gov/Archives/edgar/data/764478/000091205795004135/0000912057-95-004135-index.html",
    "finalLink": "https://www.sec.gov/Archives/edgar/data/764478/"
  },
  {
    "date": "1994-02-26",
    "symbol": "BBY",
    "reportedCurrency": "USD",
    "cik": "0000764478",
    "fillingDate": "1994-05-20",
    "acceptedDate": "1994-05-20 00:00:00",
    "calendarYear": "1994",
    "period": "FY",
    "revenue": 3006500000,
    "costOfRevenue": 2527200000,
    "grossProfit": 479300000,
    "grossProfitRatio": 0.1594212539,
    "researchAndDevelopmentExpenses": 0,
    "generalAndAdministrativeExpenses": 0,
    "sellingAndMarketingExpenses": 0,
    "sellingGeneralAndAdministrativeExpenses": 379700000,
    "otherExpenses": 22400000,
    "operatingExpenses": 402100000,
    "costAndExpenses": 2929300000,
    "interestIncome": 0,
    "interestExpense": 0,
    "depreciationAndAmortization": 22400000,
    "ebitda": 99600000,
    "ebitdaratio": 0.0331282222,
    "operatingIncome": 77200000,
    "operatingIncomeRatio": 0.0256776983,
    "totalOtherIncomeExpensesNet": -8800000,
    "incomeBeforeTax": 68400000,
    "incomeBeforeTaxRatio": 0.0227507068,
    "incomeTaxExpense": 26700000,
    "netIncome": 41300000,
    "netIncomeRatio": 0.0137369034,
    "eps": 0.11,
    "epsdiluted": 0.11,
    "weightedAverageShsOut": 371329413,
    "weightedAverageShsOutDil": 371329413,
    "link": "https://www.sec.gov/Archives/edgar/data/764478/000091205794001820/0000912057-94-001820-index.html",
    "finalLink": "https://www.sec.gov/Archives/edgar/data/764478/"
  },
  {
    "date": "1993-02-28",
    "symbol": "BBY",
    "reportedCurrency": "USD",
    "cik": "0000764478",
    "fillingDate": "1993-02-28",
    "acceptedDate": "1993-02-28 00:00:00",
    "calendarYear": "1993",
    "period": "FY",
    "revenue": 1620000000,
    "costOfRevenue": 1321100000,
    "grossProfit": 298900000,
    "grossProfitRatio": 0.1845061728,
    "researchAndDevelopmentExpenses": 0,
    "generalAndAdministrativeExpenses": 0,
    "sellingAndMarketingExpenses": 0,
    "sellingGeneralAndAdministrativeExpenses": 248100000,
    "otherExpenses": 14800000,
    "operatingExpenses": 262900000,
    "costAndExpenses": 1584000000,
    "interestIncome": 0,
    "interestExpense": 3900000,
    "depreciationAndAmortization": 14800000,
    "ebitda": 50800000,
    "ebitdaratio": 0.0313580247,
    "operatingIncome": 36000000,
    "operatingIncomeRatio": 0.0222222222,
    "totalOtherIncomeExpensesNet": -3900000,
    "incomeBeforeTax": 32100000,
    "incomeBeforeTaxRatio": 0.0198148148,
    "incomeTaxExpense": 12200000,
    "netIncome": 19900000,
    "netIncomeRatio": 0.0122839506,
    "eps": 0.0667,
    "epsdiluted": 0.0667,
    "weightedAverageShsOut": 298203288,
    "weightedAverageShsOutDil": 298203288,
    "link": null,
    "finalLink": null
  },
  {
    "date": "1992-02-29",
    "symbol": "BBY",
    "reportedCurrency": "USD",
    "cik": "0000764478",
    "fillingDate": "1992-02-29",
    "acceptedDate": "1992-02-29 00:00:00",
    "calendarYear": "1992",
    "period": "FY",
    "revenue": 929700000,
    "costOfRevenue": 738600000,
    "grossProfit": 191100000,
    "grossProfitRatio": 0.2055501775,
    "researchAndDevelopmentExpenses": 0,
    "generalAndAdministrativeExpenses": 0,
    "sellingAndMarketingExpenses": 0,
    "sellingGeneralAndAdministrativeExpenses": 162300000,
    "otherExpenses": 10000000,
    "operatingExpenses": 172300000,
    "costAndExpenses": 910900000,
    "interestIncome": 0,
    "interestExpense": 3400000,
    "depreciationAndAmortization": 10000000,
    "ebitda": 28800000,
    "ebitdaratio": 0.0309777348,
    "operatingIncome": 18800000,
    "operatingIncomeRatio": 0.0202215769,
    "totalOtherIncomeExpensesNet": -3400000,
    "incomeBeforeTax": 15400000,
    "incomeBeforeTaxRatio": 0.0165644832,
    "incomeTaxExpense": 5800000,
    "netIncome": 9600000,
    "netIncomeRatio": 0.0103259116,
    "eps": 0.04,
    "epsdiluted": 0.04,
    "weightedAverageShsOut": 239760240,
    "weightedAverageShsOutDil": 239760240,
    "link": null,
    "finalLink": null
  },
  {
    "date": "1991-02-28",
    "symbol": "BBY",
    "reportedCurrency": "USD",
    "cik": "0000764478",
    "fillingDate": "1991-02-28",
    "acceptedDate": "1991-02-28 00:00:00",
    "calendarYear": "1991",
    "period": "FY",
    "revenue": 664800000,
    "costOfRevenue": 515400000,
    "grossProfit": 149400000,
    "grossProfitRatio": 0.2247292419,
    "researchAndDevelopmentExpenses": 0,
    "generalAndAdministrativeExpenses": 0,
    "sellingAndMarketingExpenses": 0,
    "sellingGeneralAndAdministrativeExpenses": 130700000,
    "otherExpenses": 7800000,
    "operatingExpenses": 138500000,
    "costAndExpenses": 653900000,
    "interestIncome": 0,
    "interestExpense": 3500000,
    "depreciationAndAmortization": 7800000,
    "ebitda": 18700000,
    "ebitdaratio": 0.0281287605,
    "operatingIncome": 10900000,
    "operatingIncomeRatio": 0.0163959085,
    "totalOtherIncomeExpensesNet": -3500000,
    "incomeBeforeTax": 7400000,
    "incomeBeforeTaxRatio": 0.0111311673,
    "incomeTaxExpense": 2900000,
    "netIncome": 4500000,
    "netIncomeRatio": 0.0067689531,
    "eps": 0.0222,
    "epsdiluted": 0.0222,
    "weightedAverageShsOut": 202301744,
    "weightedAverageShsOutDil": 202301744,
    "link": null,
    "finalLink": null
  },
  {
    "date": "1990-02-28",
    "symbol": "BBY",
    "reportedCurrency": "USD",
    "cik": "0000764478",
    "fillingDate": "1990-02-28",
    "acceptedDate": "1990-02-28 00:00:00",
    "calendarYear": "1990",
    "period": "FY",
    "revenue": 512900000,
    "costOfRevenue": 387000000,
    "grossProfit": 125900000,
    "grossProfitRatio": 0.2454669526,
    "researchAndDevelopmentExpenses": 0,
    "generalAndAdministrativeExpenses": 0,
    "sellingAndMarketingExpenses": 0,
    "sellingGeneralAndAdministrativeExpenses": 107200000,
    "otherExpenses": 5500000,
    "operatingExpenses": 112700000,
    "costAndExpenses": 499700000,
    "interestIncome": 0,
    "interestExpense": 3700000,
    "depreciationAndAmortization": 5500000,
    "ebitda": 18700000,
    "ebitdaratio": 0.0364593488,
    "operatingIncome": 13200000,
    "operatingIncomeRatio": 0.0257360109,
    "totalOtherIncomeExpensesNet": -3700000,
    "incomeBeforeTax": 9500000,
    "incomeBeforeTaxRatio": 0.0185221291,
    "incomeTaxExpense": 3800000,
    "netIncome": 5700000,
    "netIncomeRatio": 0.0111132774,
    "eps": 0.0267,
    "epsdiluted": 0.0267,
    "weightedAverageShsOut": 213539130,
    "weightedAverageShsOutDil": 213539130,
    "link": null,
    "finalLink": null
  },
  {
    "date": "1989-03-31",
    "symbol": "BBY",
    "reportedCurrency": "USD",
    "cik": "0000764478",
    "fillingDate": "1989-03-31",
    "acceptedDate": "1989-03-31 00:00:00",
    "calendarYear": "1989",
    "period": "FY",
    "revenue": 506700000,
    "costOfRevenue": 383700000,
    "grossProfit": 123000000,
    "grossProfitRatio": 0.2427471877,
    "researchAndDevelopmentExpenses": 0,
    "generalAndAdministrativeExpenses": 0,
    "sellingAndMarketingExpenses": 0,
    "sellingGeneralAndAdministrativeExpenses": 106000000,
    "otherExpenses": 6900000,
    "operatingExpenses": 112900000,
    "costAndExpenses": 496600000,
    "interestIncome": 0,
    "interestExpense": 4200000,
    "depreciationAndAmortization": 5000000,
    "ebitda": 17000000,
    "ebitdaratio": 0.0335504243,
    "operatingIncome": 10100000,
    "operatingIncomeRatio": 0.0199328992,
    "totalOtherIncomeExpensesNet": -6600000,
    "incomeBeforeTax": 4800000,
    "incomeBeforeTaxRatio": 0.009473061,
    "incomeTaxExpense": 2000000,
    "netIncome": 2100000,
    "netIncomeRatio": 0.0041444642,
    "eps": 0.0133,
    "epsdiluted": 0.0133,
    "weightedAverageShsOut": 209784970,
    "weightedAverageShsOutDil": 209784970,
    "link": null,
    "finalLink": null
  },
  {
    "date": "1988-03-31",
    "symbol": "BBY",
    "reportedCurrency": "USD",
    "cik": "0000764478",
    "fillingDate": "1988-03-31",
    "acceptedDate": "1988-03-31 00:00:00",
    "calendarYear": "1988",
    "period": "FY",
    "revenue": 439000000,
    "costOfRevenue": 329600000,
    "grossProfit": 109400000,
    "grossProfitRatio": 0.2492027335,
    "researchAndDevelopmentExpenses": 0,
    "generalAndAdministrativeExpenses": 0,
    "sellingAndMarketingExpenses": 0,
    "sellingGeneralAndAdministrativeExpenses": 95400000,
    "otherExpenses": 5000000,
    "operatingExpenses": 100400000,
    "costAndExpenses": 430000000,
    "interestIncome": 0,
    "interestExpense": 0,
    "depreciationAndAmortization": 5000000,
    "ebitda": 14000000,
    "ebitdaratio": 0.0318906606,
    "operatingIncome": 9000000,
    "operatingIncomeRatio": 0.020501139,
    "totalOtherIncomeExpensesNet": -4200000,
    "incomeBeforeTax": 4800000,
    "incomeBeforeTaxRatio": 0.0109339408,
    "incomeTaxExpense": 2000000,
    "netIncome": 2800000,
    "netIncomeRatio": 0.0063781321,
    "eps": 0.0133,
    "epsdiluted": 0.0133,
    "weightedAverageShsOut": 209785000,
    "weightedAverageShsOutDil": 209785000,
    "link": null,
    "finalLink": null
  },
  {
    "date": "1987-03-31",
    "symbol": "BBY",
    "reportedCurrency": "USD",
    "cik": "0000764478",
    "fillingDate": "1987-03-31",
    "acceptedDate": "1987-03-31 00:00:00",
    "calendarYear": "1987",
    "period": "FY",
    "revenue": 239500000,
    "costOfRevenue": 177600000,
    "grossProfit": 61900000,
    "grossProfitRatio": 0.2584551148,
    "researchAndDevelopmentExpenses": 0,
    "generalAndAdministrativeExpenses": 0,
    "sellingAndMarketingExpenses": 0,
    "sellingGeneralAndAdministrativeExpenses": 44900000,
    "otherExpenses": 1600000,
    "operatingExpenses": 46500000,
    "costAndExpenses": 224100000,
    "interestIncome": 0,
    "interestExpense": 0,
    "depreciationAndAmortization": 1600000,
    "ebitda": 17000000,
    "ebitdaratio": 0.0709812109,
    "operatingIncome": 15400000,
    "operatingIncomeRatio": 0.0643006263,
    "totalOtherIncomeExpensesNet": -4200000,
    "incomeBeforeTax": 15600000,
    "incomeBeforeTaxRatio": 0.0651356994,
    "incomeTaxExpense": 7900000,
    "netIncome": 7700000,
    "netIncomeRatio": 0.0321503132,
    "eps": 0.04,
    "epsdiluted": 0.04,
    "weightedAverageShsOut": 192307692,
    "weightedAverageShsOutDil": 192307692,
    "link": null,
    "finalLink": null
  },
  {
    "date": "1986-03-31",
    "symbol": "BBY",
    "reportedCurrency": "USD",
    "cik": "0000764478",
    "fillingDate": "1986-03-31",
    "acceptedDate": "1986-03-31 00:00:00",
    "calendarYear": "1986",
    "period": "FY",
    "revenue": 113100000,
    "costOfRevenue": 84100000,
    "grossProfit": 29000000,
    "grossProfitRatio": 0.2564102564,
    "researchAndDevelopmentExpenses": 0,
    "generalAndAdministrativeExpenses": 0,
    "sellingAndMarketingExpenses": 0,
    "sellingGeneralAndAdministrativeExpenses": 20200000,
    "otherExpenses": 500000,
    "operatingExpenses": 20700000,
    "costAndExpenses": 104800000,
    "interestIncome": 0,
    "interestExpense": 100000,
    "depreciationAndAmortization": 500000,
    "ebitda": 8800000,
    "ebitdaratio": 0.0778072502,
    "operatingIncome": 8300000,
    "operatingIncomeRatio": 0.0733863837,
    "totalOtherIncomeExpensesNet": -100000,
    "incomeBeforeTax": 8200000,
    "incomeBeforeTaxRatio": 0.0725022104,
    "incomeTaxExpense": 4100000,
    "netIncome": 4100000,
    "netIncomeRatio": 0.0362511052,
    "eps": 0.0267,
    "epsdiluted": 0.0267,
    "weightedAverageShsOut": 153598322,
    "weightedAverageShsOutDil": 153598322,
    "link": null,
    "finalLink": null
  }
]