[
  {
    "date": "2024-09-30",
    "symbol": "BDX",
    "reportedCurrency": "USD",
    "cik": "0000010795",
    "fillingDate": "2024-11-27",
    "acceptedDate": "2024-11-27 13:36:08",
    "calendarYear": "2024",
    "period": "FY",
    "revenue": 20178000000,
    "costOfRevenue": 11053000000,
    "grossProfit": 9125000000,
    "grossProfitRatio": 0.4522251958,
    "researchAndDevelopmentExpenses": 1190000000,
    "generalAndAdministrativeExpenses": 0,
    "sellingAndMarketingExpenses": 0,
    "sellingGeneralAndAdministrativeExpenses": 4857000000,
    "otherExpenses": 681000000,
    "operatingExpenses": 6728000000,
    "costAndExpenses": 17781000000,
    "interestIncome": 163000000,
    "interestExpense": 528000000,
    "depreciationAndAmortization": 2286000000,
    "ebitda": 4819000000,
    "ebitdaratio": 0.2388244623,
    "operatingIncome": 2397000000,
    "operatingIncomeRatio": 0.1187927446,
    "totalOtherIncomeExpensesNet": -392000000,
    "incomeBeforeTax": 2005000000,
    "incomeBeforeTaxRatio": 0.0993656458,
    "incomeTaxExpense": 300000000,
    "netIncome": 1705000000,
    "netIncomeRatio": 0.0844979681,
    "eps": 5.88,
    "epsdiluted": 5.86,
    "weightedAverageShsOut": 289763000,
    "weightedAverageShsOutDil": 291009000,
    "link": "https://www.sec.gov/Archives/edgar/data/10795/000001079524000084/0000010795-24-000084-index.htm",
    "finalLink": "https://www.sec.gov/Archives/edgar/data/10795/000001079524000084/bdx-20240930.htm"
  },
  {
    "date": "2023-09-30",
    "symbol": "BDX",
    "reportedCurrency": "USD",
    "cik": "0000010795",
    "fillingDate": "2023-11-21",
    "acceptedDate": "2023-11-21 17:08:11",
    "calendarYear": "2023",
    "period": "FY",
    "revenue": 19372000000,
    "costOfRevenue": 11202000000,
    "grossProfit": 8170000000,
    "grossProfitRatio": 0.4217427215,
    "researchAndDevelopmentExpenses": 1237000000,
    "generalAndAdministrativeExpenses": 0,
    "sellingAndMarketingExpenses": 0,
    "sellingGeneralAndAdministrativeExpenses": 4719000000,
    "otherExpenses": 103000000,
    "operatingExpenses": 6059000000,
    "costAndExpenses": 17261000000,
    "interestIncome": 49000000,
    "interestExpense": 452000000,
    "depreciationAndAmortization": 2288000000,
    "ebitda": 4402000000,
    "ebitdaratio": 0.2272351848,
    "operatingIncome": 2111000000,
    "operatingIncomeRatio": 0.1089717117,
    "totalOtherIncomeExpensesNet": -449000000,
    "incomeBeforeTax": 1662000000,
    "incomeBeforeTaxRatio": 0.0857939294,
    "incomeTaxExpense": 132000000,
    "netIncome": 1484000000,
    "netIncomeRatio": 0.0766054099,
    "eps": 4.97,
    "epsdiluted": 4.94,
    "weightedAverageShsOut": 286282000,
    "weightedAverageShsOutDil": 288392000,
    "link": "https://www.sec.gov/Archives/edgar/data/10795/000001079523000098/0000010795-23-000098-index.htm",
    "finalLink": "https://www.sec.gov/Archives/edgar/data/10795/000001079523000098/bdx-20230930.htm"
  },
  {
    "date": "2022-09-30",
    "symbol": "BDX",
    "reportedCurrency": "USD",
    "cik": "0000010795",
    "fillingDate": "2022-11-22",
    "acceptedDate": "2022-11-22 16:58:28",
    "calendarYear": "2022",
    "period": "FY",
    "revenue": 18870000000,
    "costOfRevenue": 10393000000,
    "grossProfit": 8477000000,
    "grossProfitRatio": 0.4492315845,
    "researchAndDevelopmentExpenses": 1256000000,
    "generalAndAdministrativeExpenses": 0,
    "sellingAndMarketingExpenses": 0,
    "sellingGeneralAndAdministrativeExpenses": 4709000000,
    "otherExpenses": 230000000,
    "operatingExpenses": 6195000000,
    "costAndExpenses": 16588000000,
    "interestIncome": 16000000,
    "interestExpense": 398000000,
    "depreciationAndAmortization": 2229000000,
    "ebitda": 4410000000,
    "ebitdaratio": 0.2337042925,
    "operatingIncome": 2282000000,
    "operatingIncomeRatio": 0.1209326974,
    "totalOtherIncomeExpensesNet": -499000000,
    "incomeBeforeTax": 1783000000,
    "incomeBeforeTaxRatio": 0.0944886063,
    "incomeTaxExpense": 148000000,
    "netIncome": 1779000000,
    "netIncomeRatio": 0.0942766296,
    "eps": 5.93,
    "epsdiluted": 5.88,
    "weightedAverageShsOut": 285005000,
    "weightedAverageShsOutDil": 287364000,
    "link": "https://www.sec.gov/Archives/edgar/data/10795/000162828022030686/0001628280-22-030686-index.htm",
    "finalLink": "https://www.sec.gov/Archives/edgar/data/10795/000162828022030686/bdx-20220930.htm"
  },
  {
    "date": "2021-09-30",
    "symbol": "BDX",
    "reportedCurrency": "USD",
    "cik": "0000010795",
    "fillingDate": "2021-11-24",
    "acceptedDate": "2021-11-24 14:57:19",
    "calendarYear": "2021",
    "period": "FY",
    "revenue": 19131000000,
    "costOfRevenue": 10500000000,
    "grossProfit": 8631000000,
    "grossProfitRatio": 0.4511525796,
    "researchAndDevelopmentExpenses": 1279000000,
    "generalAndAdministrativeExpenses": 0,
    "sellingAndMarketingExpenses": 0,
    "sellingGeneralAndAdministrativeExpenses": 4719000000,
    "otherExpenses": 383000000,
    "operatingExpenses": 6381000000,
    "costAndExpenses": 16881000000,
    "interestIncome": 9000000,
    "interestExpense": 469000000,
    "depreciationAndAmortization": 2230000000,
    "ebitda": 4391000000,
    "ebitdaratio": 0.2295227641,
    "operatingIncome": 2250000000,
    "operatingIncomeRatio": 0.1176101615,
    "totalOtherIncomeExpensesNet": -558000000,
    "incomeBeforeTax": 1692000000,
    "incomeBeforeTaxRatio": 0.0884428415,
    "incomeTaxExpense": 88000000,
    "netIncome": 2092000000,
    "netIncomeRatio": 0.1093513146,
    "eps": 6.92,
    "epsdiluted": 6.85,
    "weightedAverageShsOut": 289288000,
    "weightedAverageShsOutDil": 292089000,
    "link": "https://www.sec.gov/Archives/edgar/data/10795/000001079521000091/0000010795-21-000091-index.htm",
    "finalLink": "https://www.sec.gov/Archives/edgar/data/10795/000001079521000091/bdx-20210930.htm"
  },
  {
    "date": "2020-09-30",
    "symbol": "BDX",
    "reportedCurrency": "USD",
    "cik": "0000010795",
    "fillingDate": "2020-11-25",
    "acceptedDate": "2020-11-25 14:21:41",
    "calendarYear": "2020",
    "period": "FY",
    "revenue": 16074000000,
    "costOfRevenue": 9276000000,
    "grossProfit": 6798000000,
    "grossProfitRatio": 0.4229189996,
    "researchAndDevelopmentExpenses": 1039000000,
    "generalAndAdministrativeExpenses": 0,
    "sellingAndMarketingExpenses": 0,
    "sellingGeneralAndAdministrativeExpenses": 4185000000,
    "otherExpenses": 662000000,
    "operatingExpenses": 5886000000,
    "costAndExpenses": 15162000000,
    "interestIncome": 7000000,
    "interestExpense": 528000000,
    "depreciationAndAmortization": 2115000000,
    "ebitda": 3057000000,
    "ebitdaratio": 0.1901829041,
    "operatingIncome": 912000000,
    "operatingIncomeRatio": 0.0567375887,
    "totalOtherIncomeExpensesNet": -498000000,
    "incomeBeforeTax": 414000000,
    "incomeBeforeTaxRatio": 0.0257558791,
    "incomeTaxExpense": 62000000,
    "netIncome": 874000000,
    "netIncomeRatio": 0.0543735225,
    "eps": 2.75,
    "epsdiluted": 2.71,
    "weightedAverageShsOut": 278971000,
    "weightedAverageShsOutDil": 282402000,
    "link": "https://www.sec.gov/Archives/edgar/data/10795/000001079520000055/0000010795-20-000055-index.htm",
    "finalLink": "https://www.sec.gov/Archives/edgar/data/10795/000001079520000055/bdx-20200930.htm"
  },
  {
    "date": "2019-09-30",
    "symbol": "BDX",
    "reportedCurrency": "USD",
    "cik": "0000010795",
    "fillingDate": "2019-11-27",
    "acceptedDate": "2019-11-27 16:43:38",
    "calendarYear": "2019",
    "period": "FY",
    "revenue": 17290000000,
    "costOfRevenue": 9002000000,
    "grossProfit": 8288000000,
    "grossProfitRatio": 0.4793522267,
    "researchAndDevelopmentExpenses": 1062000000,
    "generalAndAdministrativeExpenses": 2000000,
    "sellingAndMarketingExpenses": 4332000000,
    "sellingGeneralAndAdministrativeExpenses": 4332000000,
    "otherExpenses": 1134000000,
    "operatingExpenses": 6528000000,
    "costAndExpenses": 15530000000,
    "interestIncome": 12000000,
    "interestExpense": 639000000,
    "depreciationAndAmortization": 2253000000,
    "ebitda": 4068000000,
    "ebitdaratio": 0.235280509,
    "operatingIncome": 1760000000,
    "operatingIncomeRatio": 0.1017929439,
    "totalOtherIncomeExpensesNet": -584000000,
    "incomeBeforeTax": 1176000000,
    "incomeBeforeTaxRatio": 0.0680161943,
    "incomeTaxExpense": -57000000,
    "netIncome": 1233000000,
    "netIncomeRatio": 0.0713128976,
    "eps": 3.96,
    "epsdiluted": 3.89,
    "weightedAverageShsOut": 269943000,
    "weightedAverageShsOutDil": 274775000,
    "link": "https://www.sec.gov/Archives/edgar/data/10795/000001079519000044/0000010795-19-000044-index.htm",
    "finalLink": "https://www.sec.gov/Archives/edgar/data/10795/000001079519000044/bdx2019-09x3010xk.htm"
  },
  {
    "date": "2018-09-30",
    "symbol": "BDX",
    "reportedCurrency": "USD",
    "cik": "0000010795",
    "fillingDate": "2018-11-21",
    "acceptedDate": "2018-11-21 15:34:32",
    "calendarYear": "2018",
    "period": "FY",
    "revenue": 15983000000,
    "costOfRevenue": 8714000000,
    "grossProfit": 7269000000,
    "grossProfitRatio": 0.4547957205,
    "researchAndDevelopmentExpenses": 1004000000,
    "generalAndAdministrativeExpenses": 13000000,
    "sellingAndMarketingExpenses": 4016000000,
    "sellingGeneralAndAdministrativeExpenses": 4016000000,
    "otherExpenses": 740000000,
    "operatingExpenses": 5760000000,
    "costAndExpenses": 14474000000,
    "interestIncome": 65000000,
    "interestExpense": 706000000,
    "depreciationAndAmortization": 1978000000,
    "ebitda": 3857000000,
    "ebitdaratio": 0.2413189013,
    "operatingIncome": 1509000000,
    "operatingIncomeRatio": 0.0944128136,
    "totalOtherIncomeExpensesNet": -336000000,
    "incomeBeforeTax": 1173000000,
    "incomeBeforeTaxRatio": 0.0733904774,
    "incomeTaxExpense": 862000000,
    "netIncome": 311000000,
    "netIncomeRatio": 0.0194581743,
    "eps": 0.62,
    "epsdiluted": 0.6,
    "weightedAverageShsOut": 258354000,
    "weightedAverageShsOutDil": 264621000,
    "link": "https://www.sec.gov/Archives/edgar/data/10795/000001079518000036/0000010795-18-000036-index.htm",
    "finalLink": "https://www.sec.gov/Archives/edgar/data/10795/000001079518000036/bdx2018-09x3010xk.htm"
  },
  {
    "date": "2017-09-30",
    "symbol": "BDX",
    "reportedCurrency": "USD",
    "cik": "0000010795",
    "fillingDate": "2017-11-22",
    "acceptedDate": "2017-11-22 11:31:54",
    "calendarYear": "2017",
    "period": "FY",
    "revenue": 12093000000,
    "costOfRevenue": 6128000000,
    "grossProfit": 5965000000,
    "grossProfitRatio": 0.493260564,
    "researchAndDevelopmentExpenses": 770000000,
    "generalAndAdministrativeExpenses": 44000000,
    "sellingAndMarketingExpenses": 2909000000,
    "sellingGeneralAndAdministrativeExpenses": 2909000000,
    "otherExpenses": 764000000,
    "operatingExpenses": 4443000000,
    "costAndExpenses": 10571000000,
    "interestIncome": 76000000,
    "interestExpense": 521000000,
    "depreciationAndAmortization": 1088000000,
    "ebitda": 2585000000,
    "ebitdaratio": 0.2137600265,
    "operatingIncome": 1522000000,
    "operatingIncomeRatio": 0.1258579343,
    "totalOtherIncomeExpensesNet": -546000000,
    "incomeBeforeTax": 976000000,
    "incomeBeforeTaxRatio": 0.0807078475,
    "incomeTaxExpense": -124000000,
    "netIncome": 1100000000,
    "netIncomeRatio": 0.0909617134,
    "eps": 4.7,
    "epsdiluted": 4.6,
    "weightedAverageShsOut": 218943000,
    "weightedAverageShsOutDil": 223588000,
    "link": "https://www.sec.gov/Archives/edgar/data/10795/000001079517000021/0000010795-17-000021-index.htm",
    "finalLink": "https://www.sec.gov/Archives/edgar/data/10795/000001079517000021/bdx2017-09x3010xk.htm"
  },
  {
    "date": "2016-09-30",
    "symbol": "BDX",
    "reportedCurrency": "USD",
    "cik": "0000010795",
    "fillingDate": "2016-11-23",
    "acceptedDate": "2016-11-23 11:50:03",
    "calendarYear": "2016",
    "period": "FY",
    "revenue": 12483000000,
    "costOfRevenue": 6492000000,
    "grossProfit": 5991000000,
    "grossProfitRatio": 0.4799327085,
    "researchAndDevelopmentExpenses": 828000000,
    "generalAndAdministrativeExpenses": 0,
    "sellingAndMarketingExpenses": 0,
    "sellingGeneralAndAdministrativeExpenses": 3005000000,
    "otherExpenses": 728000000,
    "operatingExpenses": 4561000000,
    "costAndExpenses": 11053000000,
    "interestIncome": 21000000,
    "interestExpense": 388000000,
    "depreciationAndAmortization": 1114000000,
    "ebitda": 2576000000,
    "ebitdaratio": 0.2063606505,
    "operatingIncome": 1430000000,
    "operatingIncomeRatio": 0.1145557959,
    "totalOtherIncomeExpensesNet": -356000000,
    "incomeBeforeTax": 1074000000,
    "incomeBeforeTaxRatio": 0.0860370103,
    "incomeTaxExpense": 97000000,
    "netIncome": 976000000,
    "netIncomeRatio": 0.0781863334,
    "eps": 4.59,
    "epsdiluted": 4.49,
    "weightedAverageShsOut": 212702000,
    "weightedAverageShsOutDil": 217536000,
    "link": "https://www.sec.gov/Archives/edgar/data/10795/000162828016021658/0001628280-16-021658-index.htm",
    "finalLink": "https://www.sec.gov/Archives/edgar/data/10795/000162828016021658/bdx2016-09x3010xk.htm"
  },
  {
    "date": "2015-09-30",
    "symbol": "BDX",
    "reportedCurrency": "USD",
    "cik": "0000010795",
    "fillingDate": "2015-11-25",
    "acceptedDate": "2015-11-25 11:35:36",
    "calendarYear": "2015",
    "period": "FY",
    "revenue": 10282000000,
    "costOfRevenue": 5587000000,
    "grossProfit": 4695000000,
    "grossProfitRatio": 0.4566232251,
    "researchAndDevelopmentExpenses": 632000000,
    "generalAndAdministrativeExpenses": 0,
    "sellingAndMarketingExpenses": 0,
    "sellingGeneralAndAdministrativeExpenses": 2563000000,
    "otherExpenses": 426000000,
    "operatingExpenses": 3621000000,
    "costAndExpenses": 9208000000,
    "interestIncome": 15000000,
    "interestExpense": 371000000,
    "depreciationAndAmortization": 891000000,
    "ebitda": 2001000000,
    "ebitdaratio": 0.1946119432,
    "operatingIncome": 1074000000,
    "operatingIncomeRatio": 0.1044543863,
    "totalOtherIncomeExpensesNet": -335000000,
    "incomeBeforeTax": 739000000,
    "incomeBeforeTaxRatio": 0.0718731764,
    "incomeTaxExpense": 44000000,
    "netIncome": 695000000,
    "netIncomeRatio": 0.0675938533,
    "eps": 3.43,
    "epsdiluted": 3.35,
    "weightedAverageShsOut": 202537000,
    "weightedAverageShsOutDil": 207509000,
    "link": "https://www.sec.gov/Archives/edgar/data/10795/000162828015008984/0001628280-15-008984-index.htm",
    "finalLink": "https://www.sec.gov/Archives/edgar/data/10795/000162828015008984/bdx2015-09x3010xk.htm"
  },
  {
    "date": "2014-09-30",
    "symbol": "BDX",
    "reportedCurrency": "USD",
    "cik": "0000010795",
    "fillingDate": "2014-11-26",
    "acceptedDate": "2014-11-26 12:46:40",
    "calendarYear": "2014",
    "period": "FY",
    "revenue": 8446000000,
    "costOfRevenue": 4145000000,
    "grossProfit": 4301000000,
    "grossProfitRatio": 0.5092351409,
    "researchAndDevelopmentExpenses": 550000000,
    "generalAndAdministrativeExpenses": 0,
    "sellingAndMarketingExpenses": 0,
    "sellingGeneralAndAdministrativeExpenses": 2145000000,
    "otherExpenses": 0,
    "operatingExpenses": 2695000000,
    "costAndExpenses": 6840000000,
    "interestIncome": 46000000,
    "interestExpense": 135000000,
    "depreciationAndAmortization": 562000000,
    "ebitda": 2219000000,
    "ebitdaratio": 0.2627279185,
    "operatingIncome": 1606000000,
    "operatingIncomeRatio": 0.190149183,
    "totalOtherIncomeExpensesNet": -84000000,
    "incomeBeforeTax": 1522000000,
    "incomeBeforeTaxRatio": 0.1802036467,
    "incomeTaxExpense": 337000000,
    "netIncome": 1185000000,
    "netIncomeRatio": 0.1403031021,
    "eps": 6.13,
    "epsdiluted": 5.99,
    "weightedAverageShsOut": 193299000,
    "weightedAverageShsOutDil": 197709000,
    "link": "https://www.sec.gov/Archives/edgar/data/10795/000119312514426571/0001193125-14-426571-index.htm",
    "finalLink": "https://www.sec.gov/Archives/edgar/data/10795/000119312514426571/d792595d10k.htm"
  },
  {
    "date": "2013-09-30",
    "symbol": "BDX",
    "reportedCurrency": "USD",
    "cik": "0000010795",
    "fillingDate": "2013-11-27",
    "acceptedDate": "2013-11-27 15:09:01",
    "calendarYear": "2013",
    "period": "FY",
    "revenue": 8054000000,
    "costOfRevenue": 3883000000,
    "grossProfit": 4171000000,
    "grossProfitRatio": 0.5178793146,
    "researchAndDevelopmentExpenses": 494000000,
    "generalAndAdministrativeExpenses": 0,
    "sellingAndMarketingExpenses": 0,
    "sellingGeneralAndAdministrativeExpenses": 2422000000,
    "otherExpenses": 1000000,
    "operatingExpenses": 2917000000,
    "costAndExpenses": 6800000000,
    "interestIncome": 40000000,
    "interestExpense": 138000000,
    "depreciationAndAmortization": 546000000,
    "ebitda": 1849000000,
    "ebitdaratio": 0.2295753663,
    "operatingIncome": 1254000000,
    "operatingIncomeRatio": 0.1556990315,
    "totalOtherIncomeExpensesNet": -89000000,
    "incomeBeforeTax": 1165000000,
    "incomeBeforeTaxRatio": 0.1446486218,
    "incomeTaxExpense": 236000000,
    "netIncome": 1293000000,
    "netIncomeRatio": 0.1605413459,
    "eps": 6.63,
    "epsdiluted": 6.49,
    "weightedAverageShsOut": 195157000,
    "weightedAverageShsOutDil": 199193000,
    "link": "https://www.sec.gov/Archives/edgar/data/10795/000119312513456802/0001193125-13-456802-index.htm",
    "finalLink": "https://www.sec.gov/Archives/edgar/data/10795/000119312513456802/d573385d10k.htm"
  },
  {
    "date": "2012-09-30",
    "symbol": "BDX",
    "reportedCurrency": "USD",
    "cik": "0000010795",
    "fillingDate": "2012-11-21",
    "acceptedDate": "2012-11-21 14:40:48",
    "calendarYear": "2012",
    "period": "FY",
    "revenue": 7708000000,
    "costOfRevenue": 3755000000,
    "grossProfit": 3953000000,
    "grossProfitRatio": 0.5128437987,
    "researchAndDevelopmentExpenses": 472000000,
    "generalAndAdministrativeExpenses": 0,
    "sellingAndMarketingExpenses": 0,
    "sellingGeneralAndAdministrativeExpenses": 1923000000,
    "otherExpenses": 0,
    "operatingExpenses": 2395000000,
    "costAndExpenses": 6150000000,
    "interestIncome": 50333000,
    "interestExpense": 135000000,
    "depreciationAndAmortization": 511000000,
    "ebitda": 2118000000,
    "ebitdaratio": 0.2747794499,
    "operatingIncome": 1558000000,
    "operatingIncomeRatio": 0.2021276596,
    "totalOtherIncomeExpensesNet": -86000000,
    "incomeBeforeTax": 1472000000,
    "incomeBeforeTaxRatio": 0.1909704203,
    "incomeTaxExpense": 363000000,
    "netIncome": 1170000000,
    "netIncomeRatio": 0.1517903477,
    "eps": 5.59,
    "epsdiluted": 5.59,
    "weightedAverageShsOut": 205460000,
    "weightedAverageShsOutDil": 209181000,
    "link": "https://www.sec.gov/Archives/edgar/data/10795/000119312512478705/0001193125-12-478705-index.htm",
    "finalLink": "https://www.sec.gov/Archives/edgar/data/10795/000119312512478705/d402053d10k.htm"
  },
  {
    "date": "2011-09-30",
    "symbol": "BDX",
    "reportedCurrency": "USD",
    "cik": "0000010795",
    "fillingDate": "2011-11-23",
    "acceptedDate": "2011-11-23 15:10:52",
    "calendarYear": "2011",
    "period": "FY",
    "revenue": 7584000000,
    "costOfRevenue": 3625000000,
    "grossProfit": 3959000000,
    "grossProfitRatio": 0.5220200422,
    "researchAndDevelopmentExpenses": 470000000,
    "generalAndAdministrativeExpenses": 0,
    "sellingAndMarketingExpenses": 0,
    "sellingGeneralAndAdministrativeExpenses": 1824000000,
    "otherExpenses": -1000000,
    "operatingExpenses": 2293000000,
    "costAndExpenses": 5918000000,
    "interestIncome": 43209000,
    "interestExpense": 84000000,
    "depreciationAndAmortization": 494000000,
    "ebitda": 2196000000,
    "ebitdaratio": 0.289556962,
    "operatingIncome": 1666000000,
    "operatingIncomeRatio": 0.2196729958,
    "totalOtherIncomeExpensesNet": -48000000,
    "incomeBeforeTax": 1618000000,
    "incomeBeforeTaxRatio": 0.2133438819,
    "incomeTaxExpense": 417000000,
    "netIncome": 1271000000,
    "netIncomeRatio": 0.1675896624,
    "eps": 5.75,
    "epsdiluted": 5.62,
    "weightedAverageShsOut": 221175000,
    "weightedAverageShsOutDil": 226280000,
    "link": "https://www.sec.gov/Archives/edgar/data/10795/000095012311100266/0000950123-11-100266-index.htm",
    "finalLink": "https://www.sec.gov/Archives/edgar/data/10795/000095012311100266/y92493e10vk.htm"
  },
  {
    "date": "2010-09-30",
    "symbol": "BDX",
    "reportedCurrency": "USD",
    "cik": "0000010795",
    "fillingDate": "2010-11-24",
    "acceptedDate": "2010-11-24 16:38:04",
    "calendarYear": "2010",
    "period": "FY",
    "revenue": 7124385000,
    "costOfRevenue": 3428308000,
    "grossProfit": 3696077000,
    "grossProfitRatio": 0.5187924291,
    "researchAndDevelopmentExpenses": 422767000,
    "generalAndAdministrativeExpenses": 0,
    "sellingAndMarketingExpenses": 0,
    "sellingGeneralAndAdministrativeExpenses": 1690932000,
    "otherExpenses": 0,
    "operatingExpenses": 2113699000,
    "costAndExpenses": 5542007000,
    "interestIncome": 35129000,
    "interestExpense": 51263000,
    "depreciationAndAmortization": 491416000,
    "ebitda": 2109420000,
    "ebitdaratio": 0.2960845041,
    "operatingIncome": 1582378000,
    "operatingIncomeRatio": 0.2221073117,
    "totalOtherIncomeExpensesNet": -15637000,
    "incomeBeforeTax": 1566741000,
    "incomeBeforeTaxRatio": 0.2199124556,
    "incomeTaxExpense": 451897000,
    "netIncome": 1317610000,
    "netIncomeRatio": 0.1849436829,
    "eps": 5.62,
    "epsdiluted": 5.49,
    "weightedAverageShsOut": 234328000,
    "weightedAverageShsOutDil": 240136000,
    "link": "https://www.sec.gov/Archives/edgar/data/10795/000095012310108757/0000950123-10-108757-index.htm",
    "finalLink": "https://www.sec.gov/Archives/edgar/data/10795/000095012310108757/y85125e10vk.htm"
  },
  {
    "date": "2009-09-30",
    "symbol": "BDX",
    "reportedCurrency": "USD",
    "cik": "0000010795",
    "fillingDate": "2009-11-25",
    "acceptedDate": "2009-11-25 15:40:58",
    "calendarYear": "2009",
    "period": "FY",
    "revenue": 6986722000,
    "costOfRevenue": 3311676000,
    "grossProfit": 3675046000,
    "grossProfitRatio": 0.5260043265,
    "researchAndDevelopmentExpenses": 404567000,
    "generalAndAdministrativeExpenses": 0,
    "sellingAndMarketingExpenses": 0,
    "sellingGeneralAndAdministrativeExpenses": 1680797000,
    "otherExpenses": 0,
    "operatingExpenses": 2085364000,
    "costAndExpenses": 5397040000,
    "interestIncome": 33148000,
    "interestExpense": 40389000,
    "depreciationAndAmortization": 464604000,
    "ebitda": 2083584000,
    "ebitdaratio": 0.2982205389,
    "operatingIncome": 1589682000,
    "operatingIncomeRatio": 0.2275290186,
    "totalOtherIncomeExpensesNet": -11091000,
    "incomeBeforeTax": 1578591000,
    "incomeBeforeTaxRatio": 0.2259415789,
    "incomeTaxExpense": 411246000,
    "netIncome": 1231603000,
    "netIncomeRatio": 0.1762776593,
    "eps": 5.12,
    "epsdiluted": 4.99,
    "weightedAverageShsOut": 240479000,
    "weightedAverageShsOutDil": 246798000,
    "link": "https://www.sec.gov/Archives/edgar/data/10795/000095012309066233/0000950123-09-066233-index.htm",
    "finalLink": "https://www.sec.gov/Archives/edgar/data/10795/000095012309066233/y79446e10vk.htm"
  },
  {
    "date": "2008-09-30",
    "symbol": "BDX",
    "reportedCurrency": "USD",
    "cik": "0000010795",
    "fillingDate": "2008-11-26",
    "acceptedDate": "2008-11-26 17:17:00",
    "calendarYear": "2008",
    "period": "FY",
    "revenue": 7074942000,
    "costOfRevenue": 3446838000,
    "grossProfit": 3628104000,
    "grossProfitRatio": 0.512810423,
    "researchAndDevelopmentExpenses": 395631000,
    "generalAndAdministrativeExpenses": 0,
    "sellingAndMarketingExpenses": 0,
    "sellingGeneralAndAdministrativeExpenses": 1695610000,
    "otherExpenses": 0,
    "operatingExpenses": 2091241000,
    "costAndExpenses": 5538079000,
    "interestIncome": 39368000,
    "interestExpense": 36343000,
    "depreciationAndAmortization": 477124000,
    "ebitda": 2051871000,
    "ebitdaratio": 0.29001948,
    "operatingIncome": 1536863000,
    "operatingIncomeRatio": 0.2172262331,
    "totalOtherIncomeExpensesNet": 1541000,
    "incomeBeforeTax": 1538404000,
    "incomeBeforeTaxRatio": 0.2174440441,
    "incomeTaxExpense": 422537000,
    "netIncome": 1126996000,
    "netIncomeRatio": 0.1592940267,
    "eps": 4.61,
    "epsdiluted": 4.46,
    "weightedAverageShsOut": 244323000,
    "weightedAverageShsOutDil": 252681000,
    "link": "https://www.sec.gov/Archives/edgar/data/10795/000093041308006967/0000930413-08-006967-index.htm",
    "finalLink": "https://www.sec.gov/Archives/edgar/data/10795/000093041308006967/c55725_10k.htm"
  },
  {
    "date": "2007-09-30",
    "symbol": "BDX",
    "reportedCurrency": "USD",
    "cik": "0000010795",
    "fillingDate": "2007-11-23",
    "acceptedDate": "2007-11-21 20:04:10",
    "calendarYear": "2007",
    "period": "FY",
    "revenue": 6359708000,
    "costOfRevenue": 3071921000,
    "grossProfit": 3287787000,
    "grossProfitRatio": 0.5169713767,
    "researchAndDevelopmentExpenses": 360050000,
    "generalAndAdministrativeExpenses": 0,
    "sellingAndMarketingExpenses": 0,
    "sellingGeneralAndAdministrativeExpenses": 1602404000,
    "otherExpenses": 122133000,
    "operatingExpenses": 2084587000,
    "costAndExpenses": 5156508000,
    "interestIncome": 0,
    "interestExpense": 0,
    "depreciationAndAmortization": 441341000,
    "ebitda": 1766674000,
    "ebitdaratio": 0.2777916848,
    "operatingIncome": 1203200000,
    "operatingIncomeRatio": 0.1891910761,
    "totalOtherIncomeExpensesNet": 745000,
    "incomeBeforeTax": 1203945000,
    "incomeBeforeTaxRatio": 0.1893082198,
    "incomeTaxExpense": 347778000,
    "netIncome": 890033000,
    "netIncomeRatio": 0.1399487209,
    "eps": 3.63,
    "epsdiluted": 3.49,
    "weightedAverageShsOut": 245188154,
    "weightedAverageShsOutDil": 255023782,
    "link": "https://www.sec.gov/Archives/edgar/data/10795/000093041307008926/0000930413-07-008926-index.htm",
    "finalLink": "https://www.sec.gov/Archives/edgar/data/10795/000093041307008926/c51308_10-k.htm"
  },
  {
    "date": "2006-09-30",
    "symbol": "BDX",
    "reportedCurrency": "USD",
    "cik": "0000010795",
    "fillingDate": "2006-11-30",
    "acceptedDate": "2006-11-30 17:22:03",
    "calendarYear": "2006",
    "period": "FY",
    "revenue": 5738017000,
    "costOfRevenue": 2793265000,
    "grossProfit": 2944752000,
    "grossProfitRatio": 0.513200292,
    "researchAndDevelopmentExpenses": 301872000,
    "generalAndAdministrativeExpenses": 0,
    "sellingAndMarketingExpenses": 0,
    "sellingGeneralAndAdministrativeExpenses": 1448166000,
    "otherExpenses": 53300000,
    "operatingExpenses": 1803338000,
    "costAndExpenses": 4596603000,
    "interestIncome": 0,
    "interestExpense": 0,
    "depreciationAndAmortization": 402332000,
    "ebitda": 1597046000,
    "ebitdaratio": 0.2783271642,
    "operatingIncome": 1141414000,
    "operatingIncomeRatio": 0.1989213347,
    "totalOtherIncomeExpensesNet": -15512000,
    "incomeBeforeTax": 1125902000,
    "incomeBeforeTaxRatio": 0.1962179617,
    "incomeTaxExpense": 310792000,
    "netIncome": 752280000,
    "netIncomeRatio": 0.1311045262,
    "eps": 3.04,
    "epsdiluted": 2.93,
    "weightedAverageShsOut": 247460526,
    "weightedAverageShsOutDil": 256750853,
    "link": "https://www.sec.gov/Archives/edgar/data/10795/000093041306008311/0000930413-06-008311-index.htm",
    "finalLink": "https://www.sec.gov/Archives/edgar/data/10795/000093041306008311/c45480_10-k.htm"
  },
  {
    "date": "2005-09-30",
    "symbol": "BDX",
    "reportedCurrency": "USD",
    "cik": "0000010795",
    "fillingDate": "2005-12-09",
    "acceptedDate": "2005-12-09 16:45:26",
    "calendarYear": "2005",
    "period": "FY",
    "revenue": 5414681000,
    "costOfRevenue": 2662029000,
    "grossProfit": 2752652000,
    "grossProfitRatio": 0.5083682677,
    "researchAndDevelopmentExpenses": 271626000,
    "generalAndAdministrativeExpenses": 0,
    "sellingAndMarketingExpenses": 0,
    "sellingGeneralAndAdministrativeExpenses": 1449856000,
    "otherExpenses": 1000000,
    "operatingExpenses": 1722482000,
    "costAndExpenses": 4384511000,
    "interestIncome": 0,
    "interestExpense": 0,
    "depreciationAndAmortization": 387496000,
    "ebitda": 1417666000,
    "ebitdaratio": 0.2618189326,
    "operatingIncome": 1030170000,
    "operatingIncomeRatio": 0.1902549753,
    "totalOtherIncomeExpensesNet": -25316000,
    "incomeBeforeTax": 1004854000,
    "incomeBeforeTaxRatio": 0.1855795383,
    "incomeTaxExpense": 312571000,
    "netIncome": 722263000,
    "netIncomeRatio": 0.1333897602,
    "eps": 2.87,
    "epsdiluted": 2.77,
    "weightedAverageShsOut": 251531707,
    "weightedAverageShsOutDil": 260612274,
    "link": "https://www.sec.gov/Archives/edgar/data/10795/000095011705004677/0000950117-05-004677-index.htm",
    "finalLink": "https://www.sec.gov/Archives/edgar/data/10795/000095011705004677/a40895.htm"
  },
  {
    "date": "2004-09-30",
    "symbol": "BDX",
    "reportedCurrency": "USD",
    "cik": "0000010795",
    "fillingDate": "2004-12-13",
    "acceptedDate": "2004-12-13 17:23:05",
    "calendarYear": "2004",
    "period": "FY",
    "revenue": 4934745000,
    "costOfRevenue": 2500362000,
    "grossProfit": 2434383000,
    "grossProfitRatio": 0.4933148521,
    "researchAndDevelopmentExpenses": 235649000,
    "generalAndAdministrativeExpenses": 0,
    "sellingAndMarketingExpenses": 0,
    "sellingGeneralAndAdministrativeExpenses": 1311467000,
    "otherExpenses": 100000000,
    "operatingExpenses": 1647116000,
    "costAndExpenses": 4147478000,
    "interestIncome": 0,
    "interestExpense": 0,
    "depreciationAndAmortization": 357224000,
    "ebitda": 1144491000,
    "ebitdaratio": 0.2319250539,
    "operatingIncome": 787267000,
    "operatingIncomeRatio": 0.1595354978,
    "totalOtherIncomeExpensesNet": -34399000,
    "incomeBeforeTax": 752868000,
    "incomeBeforeTaxRatio": 0.1525647222,
    "incomeTaxExpense": 170364000,
    "netIncome": 467402000,
    "netIncomeRatio": 0.0947165456,
    "eps": 1.85,
    "epsdiluted": 1.77,
    "weightedAverageShsOut": 251506486,
    "weightedAverageShsOutDil": 262874011,
    "link": "https://www.sec.gov/Archives/edgar/data/10795/000095011704004429/0000950117-04-004429-index.htm",
    "finalLink": "https://www.sec.gov/Archives/edgar/data/10795/000095011704004429/a38868.htm"
  },
  {
    "date": "2003-09-30",
    "symbol": "BDX",
    "reportedCurrency": "USD",
    "cik": "0000010795",
    "fillingDate": "2003-12-23",
    "acceptedDate": "2003-12-23 17:23:28",
    "calendarYear": "2003",
    "period": "FY",
    "revenue": 4463509000,
    "costOfRevenue": 2296637000,
    "grossProfit": 2166872000,
    "grossProfitRatio": 0.4854637909,
    "researchAndDevelopmentExpenses": 224237000,
    "generalAndAdministrativeExpenses": 0,
    "sellingAndMarketingExpenses": 0,
    "sellingGeneralAndAdministrativeExpenses": 1181403000,
    "otherExpenses": 0,
    "operatingExpenses": 1405640000,
    "costAndExpenses": 3702277000,
    "interestIncome": 0,
    "interestExpense": 0,
    "depreciationAndAmortization": 335759000,
    "ebitda": 1096991000,
    "ebitdaratio": 0.2457687438,
    "operatingIncome": 761232000,
    "operatingIncomeRatio": 0.1705456402,
    "totalOtherIncomeExpensesNet": -39274000,
    "incomeBeforeTax": 721958000,
    "incomeBeforeTaxRatio": 0.1617467333,
    "incomeTaxExpense": 167028000,
    "netIncome": 547056000,
    "netIncomeRatio": 0.1225618678,
    "eps": 2.14,
    "epsdiluted": 2.07,
    "weightedAverageShsOut": 254538318,
    "weightedAverageShsOutDil": 263145894,
    "link": "https://www.sec.gov/Archives/edgar/data/10795/000095011703005430/0000950117-03-005430-index.htm",
    "finalLink": "https://www.sec.gov/Archives/edgar/data/10795/000095011703005430/a36659.txt"
  },
  {
    "date": "2002-09-30",
    "symbol": "BDX",
    "reportedCurrency": "USD",
    "cik": "0000010795",
    "fillingDate": "2002-12-20",
    "acceptedDate": "2002-12-20 15:45:24",
    "calendarYear": "2002",
    "period": "FY",
    "revenue": 3960359000,
    "costOfRevenue": 2049475000,
    "grossProfit": 1910884000,
    "grossProfitRatio": 0.4825027226,
    "researchAndDevelopmentExpenses": 207204000,
    "generalAndAdministrativeExpenses": 0,
    "sellingAndMarketingExpenses": 0,
    "sellingGeneralAndAdministrativeExpenses": 1007696000,
    "otherExpenses": 21508000,
    "operatingExpenses": 1236408000,
    "costAndExpenses": 3285883000,
    "interestIncome": 0,
    "interestExpense": 0,
    "depreciationAndAmortization": 296576000,
    "ebitda": 971052000,
    "ebitdaratio": 0.2451929232,
    "operatingIncome": 674476000,
    "operatingIncomeRatio": 0.1703067828,
    "totalOtherIncomeExpensesNet": -47009000,
    "incomeBeforeTax": 627467000,
    "incomeBeforeTaxRatio": 0.1584368993,
    "incomeTaxExpense": 148115000,
    "netIncome": 479982000,
    "netIncomeRatio": 0.1211965885,
    "eps": 1.85,
    "epsdiluted": 1.79,
    "weightedAverageShsOut": 258069730,
    "weightedAverageShsOutDil": 266720112,
    "link": "https://www.sec.gov/Archives/edgar/data/10795/000095011702003172/0000950117-02-003172-index.htm",
    "finalLink": "https://www.sec.gov/Archives/edgar/data/10795/000095011702003172/a33929.txt"
  },
  {
    "date": "2001-09-30",
    "symbol": "BDX",
    "reportedCurrency": "USD",
    "cik": "0000010795",
    "fillingDate": "2001-12-21",
    "acceptedDate": "2001-12-21 00:00:00",
    "calendarYear": "2001",
    "period": "FY",
    "revenue": 3754302000,
    "costOfRevenue": 1913292000,
    "grossProfit": 1841010000,
    "grossProfitRatio": 0.4903734436,
    "researchAndDevelopmentExpenses": 211834000,
    "generalAndAdministrativeExpenses": 0,
    "sellingAndMarketingExpenses": 0,
    "sellingGeneralAndAdministrativeExpenses": 983296000,
    "otherExpenses": 0,
    "operatingExpenses": 1195130000,
    "costAndExpenses": 3108422000,
    "interestIncome": 0,
    "interestExpense": 0,
    "depreciationAndAmortization": 305700000,
    "ebitda": 951580000,
    "ebitdaratio": 0.2534638929,
    "operatingIncome": 645880000,
    "operatingIncomeRatio": 0.1720373055,
    "totalOtherIncomeExpensesNet": -69130000,
    "incomeBeforeTax": 576750000,
    "incomeBeforeTaxRatio": 0.1536237628,
    "incomeTaxExpense": 138348000,
    "netIncome": 401652000,
    "netIncomeRatio": 0.1069844674,
    "eps": 1.55,
    "epsdiluted": 1.49,
    "weightedAverageShsOut": 257374839,
    "weightedAverageShsOutDil": 267738926,
    "link": "https://www.sec.gov/Archives/edgar/data/10795/000095011701501836/0000950117-01-501836-index.htm",
    "finalLink": "https://www.sec.gov/Archives/edgar/data/10795/000095011701501836/a31754.txt"
  },
  {
    "date": "2000-09-30",
    "symbol": "BDX",
    "reportedCurrency": "USD",
    "cik": "0000010795",
    "fillingDate": "2000-12-21",
    "acceptedDate": "2000-12-21 00:00:00",
    "calendarYear": "2000",
    "period": "FY",
    "revenue": 3618334000,
    "costOfRevenue": 1560077000,
    "grossProfit": 2058257000,
    "grossProfitRatio": 0.5688410744,
    "researchAndDevelopmentExpenses": 223782000,
    "generalAndAdministrativeExpenses": 0,
    "sellingAndMarketingExpenses": 0,
    "sellingGeneralAndAdministrativeExpenses": 973902000,
    "otherExpenses": 288255000,
    "operatingExpenses": 1485939000,
    "costAndExpenses": 3046016000,
    "interestIncome": 0,
    "interestExpense": 0,
    "depreciationAndAmortization": 288255000,
    "ebitda": 860573000,
    "ebitdaratio": 0.2378368056,
    "operatingIncome": 572318000,
    "operatingIncomeRatio": 0.158171689,
    "totalOtherIncomeExpensesNet": -52384000,
    "incomeBeforeTax": 519934000,
    "incomeBeforeTaxRatio": 0.1436943079,
    "incomeTaxExpense": 127037000,
    "netIncome": 392897000,
    "netIncomeRatio": 0.108585056,
    "eps": 1.54,
    "epsdiluted": 1.49,
    "weightedAverageShsOut": 253234416,
    "weightedAverageShsOutDil": 261732215,
    "link": "https://www.sec.gov/Archives/edgar/data/10795/000095013000006740/0000950130-00-006740-index.htm",
    "finalLink": "https://www.sec.gov/Archives/edgar/data/10795/000095013000006740/0000950130-00-006740-0001.txt"
  },
  {
    "date": "1999-09-30",
    "symbol": "BDX",
    "reportedCurrency": "USD",
    "cik": "0000010795",
    "fillingDate": "1999-12-10",
    "acceptedDate": "1999-12-10 00:00:00",
    "calendarYear": "1999",
    "period": "FY",
    "revenue": 3418400000,
    "costOfRevenue": 1452800000,
    "grossProfit": 1965600000,
    "grossProfitRatio": 0.5750058507,
    "researchAndDevelopmentExpenses": 254000000,
    "generalAndAdministrativeExpenses": 0,
    "sellingAndMarketingExpenses": 0,
    "sellingGeneralAndAdministrativeExpenses": 931900000,
    "otherExpenses": 258900000,
    "operatingExpenses": 1444800000,
    "costAndExpenses": 2897600000,
    "interestIncome": 0,
    "interestExpense": 0,
    "depreciationAndAmortization": 258900000,
    "ebitda": 779700000,
    "ebitdaratio": 0.2280891645,
    "operatingIncome": 520800000,
    "operatingIncomeRatio": 0.1523519775,
    "totalOtherIncomeExpensesNet": -148200000,
    "incomeBeforeTax": 372600000,
    "incomeBeforeTaxRatio": 0.1089983618,
    "incomeTaxExpense": 96900000,
    "netIncome": 275700000,
    "netIncomeRatio": 0.0806517669,
    "eps": 1.09,
    "epsdiluted": 1.04,
    "weightedAverageShsOut": 250091743,
    "weightedAverageShsOutDil": 262115385,
    "link": "https://www.sec.gov/Archives/edgar/data/10795/000095013099006997/0000950130-99-006997-index.html",
    "finalLink": "https://www.sec.gov/Archives/edgar/data/10795/000095013099006997/"
  },
  {
    "date": "1998-09-30",
    "symbol": "BDX",
    "reportedCurrency": "USD",
    "cik": "0000010795",
    "fillingDate": "1998-12-16",
    "acceptedDate": "1998-12-16 00:00:00",
    "calendarYear": "1998",
    "period": "FY",
    "revenue": 3116900000,
    "costOfRevenue": 1312300000,
    "grossProfit": 1804600000,
    "grossProfitRatio": 0.5789726972,
    "researchAndDevelopmentExpenses": 217900000,
    "generalAndAdministrativeExpenses": 0,
    "sellingAndMarketingExpenses": 0,
    "sellingGeneralAndAdministrativeExpenses": 861600000,
    "otherExpenses": 228700000,
    "operatingExpenses": 1308200000,
    "costAndExpenses": 2620500000,
    "interestIncome": 0,
    "interestExpense": 0,
    "depreciationAndAmortization": 228700000,
    "ebitda": 725100000,
    "ebitdaratio": 0.2326349899,
    "operatingIncome": 496400000,
    "operatingIncomeRatio": 0.159260804,
    "totalOtherIncomeExpensesNet": -155500000,
    "incomeBeforeTax": 340900000,
    "incomeBeforeTaxRatio": 0.1093714909,
    "incomeTaxExpense": 104300000,
    "netIncome": 236600000,
    "netIncomeRatio": 0.0759087555,
    "eps": 0.95,
    "epsdiluted": 0.9,
    "weightedAverageShsOut": 245684211,
    "weightedAverageShsOutDil": 259333333,
    "link": "https://www.sec.gov/Archives/edgar/data/10795/000095013098005912/0000950130-98-005912-index.html",
    "finalLink": "https://www.sec.gov/Archives/edgar/data/10795/"
  },
  {
    "date": "1997-09-30",
    "symbol": "BDX",
    "reportedCurrency": "USD",
    "cik": "0000010795",
    "fillingDate": "1997-12-16",
    "acceptedDate": "1997-12-16 00:00:00",
    "calendarYear": "1997",
    "period": "FY",
    "revenue": 2810500000,
    "costOfRevenue": 1203500000,
    "grossProfit": 1607000000,
    "grossProfitRatio": 0.57178438,
    "researchAndDevelopmentExpenses": 180600000,
    "generalAndAdministrativeExpenses": 0,
    "sellingAndMarketingExpenses": 0,
    "sellingGeneralAndAdministrativeExpenses": 766100000,
    "otherExpenses": 209800000,
    "operatingExpenses": 1156500000,
    "costAndExpenses": 2360000000,
    "interestIncome": 0,
    "interestExpense": 0,
    "depreciationAndAmortization": 209800000,
    "ebitda": 660300000,
    "ebitdaratio": 0.2349404021,
    "operatingIncome": 450500000,
    "operatingIncomeRatio": 0.160291763,
    "totalOtherIncomeExpensesNet": -27800000,
    "incomeBeforeTax": 422700000,
    "incomeBeforeTaxRatio": 0.1504002846,
    "incomeTaxExpense": 122600000,
    "netIncome": 300100000,
    "netIncomeRatio": 0.1067781534,
    "eps": 1.15,
    "epsdiluted": 1.15,
    "weightedAverageShsOut": 258608696,
    "weightedAverageShsOutDil": 258608696,
    "link": "https://www.sec.gov/Archives/edgar/data/10795/000095013097005591/0000950130-97-005591-index.html",
    "finalLink": "https://www.sec.gov/Archives/edgar/data/10795/"
  },
  {
    "date": "1996-09-30",
    "symbol": "BDX",
    "reportedCurrency": "USD",
    "cik": "0000010795",
    "fillingDate": "1996-12-18",
    "acceptedDate": "1996-12-18 00:00:00",
    "calendarYear": "1996",
    "period": "FY",
    "revenue": 2769800000,
    "costOfRevenue": 1228700000,
    "grossProfit": 1541100000,
    "grossProfitRatio": 0.5563939635,
    "researchAndDevelopmentExpenses": 0,
    "generalAndAdministrativeExpenses": 0,
    "sellingAndMarketingExpenses": 0,
    "sellingGeneralAndAdministrativeExpenses": 909300000,
    "otherExpenses": 200500000,
    "operatingExpenses": 1109800000,
    "costAndExpenses": 2338500000,
    "interestIncome": 0,
    "interestExpense": 0,
    "depreciationAndAmortization": 200500000,
    "ebitda": 631800000,
    "ebitdaratio": 0.2281031121,
    "operatingIncome": 431300000,
    "operatingIncomeRatio": 0.1557152141,
    "totalOtherIncomeExpensesNet": -37500000,
    "incomeBeforeTax": 393800000,
    "incomeBeforeTaxRatio": 0.1421763304,
    "incomeTaxExpense": 110200000,
    "netIncome": 283600000,
    "netIncomeRatio": 0.1023900643,
    "eps": 1.06,
    "epsdiluted": 1.06,
    "weightedAverageShsOut": 264245283,
    "weightedAverageShsOutDil": 264245283,
    "link": "https://www.sec.gov/Archives/edgar/data/10795/000095013096004827/0000950130-96-004827-index.html",
    "finalLink": "https://www.sec.gov/Archives/edgar/data/10795/"
  },
  {
    "date": "1995-09-30",
    "symbol": "BDX",
    "reportedCurrency": "USD",
    "cik": "0000010795",
    "fillingDate": "1995-12-27",
    "acceptedDate": "1995-12-27 00:00:00",
    "calendarYear": "1995",
    "period": "FY",
    "revenue": 2712500000,
    "costOfRevenue": 1228600000,
    "grossProfit": 1483900000,
    "grossProfitRatio": 0.5470599078,
    "researchAndDevelopmentExpenses": 0,
    "generalAndAdministrativeExpenses": 0,
    "sellingAndMarketingExpenses": 0,
    "sellingGeneralAndAdministrativeExpenses": 879500000,
    "otherExpenses": 207800000,
    "operatingExpenses": 1087300000,
    "costAndExpenses": 2315900000,
    "interestIncome": 0,
    "interestExpense": 0,
    "depreciationAndAmortization": 207800000,
    "ebitda": 604400000,
    "ebitdaratio": 0.2228202765,
    "operatingIncome": 396600000,
    "operatingIncomeRatio": 0.1462119816,
    "totalOtherIncomeExpensesNet": -47000000,
    "incomeBeforeTax": 349600000,
    "incomeBeforeTaxRatio": 0.1288847926,
    "incomeTaxExpense": 97900000,
    "netIncome": 251700000,
    "netIncomeRatio": 0.0927926267,
    "eps": 0.9,
    "epsdiluted": 0.9,
    "weightedAverageShsOut": 276434540,
    "weightedAverageShsOutDil": 276434540,
    "link": "https://www.sec.gov/Archives/edgar/data/10795/000095013095002805/0000950130-95-002805-index.html",
    "finalLink": "https://www.sec.gov/Archives/edgar/data/10795/"
  },
  {
    "date": "1994-09-30",
    "symbol": "BDX",
    "reportedCurrency": "USD",
    "cik": "0000010795",
    "fillingDate": "1994-12-27",
    "acceptedDate": "1994-12-27 00:00:00",
    "calendarYear": "1994",
    "period": "FY",
    "revenue": 2559500000,
    "costOfRevenue": 1195900000,
    "grossProfit": 1363600000,
    "grossProfitRatio": 0.5327603047,
    "researchAndDevelopmentExpenses": 0,
    "generalAndAdministrativeExpenses": 0,
    "sellingAndMarketingExpenses": 0,
    "sellingGeneralAndAdministrativeExpenses": 834800000,
    "otherExpenses": 203700000,
    "operatingExpenses": 1038500000,
    "costAndExpenses": 2234400000,
    "interestIncome": 0,
    "interestExpense": 0,
    "depreciationAndAmortization": 203700000,
    "ebitda": 528800000,
    "ebitdaratio": 0.2066028521,
    "operatingIncome": 325100000,
    "operatingIncomeRatio": 0.1270169955,
    "totalOtherIncomeExpensesNet": -28900000,
    "incomeBeforeTax": 296200000,
    "incomeBeforeTaxRatio": 0.1157257277,
    "incomeTaxExpense": 69000000,
    "netIncome": 227200000,
    "netIncomeRatio": 0.0887673374,
    "eps": 0.76,
    "epsdiluted": 0.76,
    "weightedAverageShsOut": 294426230,
    "weightedAverageShsOutDil": 294426230,
    "link": "https://www.sec.gov/Archives/edgar/data/10795/000095013094001784/0000950130-94-001784-index.html",
    "finalLink": "https://www.sec.gov/Archives/edgar/data/10795/"
  },
  {
    "date": "1993-09-30",
    "symbol": "BDX",
    "reportedCurrency": "USD",
    "cik": "0000010795",
    "fillingDate": "1993-09-30",
    "acceptedDate": "1993-09-29 20:00:00",
    "calendarYear": "1993",
    "period": "FY",
    "revenue": 2465400000,
    "costOfRevenue": 1178600000,
    "grossProfit": 1286800000,
    "grossProfitRatio": 0.5219437008,
    "researchAndDevelopmentExpenses": 0,
    "generalAndAdministrativeExpenses": 0,
    "sellingAndMarketingExpenses": 0,
    "sellingGeneralAndAdministrativeExpenses": 826600000,
    "otherExpenses": 189800000,
    "operatingExpenses": 1016400000,
    "costAndExpenses": 2195000000,
    "interestIncome": 0,
    "interestExpense": 0,
    "depreciationAndAmortization": 189800000,
    "ebitda": 460200000,
    "ebitdaratio": 0.1866634218,
    "operatingIncome": 270400000,
    "operatingIncomeRatio": 0.1096779427,
    "totalOtherIncomeExpensesNet": -47500000,
    "incomeBeforeTax": 222900000,
    "incomeBeforeTaxRatio": 0.0904112923,
    "incomeTaxExpense": 10100000,
    "netIncome": 71700000,
    "netIncomeRatio": 0.0290825018,
    "eps": 0.22,
    "epsdiluted": 0.22,
    "weightedAverageShsOut": 313636364,
    "weightedAverageShsOutDil": 313636364,
    "link": "",
    "finalLink": ""
  },
  {
    "date": "1992-09-30",
    "symbol": "BDX",
    "reportedCurrency": "USD",
    "cik": "0000010795",
    "fillingDate": "1992-09-30",
    "acceptedDate": "1992-09-29 20:00:00",
    "calendarYear": "1992",
    "period": "FY",
    "revenue": 2365300000,
    "costOfRevenue": 1132000000,
    "grossProfit": 1233300000,
    "grossProfitRatio": 0.5214137742,
    "researchAndDevelopmentExpenses": 0,
    "generalAndAdministrativeExpenses": 0,
    "sellingAndMarketingExpenses": 0,
    "sellingGeneralAndAdministrativeExpenses": 735100000,
    "otherExpenses": 169600000,
    "operatingExpenses": 904700000,
    "costAndExpenses": 2036700000,
    "interestIncome": 0,
    "interestExpense": 0,
    "depreciationAndAmortization": 169600000,
    "ebitda": 498200000,
    "ebitdaratio": 0.2106286729,
    "operatingIncome": 328600000,
    "operatingIncomeRatio": 0.1389252949,
    "totalOtherIncomeExpensesNet": -59100000,
    "incomeBeforeTax": 269500000,
    "incomeBeforeTaxRatio": 0.1139390352,
    "incomeTaxExpense": 68700000,
    "netIncome": 200800000,
    "netIncomeRatio": 0.0848940938,
    "eps": 0.65,
    "epsdiluted": 0.65,
    "weightedAverageShsOut": 305076923,
    "weightedAverageShsOutDil": 305076923,
    "link": "",
    "finalLink": ""
  },
  {
    "date": "1991-09-30",
    "symbol": "BDX",
    "reportedCurrency": "USD",
    "cik": "0000010795",
    "fillingDate": "1991-09-30",
    "acceptedDate": "1991-09-29 20:00:00",
    "calendarYear": "1991",
    "period": "FY",
    "revenue": 2172200000,
    "costOfRevenue": 1022500000,
    "grossProfit": 1149700000,
    "grossProfitRatio": 0.5292790719,
    "researchAndDevelopmentExpenses": 0,
    "generalAndAdministrativeExpenses": 0,
    "sellingAndMarketingExpenses": 0,
    "sellingGeneralAndAdministrativeExpenses": 686100000,
    "otherExpenses": 149900000,
    "operatingExpenses": 836000000,
    "costAndExpenses": 1858500000,
    "interestIncome": 0,
    "interestExpense": 0,
    "depreciationAndAmortization": 149900000,
    "ebitda": 463600000,
    "ebitdaratio": 0.2134241783,
    "operatingIncome": 313700000,
    "operatingIncomeRatio": 0.1444157997,
    "totalOtherIncomeExpensesNet": -46400000,
    "incomeBeforeTax": 267300000,
    "incomeBeforeTaxRatio": 0.1230549673,
    "incomeTaxExpense": 77500000,
    "netIncome": 189800000,
    "netIncomeRatio": 0.087376853,
    "eps": 0.61,
    "epsdiluted": 0.61,
    "weightedAverageShsOut": 306885246,
    "weightedAverageShsOutDil": 306885246,
    "link": "",
    "finalLink": ""
  },
  {
    "date": "1990-09-30",
    "symbol": "BDX",
    "reportedCurrency": "USD",
    "cik": "0000010795",
    "fillingDate": "1990-09-30",
    "acceptedDate": "1990-09-29 20:00:00",
    "calendarYear": "1990",
    "period": "FY",
    "revenue": 2012700000,
    "costOfRevenue": 955600000,
    "grossProfit": 1057100000,
    "grossProfitRatio": 0.5252148855,
    "researchAndDevelopmentExpenses": 0,
    "generalAndAdministrativeExpenses": 0,
    "sellingAndMarketingExpenses": 0,
    "sellingGeneralAndAdministrativeExpenses": 615900000,
    "otherExpenses": 135700000,
    "operatingExpenses": 751600000,
    "costAndExpenses": 1707200000,
    "interestIncome": 0,
    "interestExpense": 0,
    "depreciationAndAmortization": 135700000,
    "ebitda": 441200000,
    "ebitdaratio": 0.219208029,
    "operatingIncome": 305500000,
    "operatingIncomeRatio": 0.1517861579,
    "totalOtherIncomeExpensesNet": -31300000,
    "incomeBeforeTax": 274200000,
    "incomeBeforeTaxRatio": 0.1362349083,
    "incomeTaxExpense": 91900000,
    "netIncome": 182300000,
    "netIncomeRatio": 0.0905748497,
    "eps": 0.59,
    "epsdiluted": 0.59,
    "weightedAverageShsOut": 305932203,
    "weightedAverageShsOutDil": 305932203,
    "link": "",
    "finalLink": ""
  },
  {
    "date": "1989-09-30",
    "symbol": "BDX",
    "reportedCurrency": "USD",
    "cik": "0000010795",
    "fillingDate": "1989-09-30",
    "acceptedDate": "1989-09-29 20:00:00",
    "calendarYear": "1989",
    "period": "FY",
    "revenue": 1811500000,
    "costOfRevenue": 861200000,
    "grossProfit": 950300000,
    "grossProfitRatio": 0.5245928788,
    "researchAndDevelopmentExpenses": 0,
    "generalAndAdministrativeExpenses": 0,
    "sellingAndMarketingExpenses": 0,
    "sellingGeneralAndAdministrativeExpenses": 572500000,
    "otherExpenses": 121900000,
    "operatingExpenses": 694400000,
    "costAndExpenses": 1555600000,
    "interestIncome": 0,
    "interestExpense": 0,
    "depreciationAndAmortization": 121900000,
    "ebitda": 377800000,
    "ebitdaratio": 0.2085564449,
    "operatingIncome": 255900000,
    "operatingIncomeRatio": 0.1412641457,
    "totalOtherIncomeExpensesNet": -28100000,
    "incomeBeforeTax": 227800000,
    "incomeBeforeTaxRatio": 0.1257521391,
    "incomeTaxExpense": 69800000,
    "netIncome": 168900000,
    "netIncomeRatio": 0.0932376484,
    "eps": 0.54,
    "epsdiluted": 0.54,
    "weightedAverageShsOut": 312777778,
    "weightedAverageShsOutDil": 312777778,
    "link": "",
    "finalLink": ""
  },
  {
    "date": "1988-09-30",
    "symbol": "BDX",
    "reportedCurrency": "USD",
    "cik": "0000010795",
    "fillingDate": "1988-09-30",
    "acceptedDate": "1988-09-29 20:00:00",
    "calendarYear": "1988",
    "period": "FY",
    "revenue": 1709400000,
    "costOfRevenue": 805100000,
    "grossProfit": 904300000,
    "grossProfitRatio": 0.529016029,
    "researchAndDevelopmentExpenses": 0,
    "generalAndAdministrativeExpenses": 0,
    "sellingAndMarketingExpenses": 0,
    "sellingGeneralAndAdministrativeExpenses": 556000000,
    "otherExpenses": 109200000,
    "operatingExpenses": 665200000,
    "costAndExpenses": 1470300000,
    "interestIncome": 0,
    "interestExpense": 0,
    "depreciationAndAmortization": 109200000,
    "ebitda": 348300000,
    "ebitdaratio": 0.2037557038,
    "operatingIncome": 239100000,
    "operatingIncomeRatio": 0.1398736399,
    "totalOtherIncomeExpensesNet": -32800000,
    "incomeBeforeTax": 206300000,
    "incomeBeforeTaxRatio": 0.1206856207,
    "incomeTaxExpense": 57400000,
    "netIncome": 162000000,
    "netIncomeRatio": 0.0947700948,
    "eps": 0.51,
    "epsdiluted": 0.51,
    "weightedAverageShsOut": 317647059,
    "weightedAverageShsOutDil": 317647059,
    "link": "",
    "finalLink": ""
  },
  {
    "date": "1987-09-30",
    "symbol": "BDX",
    "reportedCurrency": "USD",
    "cik": "0000010795",
    "fillingDate": "1987-09-30",
    "acceptedDate": "1987-09-29 20:00:00",
    "calendarYear": "1987",
    "period": "FY",
    "revenue": 1582000000,
    "costOfRevenue": 762700000,
    "grossProfit": 819300000,
    "grossProfitRatio": 0.5178887484,
    "researchAndDevelopmentExpenses": 0,
    "generalAndAdministrativeExpenses": 0,
    "sellingAndMarketingExpenses": 0,
    "sellingGeneralAndAdministrativeExpenses": 500200000,
    "otherExpenses": 92700000,
    "operatingExpenses": 592900000,
    "costAndExpenses": 1355600000,
    "interestIncome": 0,
    "interestExpense": 0,
    "depreciationAndAmortization": 92700000,
    "ebitda": 319100000,
    "ebitdaratio": 0.2017067004,
    "operatingIncome": 226400000,
    "operatingIncomeRatio": 0.1431099874,
    "totalOtherIncomeExpensesNet": -17600000,
    "incomeBeforeTax": 208800000,
    "incomeBeforeTaxRatio": 0.1319848293,
    "incomeTaxExpense": 67000000,
    "netIncome": 141800000,
    "netIncomeRatio": 0.0896333755,
    "eps": 0.43,
    "epsdiluted": 0.43,
    "weightedAverageShsOut": 329767442,
    "weightedAverageShsOutDil": 329767442,
    "link": "",
    "finalLink": ""
  },
  {
    "date": "1986-09-30",
    "symbol": "BDX",
    "reportedCurrency": "USD",
    "cik": "0000010795",
    "fillingDate": "1986-09-30",
    "acceptedDate": "1986-09-29 20:00:00",
    "calendarYear": "1986",
    "period": "FY",
    "revenue": 1311600000,
    "costOfRevenue": 626800000,
    "grossProfit": 684800000,
    "grossProfitRatio": 0.5221103995,
    "researchAndDevelopmentExpenses": 0,
    "generalAndAdministrativeExpenses": 0,
    "sellingAndMarketingExpenses": 0,
    "sellingGeneralAndAdministrativeExpenses": 436400000,
    "otherExpenses": 65200000,
    "operatingExpenses": 501600000,
    "costAndExpenses": 1128400000,
    "interestIncome": 0,
    "interestExpense": 0,
    "depreciationAndAmortization": 65200000,
    "ebitda": 248400000,
    "ebitdaratio": 0.1893870082,
    "operatingIncome": 183200000,
    "operatingIncomeRatio": 0.1396767307,
    "totalOtherIncomeExpensesNet": -10500000,
    "incomeBeforeTax": 172700000,
    "incomeBeforeTaxRatio": 0.1316712412,
    "incomeTaxExpense": 60800000,
    "netIncome": 111900000,
    "netIncomeRatio": 0.085315645,
    "eps": 0.33,
    "epsdiluted": 0.33,
    "weightedAverageShsOut": 339090909,
    "weightedAverageShsOutDil": 339090909,
    "link": "",
    "finalLink": ""
  },
  {
    "date": "1985-09-30",
    "symbol": "BDX",
    "reportedCurrency": "USD",
    "cik": "0000010795",
    "fillingDate": "1985-09-30",
    "acceptedDate": "1985-09-29 20:00:00",
    "calendarYear": "1985",
    "period": "FY",
    "revenue": 1143800000,
    "costOfRevenue": 566200000,
    "grossProfit": 577600000,
    "grossProfitRatio": 0.5049833887,
    "researchAndDevelopmentExpenses": 0,
    "generalAndAdministrativeExpenses": 0,
    "sellingAndMarketingExpenses": 0,
    "sellingGeneralAndAdministrativeExpenses": 380500000,
    "otherExpenses": 59400000,
    "operatingExpenses": 439900000,
    "costAndExpenses": 1006100000,
    "interestIncome": 0,
    "interestExpense": 0,
    "depreciationAndAmortization": 59400000,
    "ebitda": 197100000,
    "ebitdaratio": 0.1723203357,
    "operatingIncome": 137700000,
    "operatingIncomeRatio": 0.1203881798,
    "totalOtherIncomeExpensesNet": -6700000,
    "incomeBeforeTax": 131000000,
    "incomeBeforeTaxRatio": 0.1145305123,
    "incomeTaxExpense": 43000000,
    "netIncome": 88000000,
    "netIncomeRatio": 0.0769365274,
    "eps": 0.27,
    "epsdiluted": 0.27,
    "weightedAverageShsOut": 325925926,
    "weightedAverageShsOutDil": 325925926,
    "link": "",
    "finalLink": ""
  }
]