[
  {
    "date": "2025-06-30",
    "symbol": "BEN",
    "reportedCurrency": "USD",
    "cik": "0000038777",
    "fillingDate": "2025-08-01",
    "acceptedDate": "2025-08-01 14:06:41",
    "calendarYear": "2025",
    "period": "Q3",
    "revenue": 2064000000,
    "costOfRevenue": 428200000,
    "grossProfit": 1635800000,
    "grossProfitRatio": 0.7925387597,
    "researchAndDevelopmentExpenses": 0,
    "generalAndAdministrativeExpenses": 676100000,
    "sellingAndMarketingExpenses": 480700000,
    "sellingGeneralAndAdministrativeExpenses": 1156800000,
    "otherExpenses": 324900000,
    "operatingExpenses": 1481700000,
    "costAndExpenses": 1909900000,
    "interestIncome": 0,
    "interestExpense": 25800000,
    "depreciationAndAmortization": 145700000,
    "ebitda": 348100000,
    "ebitdaratio": 0.1686531008,
    "operatingIncome": 154100000,
    "operatingIncomeRatio": 0.0746608527,
    "totalOtherIncomeExpensesNet": 22500000,
    "incomeBeforeTax": 176600000,
    "incomeBeforeTaxRatio": 0.0855620155,
    "incomeTaxExpense": 59900000,
    "netIncome": 79000000,
    "netIncomeRatio": 0.0382751938,
    "eps": 0.1532,
    "epsdiluted": 0.153,
    "weightedAverageShsOut": 515700000,
    "weightedAverageShsOutDil": 516500000,
    "link": "https://www.sec.gov/Archives/edgar/data/38777/000003877725000135/0000038777-25-000135-index.htm",
    "finalLink": "https://www.sec.gov/Archives/edgar/data/38777/000003877725000135/ben-20250630.htm"
  },
  {
    "date": "2025-03-31",
    "symbol": "BEN",
    "reportedCurrency": "USD",
    "cik": "0000038777",
    "fillingDate": "2025-05-02",
    "acceptedDate": "2025-05-02 08:44:30",
    "calendarYear": "2025",
    "period": "Q2",
    "revenue": 2111400000,
    "costOfRevenue": 445900000,
    "grossProfit": 1665500000,
    "grossProfitRatio": 0.7888131098,
    "researchAndDevelopmentExpenses": 0,
    "generalAndAdministrativeExpenses": 675300000,
    "sellingAndMarketingExpenses": 498100000,
    "sellingGeneralAndAdministrativeExpenses": 1173400000,
    "otherExpenses": 346500000,
    "operatingExpenses": 1519900000,
    "costAndExpenses": 1965800000,
    "interestIncome": 0,
    "interestExpense": 20800000,
    "depreciationAndAmortization": 143000000,
    "ebitda": 206500000,
    "ebitdaratio": 0.097802406,
    "operatingIncome": 145600000,
    "operatingIncomeRatio": 0.0689589846,
    "totalOtherIncomeExpensesNet": -102900000,
    "incomeBeforeTax": 42700000,
    "incomeBeforeTaxRatio": 0.0202235484,
    "incomeTaxExpense": 31100000,
    "netIncome": 151400000,
    "netIncomeRatio": 0.0717059771,
    "eps": 0.29,
    "epsdiluted": 0.29,
    "weightedAverageShsOut": 517400000,
    "weightedAverageShsOutDil": 518200000,
    "link": "https://www.sec.gov/Archives/edgar/data/38777/000003877725000075/0000038777-25-000075-index.htm",
    "finalLink": "https://www.sec.gov/Archives/edgar/data/38777/000003877725000075/ben-20250331.htm"
  },
  {
    "date": "2024-12-31",
    "symbol": "BEN",
    "reportedCurrency": "USD",
    "cik": "0000038777",
    "fillingDate": "2025-01-31",
    "acceptedDate": "2025-01-31 08:47:50",
    "calendarYear": "2025",
    "period": "Q1",
    "revenue": 2251600000,
    "costOfRevenue": 423600000,
    "grossProfit": 1828000000,
    "grossProfitRatio": 0.8118671167,
    "researchAndDevelopmentExpenses": 0,
    "generalAndAdministrativeExpenses": 713200000,
    "sellingAndMarketingExpenses": 512300000,
    "sellingGeneralAndAdministrativeExpenses": 1225500000,
    "otherExpenses": 383500000,
    "operatingExpenses": 1609000000,
    "costAndExpenses": 2032600000,
    "interestIncome": 0,
    "interestExpense": 23100000,
    "depreciationAndAmortization": 142800000,
    "ebitda": 479100000,
    "ebitdaratio": 0.2127820217,
    "operatingIncome": 219000000,
    "operatingIncomeRatio": 0.0972641677,
    "totalOtherIncomeExpensesNet": 94200000,
    "incomeBeforeTax": 313200000,
    "incomeBeforeTaxRatio": 0.1391010837,
    "incomeTaxExpense": 81100000,
    "netIncome": 163600000,
    "netIncomeRatio": 0.0726594422,
    "eps": 0.29,
    "epsdiluted": 0.29,
    "weightedAverageShsOut": 517400000,
    "weightedAverageShsOutDil": 518200000,
    "link": "https://www.sec.gov/Archives/edgar/data/38777/000003877725000017/0000038777-25-000017-index.htm",
    "finalLink": "https://www.sec.gov/Archives/edgar/data/38777/000003877725000017/ben-20241231.htm"
  },
  {
    "date": "2024-09-30",
    "symbol": "BEN",
    "reportedCurrency": "USD",
    "cik": "0000038777",
    "fillingDate": "2024-11-12",
    "acceptedDate": "2024-11-12 14:07:56",
    "calendarYear": "2024",
    "period": "Q4",
    "revenue": 2211200000,
    "costOfRevenue": 436900000,
    "grossProfit": 1774300000,
    "grossProfitRatio": 0.8024149783,
    "researchAndDevelopmentExpenses": 0,
    "generalAndAdministrativeExpenses": 720900000,
    "sellingAndMarketingExpenses": 496900000,
    "sellingGeneralAndAdministrativeExpenses": 1217800000,
    "otherExpenses": 707200000,
    "operatingExpenses": 1925000000,
    "costAndExpenses": 2361900000,
    "interestIncome": 0,
    "interestExpense": 25000000,
    "depreciationAndAmortization": 113800000,
    "ebitda": 92600000,
    "ebitdaratio": 0.0418777135,
    "operatingIncome": -150700000,
    "operatingIncomeRatio": -0.0681530391,
    "totalOtherIncomeExpensesNet": 104500000,
    "incomeBeforeTax": -46200000,
    "incomeBeforeTaxRatio": -0.0208936324,
    "incomeTaxExpense": 9500000,
    "netIncome": -84700000,
    "netIncomeRatio": -0.0383049928,
    "eps": -0.16,
    "epsdiluted": -0.16,
    "weightedAverageShsOut": 516200000,
    "weightedAverageShsOutDil": 516200000,
    "link": "https://www.sec.gov/Archives/edgar/data/38777/000003877724000206/0000038777-24-000206-index.htm",
    "finalLink": "https://www.sec.gov/Archives/edgar/data/38777/000003877724000206/ben-20240930.htm"
  },
  {
    "date": "2024-06-30",
    "symbol": "BEN",
    "reportedCurrency": "USD",
    "cik": "0000038777",
    "fillingDate": "2024-07-26",
    "acceptedDate": "2024-07-26 14:13:36",
    "calendarYear": "2024",
    "period": "Q3",
    "revenue": 2122900000,
    "costOfRevenue": 425000000,
    "grossProfit": 1697900000,
    "grossProfitRatio": 0.7998021574,
    "researchAndDevelopmentExpenses": 0,
    "generalAndAdministrativeExpenses": 710000000,
    "sellingAndMarketingExpenses": 481100000,
    "sellingGeneralAndAdministrativeExpenses": 1191100000,
    "otherExpenses": 284300000,
    "operatingExpenses": 1475400000,
    "costAndExpenses": 1900400000,
    "interestIncome": 0,
    "interestExpense": 25700000,
    "depreciationAndAmortization": 113000000,
    "ebitda": 438800000,
    "ebitdaratio": 0.2066983843,
    "operatingIncome": 222500000,
    "operatingIncomeRatio": 0.1048094588,
    "totalOtherIncomeExpensesNet": 77600000,
    "incomeBeforeTax": 300100000,
    "incomeBeforeTaxRatio": 0.1413632295,
    "incomeTaxExpense": 68100000,
    "netIncome": 174000000,
    "netIncomeRatio": 0.081963352,
    "eps": 0.32,
    "epsdiluted": 0.32,
    "weightedAverageShsOut": 516500000,
    "weightedAverageShsOutDil": 517200000,
    "link": "https://www.sec.gov/Archives/edgar/data/38777/000003877724000115/0000038777-24-000115-index.htm",
    "finalLink": "https://www.sec.gov/Archives/edgar/data/38777/000003877724000115/ben-20240630.htm"
  },
  {
    "date": "2024-03-31",
    "symbol": "BEN",
    "reportedCurrency": "USD",
    "cik": "0000038777",
    "fillingDate": "2024-04-29",
    "acceptedDate": "2024-04-29 08:40:25",
    "calendarYear": "2024",
    "period": "Q2",
    "revenue": 2152800000,
    "costOfRevenue": 453800000,
    "grossProfit": 1699000000,
    "grossProfitRatio": 0.7892047566,
    "researchAndDevelopmentExpenses": 0,
    "generalAndAdministrativeExpenses": 726800000,
    "sellingAndMarketingExpenses": 484300000,
    "sellingGeneralAndAdministrativeExpenses": 1211100000,
    "otherExpenses": 358600000,
    "operatingExpenses": 1569700000,
    "costAndExpenses": 2023500000,
    "interestIncome": 0,
    "interestExpense": 27700000,
    "depreciationAndAmortization": 116400000,
    "ebitda": 382200000,
    "ebitdaratio": 0.1775362319,
    "operatingIncome": 129300000,
    "operatingIncomeRatio": 0.0600613155,
    "totalOtherIncomeExpensesNet": 108800000,
    "incomeBeforeTax": 238100000,
    "incomeBeforeTaxRatio": 0.1106001486,
    "incomeTaxExpense": 62800000,
    "netIncome": 124200000,
    "netIncomeRatio": 0.0576923077,
    "eps": 0.23,
    "epsdiluted": 0.23,
    "weightedAverageShsOut": 518400000,
    "weightedAverageShsOutDil": 519200000,
    "link": "https://www.sec.gov/Archives/edgar/data/38777/000003877724000069/0000038777-24-000069-index.htm",
    "finalLink": "https://www.sec.gov/Archives/edgar/data/38777/000003877724000069/ben-20240331.htm"
  },
  {
    "date": "2023-12-31",
    "symbol": "BEN",
    "reportedCurrency": "USD",
    "cik": "0000038777",
    "fillingDate": "2024-01-29",
    "acceptedDate": "2024-01-29 08:43:12",
    "calendarYear": "2024",
    "period": "Q1",
    "revenue": 1991100000,
    "costOfRevenue": 370900000,
    "grossProfit": 1620200000,
    "grossProfitRatio": 0.8137210587,
    "researchAndDevelopmentExpenses": 0,
    "generalAndAdministrativeExpenses": 654400000,
    "sellingAndMarketingExpenses": 400800000,
    "sellingGeneralAndAdministrativeExpenses": 1055200000,
    "otherExpenses": 358500000,
    "operatingExpenses": 1413700000,
    "costAndExpenses": 1784600000,
    "interestIncome": 0,
    "interestExpense": 18800000,
    "depreciationAndAmortization": 111500000,
    "ebitda": 461500000,
    "ebitdaratio": 0.2317814274,
    "operatingIncome": 206500000,
    "operatingIncomeRatio": 0.1037115162,
    "totalOtherIncomeExpensesNet": 124700000,
    "incomeBeforeTax": 331200000,
    "incomeBeforeTaxRatio": 0.166340214,
    "incomeTaxExpense": 74900000,
    "netIncome": 251300000,
    "netIncomeRatio": 0.1262116418,
    "eps": 0.5,
    "epsdiluted": 0.5,
    "weightedAverageShsOut": 487000000,
    "weightedAverageShsOutDil": 487900000,
    "link": "https://www.sec.gov/Archives/edgar/data/38777/000003877724000006/0000038777-24-000006-index.htm",
    "finalLink": "https://www.sec.gov/Archives/edgar/data/38777/000003877724000006/ben-20231231.htm"
  },
  {
    "date": "2023-09-30",
    "symbol": "BEN",
    "reportedCurrency": "USD",
    "cik": "0000038777",
    "fillingDate": "2023-11-14",
    "acceptedDate": "2023-11-13 18:13:39",
    "calendarYear": "2023",
    "period": "Q4",
    "revenue": 1986100000,
    "costOfRevenue": 367900000,
    "grossProfit": 1618200000,
    "grossProfitRatio": 0.8147626001,
    "researchAndDevelopmentExpenses": 0,
    "generalAndAdministrativeExpenses": 591600000,
    "sellingAndMarketingExpenses": 411100000,
    "sellingGeneralAndAdministrativeExpenses": 1002700000,
    "otherExpenses": 277200000,
    "operatingExpenses": 1279900000,
    "costAndExpenses": 1647800000,
    "interestIncome": 0,
    "interestExpense": 24400000,
    "depreciationAndAmortization": 112500000,
    "ebitda": 560400000,
    "ebitdaratio": 0.2821610191,
    "operatingIncome": 338300000,
    "operatingIncomeRatio": 0.17033382,
    "totalOtherIncomeExpensesNet": 85200000,
    "incomeBeforeTax": 423500000,
    "incomeBeforeTaxRatio": 0.2132319621,
    "incomeTaxExpense": 75000000,
    "netIncome": 295500000,
    "netIncomeRatio": 0.1487840491,
    "eps": 0.58,
    "epsdiluted": 0.58,
    "weightedAverageShsOut": 489200000,
    "weightedAverageShsOutDil": 490000000,
    "link": "https://www.sec.gov/Archives/edgar/data/38777/000003877723000169/0000038777-23-000169-index.htm",
    "finalLink": "https://www.sec.gov/Archives/edgar/data/38777/000003877723000169/ben-20230930.htm"
  },
  {
    "date": "2023-06-30",
    "symbol": "BEN",
    "reportedCurrency": "USD",
    "cik": "0000038777",
    "fillingDate": "2023-07-28",
    "acceptedDate": "2023-07-28 08:43:15",
    "calendarYear": "2023",
    "period": "Q3",
    "revenue": 1969000000,
    "costOfRevenue": 373900000,
    "grossProfit": 1595100000,
    "grossProfitRatio": 0.8101066531,
    "researchAndDevelopmentExpenses": 0,
    "generalAndAdministrativeExpenses": 627800000,
    "sellingAndMarketingExpenses": 406800000,
    "sellingGeneralAndAdministrativeExpenses": 1034600000,
    "otherExpenses": 245600000,
    "operatingExpenses": 1280200000,
    "costAndExpenses": 1654100000,
    "interestIncome": 0,
    "interestExpense": 34900000,
    "depreciationAndAmortization": 110800000,
    "ebitda": 476400000,
    "ebitdaratio": 0.2419502285,
    "operatingIncome": 314900000,
    "operatingIncomeRatio": 0.1599288979,
    "totalOtherIncomeExpensesNet": 15800000,
    "incomeBeforeTax": 330700000,
    "incomeBeforeTaxRatio": 0.1679532758,
    "incomeTaxExpense": 84100000,
    "netIncome": 227500000,
    "netIncomeRatio": 0.1155408837,
    "eps": 0.44,
    "epsdiluted": 0.44,
    "weightedAverageShsOut": 490700000,
    "weightedAverageShsOutDil": 491400000,
    "link": "https://www.sec.gov/Archives/edgar/data/38777/000003877723000106/0000038777-23-000106-index.htm",
    "finalLink": "https://www.sec.gov/Archives/edgar/data/38777/000003877723000106/ben-20230630.htm"
  },
  {
    "date": "2023-03-31",
    "symbol": "BEN",
    "reportedCurrency": "USD",
    "cik": "0000038777",
    "fillingDate": "2023-05-01",
    "acceptedDate": "2023-05-01 08:56:01",
    "calendarYear": "2023",
    "period": "Q2",
    "revenue": 1927200000,
    "costOfRevenue": 397100000,
    "grossProfit": 1530100000,
    "grossProfitRatio": 0.7939497717,
    "researchAndDevelopmentExpenses": 0,
    "generalAndAdministrativeExpenses": 623200000,
    "sellingAndMarketingExpenses": 406600000,
    "sellingGeneralAndAdministrativeExpenses": 1029800000,
    "otherExpenses": 245200000,
    "operatingExpenses": 1275000000,
    "costAndExpenses": 1672100000,
    "interestIncome": 0,
    "interestExpense": 33500000,
    "depreciationAndAmortization": 113800000,
    "ebitda": 513300000,
    "ebitdaratio": 0.2663449564,
    "operatingIncome": 255100000,
    "operatingIncomeRatio": 0.1323682026,
    "totalOtherIncomeExpensesNet": 110900000,
    "incomeBeforeTax": 366000000,
    "incomeBeforeTaxRatio": 0.1899128269,
    "incomeTaxExpense": 92900000,
    "netIncome": 194200000,
    "netIncomeRatio": 0.1007679535,
    "eps": 0.69,
    "epsdiluted": 0.69,
    "weightedAverageShsOut": 490700000,
    "weightedAverageShsOutDil": 491400000,
    "link": "https://www.sec.gov/Archives/edgar/data/38777/000003877723000072/0000038777-23-000072-index.htm",
    "finalLink": "https://www.sec.gov/Archives/edgar/data/38777/000003877723000072/ben-20230331.htm"
  },
  {
    "date": "2022-12-31",
    "symbol": "BEN",
    "reportedCurrency": "USD",
    "cik": "0000038777",
    "fillingDate": "2023-01-30",
    "acceptedDate": "2023-01-30 08:46:27",
    "calendarYear": "2023",
    "period": "Q1",
    "revenue": 1967100000,
    "costOfRevenue": 360600000,
    "grossProfit": 1606500000,
    "grossProfitRatio": 0.8166844594,
    "researchAndDevelopmentExpenses": 0,
    "generalAndAdministrativeExpenses": 611200000,
    "sellingAndMarketingExpenses": 388600000,
    "sellingGeneralAndAdministrativeExpenses": 999800000,
    "otherExpenses": 412700000,
    "operatingExpenses": 1412500000,
    "costAndExpenses": 1773100000,
    "interestIncome": 0,
    "interestExpense": 30900000,
    "depreciationAndAmortization": 108300000,
    "ebitda": 368300000,
    "ebitdaratio": 0.1872299324,
    "operatingIncome": 194000000,
    "operatingIncomeRatio": 0.0986223375,
    "totalOtherIncomeExpensesNet": 35100000,
    "incomeBeforeTax": 229100000,
    "incomeBeforeTaxRatio": 0.1164658635,
    "incomeTaxExpense": 60300000,
    "netIncome": 165600000,
    "netIncomeRatio": 0.0841848406,
    "eps": 0.32,
    "epsdiluted": 0.32,
    "weightedAverageShsOut": 489600000,
    "weightedAverageShsOutDil": 490200000,
    "link": "https://www.sec.gov/Archives/edgar/data/38777/000003877723000009/0000038777-23-000009-index.htm",
    "finalLink": "https://www.sec.gov/Archives/edgar/data/38777/000003877723000009/ben-20221231.htm"
  },
  {
    "date": "2022-09-30",
    "symbol": "BEN",
    "reportedCurrency": "USD",
    "cik": "0000038777",
    "fillingDate": "2022-11-14",
    "acceptedDate": "2022-11-14 17:11:49",
    "calendarYear": "2022",
    "period": "Q4",
    "revenue": 1939000000,
    "costOfRevenue": 347500000,
    "grossProfit": 1591500000,
    "grossProfitRatio": 0.8207839092,
    "researchAndDevelopmentExpenses": 0,
    "generalAndAdministrativeExpenses": 576300000,
    "sellingAndMarketingExpenses": 412800000,
    "sellingGeneralAndAdministrativeExpenses": 989100000,
    "otherExpenses": 253900000,
    "operatingExpenses": 1243000000,
    "costAndExpenses": 1590500000,
    "interestIncome": 0,
    "interestExpense": 27100000,
    "depreciationAndAmortization": 108500000,
    "ebitda": 389800000,
    "ebitdaratio": 0.2010314595,
    "operatingIncome": 348500000,
    "operatingIncomeRatio": 0.1797318205,
    "totalOtherIncomeExpensesNet": -94300000,
    "incomeBeforeTax": 254200000,
    "incomeBeforeTaxRatio": 0.1310985044,
    "incomeTaxExpense": 48500000,
    "netIncome": 232700000,
    "netIncomeRatio": 0.1200103146,
    "eps": 0.46,
    "epsdiluted": 0.46,
    "weightedAverageShsOut": 487700000,
    "weightedAverageShsOutDil": 488200000,
    "link": "https://www.sec.gov/Archives/edgar/data/38777/000003877722000198/0000038777-22-000198-index.htm",
    "finalLink": "https://www.sec.gov/Archives/edgar/data/38777/000003877722000198/ben-20220930.htm"
  },
  {
    "date": "2022-06-30",
    "symbol": "BEN",
    "reportedCurrency": "USD",
    "cik": "0000038777",
    "fillingDate": "2022-07-28",
    "acceptedDate": "2022-07-28 09:05:35",
    "calendarYear": "2022",
    "period": "Q3",
    "revenue": 2031300000,
    "costOfRevenue": 366500000,
    "grossProfit": 1664800000,
    "grossProfitRatio": 0.819573672,
    "researchAndDevelopmentExpenses": 0,
    "generalAndAdministrativeExpenses": 567900000,
    "sellingAndMarketingExpenses": 440300000,
    "sellingGeneralAndAdministrativeExpenses": 1008200000,
    "otherExpenses": 251900000,
    "operatingExpenses": 1260100000,
    "costAndExpenses": 1626600000,
    "interestIncome": 0,
    "interestExpense": 28900000,
    "depreciationAndAmortization": 107900000,
    "ebitda": 449900000,
    "ebitdaratio": 0.2214837789,
    "operatingIncome": 404700000,
    "operatingIncomeRatio": 0.1992320189,
    "totalOtherIncomeExpensesNet": -91600000,
    "incomeBeforeTax": 313100000,
    "incomeBeforeTaxRatio": 0.1541377443,
    "incomeTaxExpense": 89500000,
    "netIncome": 256400000,
    "netIncomeRatio": 0.1262245852,
    "eps": 0.5,
    "epsdiluted": 0.5,
    "weightedAverageShsOut": 487500000,
    "weightedAverageShsOutDil": 487900000,
    "link": "https://www.sec.gov/Archives/edgar/data/38777/000003877722000138/0000038777-22-000138-index.htm",
    "finalLink": "https://www.sec.gov/Archives/edgar/data/38777/000003877722000138/ben-20220630.htm"
  },
  {
    "date": "2022-03-31",
    "symbol": "BEN",
    "reportedCurrency": "USD",
    "cik": "0000038777",
    "fillingDate": "2022-05-03",
    "acceptedDate": "2022-05-03 08:47:37",
    "calendarYear": "2022",
    "period": "Q2",
    "revenue": 2081000000,
    "costOfRevenue": 362600000,
    "grossProfit": 1718400000,
    "grossProfitRatio": 0.8257568477,
    "researchAndDevelopmentExpenses": 0,
    "generalAndAdministrativeExpenses": 551500000,
    "sellingAndMarketingExpenses": 482400000,
    "sellingGeneralAndAdministrativeExpenses": 1033900000,
    "otherExpenses": 221500000,
    "operatingExpenses": 1255400000,
    "costAndExpenses": 1618000000,
    "interestIncome": 0,
    "interestExpense": 22900000,
    "depreciationAndAmortization": 80700000,
    "ebitda": 569800000,
    "ebitdaratio": 0.2738106679,
    "operatingIncome": 463000000,
    "operatingIncomeRatio": 0.2224891879,
    "totalOtherIncomeExpensesNet": 3200000,
    "incomeBeforeTax": 466200000,
    "incomeBeforeTaxRatio": 0.2240269101,
    "incomeTaxExpense": 107100000,
    "netIncome": 349600000,
    "netIncomeRatio": 0.1679961557,
    "eps": 0.68,
    "epsdiluted": 0.68,
    "weightedAverageShsOut": 490000000,
    "weightedAverageShsOutDil": 490500000,
    "link": "https://www.sec.gov/Archives/edgar/data/38777/000003877722000099/0000038777-22-000099-index.htm",
    "finalLink": "https://www.sec.gov/Archives/edgar/data/38777/000003877722000099/ben-20220331.htm"
  },
  {
    "date": "2021-12-31",
    "symbol": "BEN",
    "reportedCurrency": "USD",
    "cik": "0000038777",
    "fillingDate": "2022-02-01",
    "acceptedDate": "2022-02-01 08:45:10",
    "calendarYear": "2022",
    "period": "Q1",
    "revenue": 2224000000,
    "costOfRevenue": 349800000,
    "grossProfit": 1874200000,
    "grossProfitRatio": 0.8427158273,
    "researchAndDevelopmentExpenses": 0,
    "generalAndAdministrativeExpenses": 583900000,
    "sellingAndMarketingExpenses": 510100000,
    "sellingGeneralAndAdministrativeExpenses": 1094000000,
    "otherExpenses": 222500000,
    "operatingExpenses": 1316500000,
    "costAndExpenses": 1666300000,
    "interestIncome": 0,
    "interestExpense": 19300000,
    "depreciationAndAmortization": 80700000,
    "ebitda": 795900000,
    "ebitdaratio": 0.357868705,
    "operatingIncome": 557700000,
    "operatingIncomeRatio": 0.2507643885,
    "totalOtherIncomeExpensesNet": 138200000,
    "incomeBeforeTax": 695900000,
    "incomeBeforeTaxRatio": 0.3129046763,
    "incomeTaxExpense": 151100000,
    "netIncome": 453200000,
    "netIncomeRatio": 0.2037769784,
    "eps": 0.89,
    "epsdiluted": 0.88,
    "weightedAverageShsOut": 489800000,
    "weightedAverageShsOutDil": 490600000,
    "link": "https://www.sec.gov/Archives/edgar/data/38777/000003877722000013/0000038777-22-000013-index.htm",
    "finalLink": "https://www.sec.gov/Archives/edgar/data/38777/000003877722000013/ben-20211231.htm"
  },
  {
    "date": "2021-09-30",
    "symbol": "BEN",
    "reportedCurrency": "USD",
    "cik": "0000038777",
    "fillingDate": "2021-11-19",
    "acceptedDate": "2021-11-19 14:47:37",
    "calendarYear": "2021",
    "period": "Q4",
    "revenue": 2181000000,
    "costOfRevenue": 333400000,
    "grossProfit": 1847600000,
    "grossProfitRatio": 0.847134342,
    "researchAndDevelopmentExpenses": 0,
    "generalAndAdministrativeExpenses": 566900000,
    "sellingAndMarketingExpenses": 526500000,
    "sellingGeneralAndAdministrativeExpenses": 1093400000,
    "otherExpenses": 222700000,
    "operatingExpenses": 1316100000,
    "costAndExpenses": 1649500000,
    "interestIncome": 2100000,
    "interestExpense": 14100000,
    "depreciationAndAmortization": 65600000,
    "ebitda": 817700000,
    "ebitdaratio": 0.3749197616,
    "operatingIncome": 531500000,
    "operatingIncomeRatio": 0.2436955525,
    "totalOtherIncomeExpensesNet": 206500000,
    "incomeBeforeTax": 738000000,
    "incomeBeforeTaxRatio": 0.3383768913,
    "incomeTaxExpense": -4800000,
    "netIncome": 665700000,
    "netIncomeRatio": 0.3052269601,
    "eps": 1.31,
    "epsdiluted": 1.3,
    "weightedAverageShsOut": 488900000,
    "weightedAverageShsOutDil": 489700000,
    "link": "https://www.sec.gov/Archives/edgar/data/38777/000003877721000205/0000038777-21-000205-index.htm",
    "finalLink": "https://www.sec.gov/Archives/edgar/data/38777/000003877721000205/ben-20210930.htm"
  },
  {
    "date": "2021-06-30",
    "symbol": "BEN",
    "reportedCurrency": "USD",
    "cik": "0000038777",
    "fillingDate": "2021-08-03",
    "acceptedDate": "2021-08-03 08:52:34",
    "calendarYear": "2021",
    "period": "Q3",
    "revenue": 2172900000,
    "costOfRevenue": 366700000,
    "grossProfit": 1806200000,
    "grossProfitRatio": 0.8312393575,
    "researchAndDevelopmentExpenses": 0,
    "generalAndAdministrativeExpenses": 578200000,
    "sellingAndMarketingExpenses": 531000000,
    "sellingGeneralAndAdministrativeExpenses": 1109200000,
    "otherExpenses": 218900000,
    "operatingExpenses": 1328100000,
    "costAndExpenses": 1694800000,
    "interestIncome": 0,
    "interestExpense": 25700000,
    "depreciationAndAmortization": 84100000,
    "ebitda": 665200000,
    "ebitdaratio": 0.3061346588,
    "operatingIncome": 478100000,
    "operatingIncomeRatio": 0.2200285333,
    "totalOtherIncomeExpensesNet": 77300000,
    "incomeBeforeTax": 555400000,
    "incomeBeforeTaxRatio": 0.255603111,
    "incomeTaxExpense": 83800000,
    "netIncome": 438400000,
    "netIncomeRatio": 0.2017580192,
    "eps": 0.86,
    "epsdiluted": 0.86,
    "weightedAverageShsOut": 489200000,
    "weightedAverageShsOutDil": 489900000,
    "link": "https://www.sec.gov/Archives/edgar/data/38777/000003877721000137/0000038777-21-000137-index.htm",
    "finalLink": "https://www.sec.gov/Archives/edgar/data/38777/000003877721000137/ben-20210630.htm"
  },
  {
    "date": "2021-03-31",
    "symbol": "BEN",
    "reportedCurrency": "USD",
    "cik": "0000038777",
    "fillingDate": "2021-05-04",
    "acceptedDate": "2021-05-04 08:39:17",
    "calendarYear": "2021",
    "period": "Q2",
    "revenue": 2076500000,
    "costOfRevenue": 361300000,
    "grossProfit": 1715200000,
    "grossProfitRatio": 0.8260052974,
    "researchAndDevelopmentExpenses": 0,
    "generalAndAdministrativeExpenses": 495100000,
    "sellingAndMarketingExpenses": 541800000,
    "sellingGeneralAndAdministrativeExpenses": 1036900000,
    "otherExpenses": 222000000,
    "operatingExpenses": 1258900000,
    "costAndExpenses": 1620200000,
    "interestIncome": 0,
    "interestExpense": 15900000,
    "depreciationAndAmortization": 80900000,
    "ebitda": 710300000,
    "ebitdaratio": 0.3420659764,
    "operatingIncome": 456300000,
    "operatingIncomeRatio": 0.2197447628,
    "totalOtherIncomeExpensesNet": 157200000,
    "incomeBeforeTax": 613500000,
    "incomeBeforeTaxRatio": 0.295449073,
    "incomeTaxExpense": 128100000,
    "netIncome": 381800000,
    "netIncomeRatio": 0.183867084,
    "eps": 0.74,
    "epsdiluted": 0.74,
    "weightedAverageShsOut": 490500000,
    "weightedAverageShsOutDil": 490900000,
    "link": "https://www.sec.gov/Archives/edgar/data/38777/000003877721000094/0000038777-21-000094-index.htm",
    "finalLink": "https://www.sec.gov/Archives/edgar/data/38777/000003877721000094/ben-20210331.htm"
  },
  {
    "date": "2020-12-31",
    "symbol": "BEN",
    "reportedCurrency": "USD",
    "cik": "0000038777",
    "fillingDate": "2021-02-02",
    "acceptedDate": "2021-02-02 08:40:52",
    "calendarYear": "2021",
    "period": "Q1",
    "revenue": 1995100000,
    "costOfRevenue": 357700000,
    "grossProfit": 1637400000,
    "grossProfitRatio": 0.8207107413,
    "researchAndDevelopmentExpenses": 0,
    "generalAndAdministrativeExpenses": 503600000,
    "sellingAndMarketingExpenses": 506500000,
    "sellingGeneralAndAdministrativeExpenses": 1010100000,
    "otherExpenses": 218200000,
    "operatingExpenses": 1228300000,
    "costAndExpenses": 1586000000,
    "interestIncome": 0,
    "interestExpense": 29700000,
    "depreciationAndAmortization": 80000000,
    "ebitda": 647000000,
    "ebitdaratio": 0.3242945216,
    "operatingIncome": 409100000,
    "operatingIncomeRatio": 0.2050523783,
    "totalOtherIncomeExpensesNet": 128200000,
    "incomeBeforeTax": 537300000,
    "incomeBeforeTaxRatio": 0.269309809,
    "incomeTaxExpense": 142500000,
    "netIncome": 345300000,
    "netIncomeRatio": 0.1730740314,
    "eps": 0.67,
    "epsdiluted": 0.67,
    "weightedAverageShsOut": 491100000,
    "weightedAverageShsOutDil": 491700000,
    "link": "https://www.sec.gov/Archives/edgar/data/38777/000003877721000029/0000038777-21-000029-index.htm",
    "finalLink": "https://www.sec.gov/Archives/edgar/data/38777/000003877721000029/ben-20201231.htm"
  },
  {
    "date": "2020-09-30",
    "symbol": "BEN",
    "reportedCurrency": "USD",
    "cik": "0000038777",
    "fillingDate": "2020-11-23",
    "acceptedDate": "2020-11-20 20:08:41",
    "calendarYear": "2020",
    "period": "Q4",
    "revenue": 1627400000,
    "costOfRevenue": -69500000,
    "grossProfit": 1696900000,
    "grossProfitRatio": 1.0427061571,
    "researchAndDevelopmentExpenses": 0,
    "generalAndAdministrativeExpenses": 832000000,
    "sellingAndMarketingExpenses": 466700000,
    "sellingGeneralAndAdministrativeExpenses": 1298700000,
    "otherExpenses": 351800000,
    "operatingExpenses": 1650500000,
    "costAndExpenses": 1581000000,
    "interestIncome": 2900000,
    "interestExpense": 15700000,
    "depreciationAndAmortization": 56100000,
    "ebitda": 271400000,
    "ebitdaratio": 0.1667690795,
    "operatingIncome": 46400000,
    "operatingIncomeRatio": 0.0285117365,
    "totalOtherIncomeExpensesNet": 153200000,
    "incomeBeforeTax": 199600000,
    "incomeBeforeTaxRatio": 0.1226496252,
    "incomeTaxExpense": 73100000,
    "netIncome": 78900000,
    "netIncomeRatio": 0.0484822416,
    "eps": 0.15,
    "epsdiluted": 0.15,
    "weightedAverageShsOut": 491100000,
    "weightedAverageShsOutDil": 491700000,
    "link": "https://www.sec.gov/Archives/edgar/data/38777/000003877720000203/0000038777-20-000203-index.htm",
    "finalLink": "https://www.sec.gov/Archives/edgar/data/38777/000003877720000203/form10-k93020.htm"
  },
  {
    "date": "2020-06-30",
    "symbol": "BEN",
    "reportedCurrency": "USD",
    "cik": "0000038777",
    "fillingDate": "2020-07-28",
    "acceptedDate": "2020-07-28 08:34:54",
    "calendarYear": "2020",
    "period": "Q3",
    "revenue": 1161100000,
    "costOfRevenue": 235800000,
    "grossProfit": 925300000,
    "grossProfitRatio": 0.7969167169,
    "researchAndDevelopmentExpenses": 0,
    "generalAndAdministrativeExpenses": 241900000,
    "sellingAndMarketingExpenses": 368600000,
    "sellingGeneralAndAdministrativeExpenses": 610500000,
    "otherExpenses": 82300000,
    "operatingExpenses": 692800000,
    "costAndExpenses": 928600000,
    "interestIncome": 2300000,
    "interestExpense": 5200000,
    "depreciationAndAmortization": 22200000,
    "ebitda": 297200000,
    "ebitdaratio": 0.2559641719,
    "operatingIncome": 232500000,
    "operatingIncomeRatio": 0.2002411506,
    "totalOtherIncomeExpensesNet": 37300000,
    "incomeBeforeTax": 269800000,
    "incomeBeforeTaxRatio": 0.23236586,
    "incomeTaxExpense": 16100000,
    "netIncome": 290400000,
    "netIncomeRatio": 0.2501076565,
    "eps": 0.58,
    "epsdiluted": 0.58,
    "weightedAverageShsOut": 490400000,
    "weightedAverageShsOutDil": 490700000,
    "link": "https://www.sec.gov/Archives/edgar/data/38777/000003877720000138/0000038777-20-000138-index.htm",
    "finalLink": "https://www.sec.gov/Archives/edgar/data/38777/000003877720000138/form10q63020.htm"
  },
  {
    "date": "2020-03-31",
    "symbol": "BEN",
    "reportedCurrency": "USD",
    "cik": "0000038777",
    "fillingDate": "2020-04-30",
    "acceptedDate": "2020-04-30 08:37:20",
    "calendarYear": "2020",
    "period": "Q2",
    "revenue": 1311200000,
    "costOfRevenue": 251000000,
    "grossProfit": 1060200000,
    "grossProfitRatio": 0.8085723002,
    "researchAndDevelopmentExpenses": 0,
    "generalAndAdministrativeExpenses": 203000000,
    "sellingAndMarketingExpenses": 423900000,
    "sellingGeneralAndAdministrativeExpenses": 626900000,
    "otherExpenses": 93400000,
    "operatingExpenses": 720300000,
    "costAndExpenses": 971300000,
    "interestIncome": 3700000,
    "interestExpense": 3700000,
    "depreciationAndAmortization": 23400000,
    "ebitda": 130000000,
    "ebitdaratio": 0.0991458206,
    "operatingIncome": 339900000,
    "operatingIncomeRatio": 0.2592281879,
    "totalOtherIncomeExpensesNet": -237000000,
    "incomeBeforeTax": 102900000,
    "incomeBeforeTaxRatio": 0.0784777303,
    "incomeTaxExpense": 44100000,
    "netIncome": 79100000,
    "netIncomeRatio": 0.0603264185,
    "eps": 0.16,
    "epsdiluted": 0.16,
    "weightedAverageShsOut": 491500000,
    "weightedAverageShsOutDil": 491800000,
    "link": "https://www.sec.gov/Archives/edgar/data/38777/000003877720000106/0000038777-20-000106-index.htm",
    "finalLink": "https://www.sec.gov/Archives/edgar/data/38777/000003877720000106/form10q33120.htm"
  },
  {
    "date": "2019-12-31",
    "symbol": "BEN",
    "reportedCurrency": "USD",
    "cik": "0000038777",
    "fillingDate": "2020-01-30",
    "acceptedDate": "2020-01-30 08:36:00",
    "calendarYear": "2020",
    "period": "Q1",
    "revenue": 1389200000,
    "costOfRevenue": 240700000,
    "grossProfit": 1148500000,
    "grossProfitRatio": 0.8267348114,
    "researchAndDevelopmentExpenses": 0,
    "generalAndAdministrativeExpenses": 243100000,
    "sellingAndMarketingExpenses": 443900000,
    "sellingGeneralAndAdministrativeExpenses": 687000000,
    "otherExpenses": 88600000,
    "operatingExpenses": 775600000,
    "costAndExpenses": 1016300000,
    "interestIncome": 5400000,
    "interestExpense": 6100000,
    "depreciationAndAmortization": 26800000,
    "ebitda": 478500000,
    "ebitdaratio": 0.3444428448,
    "operatingIncome": 372900000,
    "operatingIncomeRatio": 0.2684278722,
    "totalOtherIncomeExpensesNet": 72700000,
    "incomeBeforeTax": 445600000,
    "incomeBeforeTaxRatio": 0.3207601497,
    "incomeTaxExpense": 97500000,
    "netIncome": 350500000,
    "netIncomeRatio": 0.252303484,
    "eps": 0.7,
    "epsdiluted": 0.7,
    "weightedAverageShsOut": 494700000,
    "weightedAverageShsOutDil": 495300000,
    "link": "https://www.sec.gov/Archives/edgar/data/38777/000003877720000011/0000038777-20-000011-index.htm",
    "finalLink": "https://www.sec.gov/Archives/edgar/data/38777/000003877720000011/form10q123119.htm"
  },
  {
    "date": "2019-09-30",
    "symbol": "BEN",
    "reportedCurrency": "USD",
    "cik": "0000038777",
    "fillingDate": "2019-11-12",
    "acceptedDate": "2019-11-12 13:53:09",
    "calendarYear": "2019",
    "period": "Q4",
    "revenue": 1452500000,
    "costOfRevenue": 382400000,
    "grossProfit": 1070100000,
    "grossProfitRatio": 0.7367297762,
    "researchAndDevelopmentExpenses": 0,
    "generalAndAdministrativeExpenses": 145500000,
    "sellingAndMarketingExpenses": 463300000,
    "sellingGeneralAndAdministrativeExpenses": 608800000,
    "otherExpenses": 69800000,
    "operatingExpenses": 678600000,
    "costAndExpenses": 1061000000,
    "interestIncome": 6300000,
    "interestExpense": 7000000,
    "depreciationAndAmortization": 26000000,
    "ebitda": 428800000,
    "ebitdaratio": 0.2952151463,
    "operatingIncome": 391500000,
    "operatingIncomeRatio": 0.269535284,
    "totalOtherIncomeExpensesNet": 4300000,
    "incomeBeforeTax": 395800000,
    "incomeBeforeTaxRatio": 0.2724956971,
    "incomeTaxExpense": 86500000,
    "netIncome": 306400000,
    "netIncomeRatio": 0.2109466437,
    "eps": 0.61,
    "epsdiluted": 0.61,
    "weightedAverageShsOut": 497900000,
    "weightedAverageShsOutDil": 498800000,
    "link": "https://www.sec.gov/Archives/edgar/data/38777/000003877719000186/0000038777-19-000186-index.htm",
    "finalLink": "https://www.sec.gov/Archives/edgar/data/38777/000003877719000186/form10k93019.htm"
  },
  {
    "date": "2019-06-30",
    "symbol": "BEN",
    "reportedCurrency": "USD",
    "cik": "0000038777",
    "fillingDate": "2019-07-30",
    "acceptedDate": "2019-07-30 08:36:22",
    "calendarYear": "2019",
    "period": "Q3",
    "revenue": 1476700000,
    "costOfRevenue": 437700000,
    "grossProfit": 1039000000,
    "grossProfitRatio": 0.7035958556,
    "researchAndDevelopmentExpenses": 0,
    "generalAndAdministrativeExpenses": 136000000,
    "sellingAndMarketingExpenses": 462400000,
    "sellingGeneralAndAdministrativeExpenses": 598400000,
    "otherExpenses": 65700000,
    "operatingExpenses": 664100000,
    "costAndExpenses": 1101800000,
    "interestIncome": 7200000,
    "interestExpense": 5600000,
    "depreciationAndAmortization": 25600000,
    "ebitda": 444700000,
    "ebitdaratio": 0.3011444437,
    "operatingIncome": 374900000,
    "operatingIncomeRatio": 0.2538768877,
    "totalOtherIncomeExpensesNet": 38600000,
    "incomeBeforeTax": 413500000,
    "incomeBeforeTaxRatio": 0.2800162525,
    "incomeTaxExpense": 158900000,
    "netIncome": 245900000,
    "netIncomeRatio": 0.1665199431,
    "eps": 0.48,
    "epsdiluted": 0.48,
    "weightedAverageShsOut": 501600000,
    "weightedAverageShsOutDil": 502300000,
    "link": "https://www.sec.gov/Archives/edgar/data/38777/000003877719000156/0000038777-19-000156-index.htm",
    "finalLink": "https://www.sec.gov/Archives/edgar/data/38777/000003877719000156/form10q63019.htm"
  },
  {
    "date": "2019-03-31",
    "symbol": "BEN",
    "reportedCurrency": "USD",
    "cik": "0000038777",
    "fillingDate": "2019-04-26",
    "acceptedDate": "2019-04-26 08:36:35",
    "calendarYear": "2019",
    "period": "Q2",
    "revenue": 1433800000,
    "costOfRevenue": 409600000,
    "grossProfit": 1024200000,
    "grossProfitRatio": 0.7143255684,
    "researchAndDevelopmentExpenses": 0,
    "generalAndAdministrativeExpenses": 133200000,
    "sellingAndMarketingExpenses": 449400000,
    "sellingGeneralAndAdministrativeExpenses": 582600000,
    "otherExpenses": 62100000,
    "operatingExpenses": 644700000,
    "costAndExpenses": 1054300000,
    "interestIncome": 8500000,
    "interestExpense": 5700000,
    "depreciationAndAmortization": 21500000,
    "ebitda": 519700000,
    "ebitdaratio": 0.362463384,
    "operatingIncome": 379500000,
    "operatingIncomeRatio": 0.2646812666,
    "totalOtherIncomeExpensesNet": 113000000,
    "incomeBeforeTax": 492500000,
    "incomeBeforeTaxRatio": 0.3434928163,
    "incomeTaxExpense": 110900000,
    "netIncome": 367500000,
    "netIncomeRatio": 0.2563118985,
    "eps": 0.72,
    "epsdiluted": 0.72,
    "weightedAverageShsOut": 504700000,
    "weightedAverageShsOutDil": 505100000,
    "link": "https://www.sec.gov/Archives/edgar/data/38777/000003877719000119/0000038777-19-000119-index.htm",
    "finalLink": "https://www.sec.gov/Archives/edgar/data/38777/000003877719000119/form10q33119.htm"
  },
  {
    "date": "2018-12-31",
    "symbol": "BEN",
    "reportedCurrency": "USD",
    "cik": "0000038777",
    "fillingDate": "2019-01-30",
    "acceptedDate": "2019-01-30 08:35:29",
    "calendarYear": "2019",
    "period": "Q1",
    "revenue": 1411500000,
    "costOfRevenue": 355000000,
    "grossProfit": 1056500000,
    "grossProfitRatio": 0.7484945094,
    "researchAndDevelopmentExpenses": 0,
    "generalAndAdministrativeExpenses": 139600000,
    "sellingAndMarketingExpenses": 444500000,
    "sellingGeneralAndAdministrativeExpenses": 584100000,
    "otherExpenses": 60900000,
    "operatingExpenses": 645000000,
    "costAndExpenses": 1000000000,
    "interestIncome": 9000000,
    "interestExpense": 6400000,
    "depreciationAndAmortization": 20300000,
    "ebitda": 372700000,
    "ebitdaratio": 0.2640453418,
    "operatingIncome": 411500000,
    "operatingIncomeRatio": 0.2915338293,
    "totalOtherIncomeExpensesNet": -65500000,
    "incomeBeforeTax": 346000000,
    "incomeBeforeTaxRatio": 0.2451292951,
    "incomeTaxExpense": 86000000,
    "netIncome": 275900000,
    "netIncomeRatio": 0.1954658165,
    "eps": 0.54,
    "epsdiluted": 0.54,
    "weightedAverageShsOut": 510300000,
    "weightedAverageShsOutDil": 510800000,
    "link": "https://www.sec.gov/Archives/edgar/data/38777/000003877719000082/0000038777-19-000082-index.htm",
    "finalLink": "https://www.sec.gov/Archives/edgar/data/38777/000003877719000082/form10q12312018.htm"
  },
  {
    "date": "2018-09-30",
    "symbol": "BEN",
    "reportedCurrency": "USD",
    "cik": "0000038777",
    "fillingDate": "2018-11-09",
    "acceptedDate": "2018-11-09 12:53:07",
    "calendarYear": "2018",
    "period": "Q4",
    "revenue": 1527200000,
    "costOfRevenue": 345100000,
    "grossProfit": 1182100000,
    "grossProfitRatio": 0.7740309062,
    "researchAndDevelopmentExpenses": 0,
    "generalAndAdministrativeExpenses": 145400000,
    "sellingAndMarketingExpenses": 489700000,
    "sellingGeneralAndAdministrativeExpenses": 635100000,
    "otherExpenses": 68300000,
    "operatingExpenses": 703400000,
    "costAndExpenses": 1048500000,
    "interestIncome": 11600000,
    "interestExpense": 5800000,
    "depreciationAndAmortization": 17700000,
    "ebitda": 506800000,
    "ebitdaratio": 0.3318491357,
    "operatingIncome": 478700000,
    "operatingIncomeRatio": 0.31344945,
    "totalOtherIncomeExpensesNet": 4600000,
    "incomeBeforeTax": 483300000,
    "incomeBeforeTaxRatio": 0.3164614982,
    "incomeTaxExpense": 7000000,
    "netIncome": 502500000,
    "netIncomeRatio": 0.3290335254,
    "eps": 0.96,
    "epsdiluted": 0.96,
    "weightedAverageShsOut": 520900000,
    "weightedAverageShsOutDil": 521500000,
    "link": "https://www.sec.gov/Archives/edgar/data/38777/000003877718000233/0000038777-18-000233-index.htm",
    "finalLink": "https://www.sec.gov/Archives/edgar/data/38777/000003877718000233/form10k93018.htm"
  },
  {
    "date": "2018-06-30",
    "symbol": "BEN",
    "reportedCurrency": "USD",
    "cik": "0000038777",
    "fillingDate": "2018-07-27",
    "acceptedDate": "2018-07-27 08:39:19",
    "calendarYear": "2018",
    "period": "Q3",
    "revenue": 1558600000,
    "costOfRevenue": 357500000,
    "grossProfit": 1201100000,
    "grossProfitRatio": 0.7706274862,
    "researchAndDevelopmentExpenses": 0,
    "generalAndAdministrativeExpenses": 135700000,
    "sellingAndMarketingExpenses": 499800000,
    "sellingGeneralAndAdministrativeExpenses": 635500000,
    "otherExpenses": 62500000,
    "operatingExpenses": 698000000,
    "costAndExpenses": 1055500000,
    "interestIncome": 15400000,
    "interestExpense": 22100000,
    "depreciationAndAmortization": 20400000,
    "ebitda": 489700000,
    "ebitdaratio": 0.3141922238,
    "operatingIncome": 503100000,
    "operatingIncomeRatio": 0.322789683,
    "totalOtherIncomeExpensesNet": -55900000,
    "incomeBeforeTax": 447200000,
    "incomeBeforeTaxRatio": 0.2869241627,
    "incomeTaxExpense": 91800000,
    "netIncome": 402000000,
    "netIncomeRatio": 0.2579237777,
    "eps": 0.75,
    "epsdiluted": 0.75,
    "weightedAverageShsOut": 533000000,
    "weightedAverageShsOutDil": 533500000,
    "link": "https://www.sec.gov/Archives/edgar/data/38777/000003877718000199/0000038777-18-000199-index.htm",
    "finalLink": "https://www.sec.gov/Archives/edgar/data/38777/000003877718000199/form10q6302018.htm"
  },
  {
    "date": "2018-03-31",
    "symbol": "BEN",
    "reportedCurrency": "USD",
    "cik": "0000038777",
    "fillingDate": "2018-04-26",
    "acceptedDate": "2018-04-26 08:35:21",
    "calendarYear": "2018",
    "period": "Q2",
    "revenue": 1617800000,
    "costOfRevenue": 355500000,
    "grossProfit": 1262300000,
    "grossProfitRatio": 0.7802571393,
    "researchAndDevelopmentExpenses": 0,
    "generalAndAdministrativeExpenses": 127000000,
    "sellingAndMarketingExpenses": 521500000,
    "sellingGeneralAndAdministrativeExpenses": 648500000,
    "otherExpenses": 58100000,
    "operatingExpenses": 706600000,
    "costAndExpenses": 1062100000,
    "interestIncome": 25700000,
    "interestExpense": 10000000,
    "depreciationAndAmortization": 17400000,
    "ebitda": 660500000,
    "ebitdaratio": 0.4082704908,
    "operatingIncome": 555700000,
    "operatingIncomeRatio": 0.3434911608,
    "totalOtherIncomeExpensesNet": 77400000,
    "incomeBeforeTax": 633100000,
    "incomeBeforeTaxRatio": 0.3913339102,
    "incomeTaxExpense": 150200000,
    "netIncome": 443200000,
    "netIncomeRatio": 0.2739522809,
    "eps": 0.79,
    "epsdiluted": 0.78,
    "weightedAverageShsOut": 545000000,
    "weightedAverageShsOutDil": 545500000,
    "link": "https://www.sec.gov/Archives/edgar/data/38777/000003877718000167/0000038777-18-000167-index.htm",
    "finalLink": "https://www.sec.gov/Archives/edgar/data/38777/000003877718000167/form10q3312018.htm"
  },
  {
    "date": "2017-12-31",
    "symbol": "BEN",
    "reportedCurrency": "USD",
    "cik": "0000038777",
    "fillingDate": "2018-01-30",
    "acceptedDate": "2018-01-30 08:35:19",
    "calendarYear": "2018",
    "period": "Q1",
    "revenue": 1615500000,
    "costOfRevenue": 332500000,
    "grossProfit": 1283000000,
    "grossProfitRatio": 0.794181368,
    "researchAndDevelopmentExpenses": 0,
    "generalAndAdministrativeExpenses": 118200000,
    "sellingAndMarketingExpenses": 528700000,
    "sellingGeneralAndAdministrativeExpenses": 646900000,
    "otherExpenses": 55000000,
    "operatingExpenses": 701900000,
    "costAndExpenses": 1034400000,
    "interestIncome": 23800000,
    "interestExpense": 10800000,
    "depreciationAndAmortization": 20900000,
    "ebitda": 683300000,
    "ebitdaratio": 0.4229650263,
    "operatingIncome": 581100000,
    "operatingIncomeRatio": 0.3597028784,
    "totalOtherIncomeExpensesNet": 70500000,
    "incomeBeforeTax": 651600000,
    "incomeBeforeTaxRatio": 0.4033426184,
    "incomeTaxExpense": 1223500000,
    "netIncome": -583300000,
    "netIncomeRatio": -0.3610646859,
    "eps": -1.06,
    "epsdiluted": -1.06,
    "weightedAverageShsOut": 550700000,
    "weightedAverageShsOutDil": 550700000,
    "link": "https://www.sec.gov/Archives/edgar/data/38777/000003877718000018/0000038777-18-000018-index.htm",
    "finalLink": "https://www.sec.gov/Archives/edgar/data/38777/000003877718000018/form10q12312017.htm"
  },
  {
    "date": "2017-09-30",
    "symbol": "BEN",
    "reportedCurrency": "USD",
    "cik": "0000038777",
    "fillingDate": "2017-11-13",
    "acceptedDate": "2017-11-13 14:01:00",
    "calendarYear": "2017",
    "period": "Q4",
    "revenue": 1616900000,
    "costOfRevenue": 336100000,
    "grossProfit": 1280800000,
    "grossProfitRatio": 0.7921330942,
    "researchAndDevelopmentExpenses": 0,
    "generalAndAdministrativeExpenses": 128200000,
    "sellingAndMarketingExpenses": 534900000,
    "sellingGeneralAndAdministrativeExpenses": 663100000,
    "otherExpenses": 60000000,
    "operatingExpenses": 723100000,
    "costAndExpenses": 1059200000,
    "interestIncome": 25000000,
    "interestExpense": 12700000,
    "depreciationAndAmortization": 18000000,
    "ebitda": 689100000,
    "ebitdaratio": 0.4261859113,
    "operatingIncome": 557700000,
    "operatingIncomeRatio": 0.34491929,
    "totalOtherIncomeExpensesNet": 100700000,
    "incomeBeforeTax": 658400000,
    "incomeBeforeTaxRatio": 0.407198961,
    "incomeTaxExpense": 181900000,
    "netIncome": 425200000,
    "netIncomeRatio": 0.2629723545,
    "eps": 0.76,
    "epsdiluted": 0.76,
    "weightedAverageShsOut": 553600000,
    "weightedAverageShsOutDil": 554100000,
    "link": "https://www.sec.gov/Archives/edgar/data/38777/000003877717000268/0000038777-17-000268-index.htm",
    "finalLink": "https://www.sec.gov/Archives/edgar/data/38777/000003877717000268/form10k93017.htm"
  },
  {
    "date": "2017-06-30",
    "symbol": "BEN",
    "reportedCurrency": "USD",
    "cik": "0000038777",
    "fillingDate": "2017-07-28",
    "acceptedDate": "2017-07-28 08:35:38",
    "calendarYear": "2017",
    "period": "Q3",
    "revenue": 1613900000,
    "costOfRevenue": 342700000,
    "grossProfit": 1271200000,
    "grossProfitRatio": 0.7876572278,
    "researchAndDevelopmentExpenses": 0,
    "generalAndAdministrativeExpenses": 111700000,
    "sellingAndMarketingExpenses": 541200000,
    "sellingGeneralAndAdministrativeExpenses": 652900000,
    "otherExpenses": 54100000,
    "operatingExpenses": 707000000,
    "costAndExpenses": 1049700000,
    "interestIncome": 20300000,
    "interestExpense": 12900000,
    "depreciationAndAmortization": 21800000,
    "ebitda": 678200000,
    "ebitdaratio": 0.4202243014,
    "operatingIncome": 564200000,
    "operatingIncomeRatio": 0.3495879546,
    "totalOtherIncomeExpensesNet": 79300000,
    "incomeBeforeTax": 643500000,
    "incomeBeforeTaxRatio": 0.3987235888,
    "incomeTaxExpense": 184100000,
    "netIncome": 410600000,
    "netIncomeRatio": 0.2544147717,
    "eps": 0.73,
    "epsdiluted": 0.73,
    "weightedAverageShsOut": 556200000,
    "weightedAverageShsOutDil": 556700000,
    "link": "https://www.sec.gov/Archives/edgar/data/38777/000003877717000226/0000038777-17-000226-index.htm",
    "finalLink": "https://www.sec.gov/Archives/edgar/data/38777/000003877717000226/form10q06302017.htm"
  },
  {
    "date": "2017-03-31",
    "symbol": "BEN",
    "reportedCurrency": "USD",
    "cik": "0000038777",
    "fillingDate": "2017-04-28",
    "acceptedDate": "2017-04-28 08:33:54",
    "calendarYear": "2017",
    "period": "Q2",
    "revenue": 1600600000,
    "costOfRevenue": 343400000,
    "grossProfit": 1257200000,
    "grossProfitRatio": 0.7854554542,
    "researchAndDevelopmentExpenses": 0,
    "generalAndAdministrativeExpenses": 112900000,
    "sellingAndMarketingExpenses": 534800000,
    "sellingGeneralAndAdministrativeExpenses": 647700000,
    "otherExpenses": 54000000,
    "operatingExpenses": 701700000,
    "costAndExpenses": 1045100000,
    "interestIncome": 16000000,
    "interestExpense": 12600000,
    "depreciationAndAmortization": 20600000,
    "ebitda": 660700000,
    "ebitdaratio": 0.4127827065,
    "operatingIncome": 555500000,
    "operatingIncomeRatio": 0.3470573535,
    "totalOtherIncomeExpensesNet": 72000000,
    "incomeBeforeTax": 627500000,
    "incomeBeforeTaxRatio": 0.3920404848,
    "incomeTaxExpense": 192500000,
    "netIncome": 420700000,
    "netIncomeRatio": 0.2628389354,
    "eps": 0.74,
    "epsdiluted": 0.74,
    "weightedAverageShsOut": 560300000,
    "weightedAverageShsOutDil": 560600000,
    "link": "https://www.sec.gov/Archives/edgar/data/38777/000003877717000186/0000038777-17-000186-index.htm",
    "finalLink": "https://www.sec.gov/Archives/edgar/data/38777/000003877717000186/form10q03312017.htm"
  },
  {
    "date": "2016-12-31",
    "symbol": "BEN",
    "reportedCurrency": "USD",
    "cik": "0000038777",
    "fillingDate": "2017-01-27",
    "acceptedDate": "2017-01-27 08:35:23",
    "calendarYear": "2017",
    "period": "Q1",
    "revenue": 1560800000,
    "costOfRevenue": 311500000,
    "grossProfit": 1249300000,
    "grossProfitRatio": 0.8004228601,
    "researchAndDevelopmentExpenses": 0,
    "generalAndAdministrativeExpenses": 90700000,
    "sellingAndMarketingExpenses": 520000000,
    "sellingGeneralAndAdministrativeExpenses": 610700000,
    "otherExpenses": 51700000,
    "operatingExpenses": 662400000,
    "costAndExpenses": 973900000,
    "interestIncome": 13600000,
    "interestExpense": 13300000,
    "depreciationAndAmortization": 19900000,
    "ebitda": 652900000,
    "ebitdaratio": 0.4183111225,
    "operatingIncome": 586900000,
    "operatingIncomeRatio": 0.3760251153,
    "totalOtherIncomeExpensesNet": 32800000,
    "incomeBeforeTax": 619700000,
    "incomeBeforeTaxRatio": 0.3970399795,
    "incomeTaxExpense": 200900000,
    "netIncome": 440200000,
    "netIncomeRatio": 0.2820348539,
    "eps": 0.77,
    "epsdiluted": 0.77,
    "weightedAverageShsOut": 565100000,
    "weightedAverageShsOutDil": 565200000,
    "link": "https://www.sec.gov/Archives/edgar/data/38777/000003877717000010/0000038777-17-000010-index.htm",
    "finalLink": "https://www.sec.gov/Archives/edgar/data/38777/000003877717000010/form10q12312016.htm"
  },
  {
    "date": "2016-09-30",
    "symbol": "BEN",
    "reportedCurrency": "USD",
    "cik": "0000038777",
    "fillingDate": "2016-11-14",
    "acceptedDate": "2016-11-14 14:54:30",
    "calendarYear": "2016",
    "period": "Q4",
    "revenue": 1611800000,
    "costOfRevenue": 317200000,
    "grossProfit": 1294600000,
    "grossProfitRatio": 0.8032013898,
    "researchAndDevelopmentExpenses": 0,
    "generalAndAdministrativeExpenses": 123000000,
    "sellingAndMarketingExpenses": 536200000,
    "sellingGeneralAndAdministrativeExpenses": 659200000,
    "otherExpenses": 56000000,
    "operatingExpenses": 715200000,
    "costAndExpenses": 1032400000,
    "interestIncome": 13500000,
    "interestExpense": 13400000,
    "depreciationAndAmortization": 21300000,
    "ebitda": 671000000,
    "ebitdaratio": 0.4163047525,
    "operatingIncome": 579400000,
    "operatingIncomeRatio": 0.3594738801,
    "totalOtherIncomeExpensesNet": 56900000,
    "incomeBeforeTax": 636300000,
    "incomeBeforeTaxRatio": 0.3947760268,
    "incomeTaxExpense": 163300000,
    "netIncome": 472100000,
    "netIncomeRatio": 0.2929023452,
    "eps": 0.82,
    "epsdiluted": 0.82,
    "weightedAverageShsOut": 571600000,
    "weightedAverageShsOutDil": 571600000,
    "link": "https://www.sec.gov/Archives/edgar/data/38777/000003877716000609/0000038777-16-000609-index.htm",
    "finalLink": "https://www.sec.gov/Archives/edgar/data/38777/000003877716000609/form10k93016.htm"
  },
  {
    "date": "2016-06-30",
    "symbol": "BEN",
    "reportedCurrency": "USD",
    "cik": "0000038777",
    "fillingDate": "2016-07-28",
    "acceptedDate": "2016-07-28 08:34:43",
    "calendarYear": "2016",
    "period": "Q3",
    "revenue": 1634300000,
    "costOfRevenue": 326900000,
    "grossProfit": 1307400000,
    "grossProfitRatio": 0.7999755247,
    "researchAndDevelopmentExpenses": 0,
    "generalAndAdministrativeExpenses": 108100000,
    "sellingAndMarketingExpenses": 553400000,
    "sellingGeneralAndAdministrativeExpenses": 661500000,
    "otherExpenses": 50500000,
    "operatingExpenses": 712000000,
    "costAndExpenses": 1038900000,
    "interestIncome": 12300000,
    "interestExpense": 12300000,
    "depreciationAndAmortization": 19400000,
    "ebitda": 680600000,
    "ebitdaratio": 0.4164474087,
    "operatingIncome": 595400000,
    "operatingIncomeRatio": 0.3643149972,
    "totalOtherIncomeExpensesNet": 53500000,
    "incomeBeforeTax": 648900000,
    "incomeBeforeTaxRatio": 0.3970507251,
    "incomeTaxExpense": 187400000,
    "netIncome": 446400000,
    "netIncomeRatio": 0.2731444655,
    "eps": 0.77,
    "epsdiluted": 0.77,
    "weightedAverageShsOut": 578900000,
    "weightedAverageShsOutDil": 578900000,
    "link": "https://www.sec.gov/Archives/edgar/data/38777/000003877716000548/0000038777-16-000548-index.htm",
    "finalLink": "https://www.sec.gov/Archives/edgar/data/38777/000003877716000548/form10q6302016.htm"
  },
  {
    "date": "2016-03-31",
    "symbol": "BEN",
    "reportedCurrency": "USD",
    "cik": "0000038777",
    "fillingDate": "2016-04-27",
    "acceptedDate": "2016-04-27 08:35:02",
    "calendarYear": "2016",
    "period": "Q2",
    "revenue": 1613900000,
    "costOfRevenue": 374300000,
    "grossProfit": 1239600000,
    "grossProfitRatio": 0.7680773282,
    "researchAndDevelopmentExpenses": 0,
    "generalAndAdministrativeExpenses": 121000000,
    "sellingAndMarketingExpenses": 531700000,
    "sellingGeneralAndAdministrativeExpenses": 652700000,
    "otherExpenses": 49600000,
    "operatingExpenses": 702300000,
    "costAndExpenses": 1076600000,
    "interestIncome": 7100000,
    "interestExpense": 12200000,
    "depreciationAndAmortization": 23800000,
    "ebitda": 578500000,
    "ebitdaratio": 0.3584484788,
    "operatingIncome": 537300000,
    "operatingIncomeRatio": 0.3329202553,
    "totalOtherIncomeExpensesNet": 5200000,
    "incomeBeforeTax": 542500000,
    "incomeBeforeTaxRatio": 0.3361422641,
    "incomeTaxExpense": 181700000,
    "netIncome": 360400000,
    "netIncomeRatio": 0.2233099944,
    "eps": 0.61,
    "epsdiluted": 0.61,
    "weightedAverageShsOut": 587000000,
    "weightedAverageShsOutDil": 587100000,
    "link": "https://www.sec.gov/Archives/edgar/data/38777/000003877716000500/0000038777-16-000500-index.htm",
    "finalLink": "https://www.sec.gov/Archives/edgar/data/38777/000003877716000500/form10q3312016.htm"
  },
  {
    "date": "2015-12-31",
    "symbol": "BEN",
    "reportedCurrency": "USD",
    "cik": "0000038777",
    "fillingDate": "2016-02-03",
    "acceptedDate": "2016-02-03 08:36:44",
    "calendarYear": "2016",
    "period": "Q1",
    "revenue": 1758000000,
    "costOfRevenue": 342500000,
    "grossProfit": 1415500000,
    "grossProfitRatio": 0.8051763367,
    "researchAndDevelopmentExpenses": 0,
    "generalAndAdministrativeExpenses": 122100000,
    "sellingAndMarketingExpenses": 588600000,
    "sellingGeneralAndAdministrativeExpenses": 710700000,
    "otherExpenses": 51200000,
    "operatingExpenses": 761900000,
    "costAndExpenses": 1104400000,
    "interestIncome": 3600000,
    "interestExpense": 12000000,
    "depreciationAndAmortization": 22600000,
    "ebitda": 706700000,
    "ebitdaratio": 0.4019908987,
    "operatingIncome": 653600000,
    "operatingIncomeRatio": 0.3717861206,
    "totalOtherIncomeExpensesNet": 18500000,
    "incomeBeforeTax": 672100000,
    "incomeBeforeTaxRatio": 0.3823094425,
    "incomeTaxExpense": 209700000,
    "netIncome": 447800000,
    "netIncomeRatio": 0.2547212742,
    "eps": 0.74,
    "epsdiluted": 0.74,
    "weightedAverageShsOut": 597600000,
    "weightedAverageShsOutDil": 597700000,
    "link": "https://www.sec.gov/Archives/edgar/data/38777/000003877716000304/0000038777-16-000304-index.htm",
    "finalLink": "https://www.sec.gov/Archives/edgar/data/38777/000003877716000304/form10q12312015.htm"
  },
  {
    "date": "2015-09-30",
    "symbol": "BEN",
    "reportedCurrency": "USD",
    "cik": "0000038777",
    "fillingDate": "2015-11-12",
    "acceptedDate": "2015-11-12 14:02:27",
    "calendarYear": "2015",
    "period": "Q4",
    "revenue": 1873800000,
    "costOfRevenue": 336800000,
    "grossProfit": 1537000000,
    "grossProfitRatio": 0.8202582986,
    "researchAndDevelopmentExpenses": 0,
    "generalAndAdministrativeExpenses": 127700000,
    "sellingAndMarketingExpenses": 626300000,
    "sellingGeneralAndAdministrativeExpenses": 754000000,
    "otherExpenses": 64900000,
    "operatingExpenses": 818900000,
    "costAndExpenses": 1155700000,
    "interestIncome": 2800000,
    "interestExpense": 12900000,
    "depreciationAndAmortization": 24800000,
    "ebitda": 633400000,
    "ebitdaratio": 0.3380296723,
    "operatingIncome": 718100000,
    "operatingIncomeRatio": 0.3832319351,
    "totalOtherIncomeExpensesNet": -122400000,
    "incomeBeforeTax": 595700000,
    "incomeBeforeTaxRatio": 0.3179101291,
    "incomeTaxExpense": 214200000,
    "netIncome": 358200000,
    "netIncomeRatio": 0.1911623439,
    "eps": 0.59,
    "epsdiluted": 0.59,
    "weightedAverageShsOut": 607400000,
    "weightedAverageShsOutDil": 607400000,
    "link": "https://www.sec.gov/Archives/edgar/data/38777/000003877715000278/0000038777-15-000278-index.htm",
    "finalLink": "https://www.sec.gov/Archives/edgar/data/38777/000003877715000278/form10k93015.htm"
  },
  {
    "date": "2015-06-30",
    "symbol": "BEN",
    "reportedCurrency": "USD",
    "cik": "0000038777",
    "fillingDate": "2015-07-29",
    "acceptedDate": "2015-07-29 08:34:06",
    "calendarYear": "2015",
    "period": "Q3",
    "revenue": 2000800000,
    "costOfRevenue": 363500000,
    "grossProfit": 1637300000,
    "grossProfitRatio": 0.8183226709,
    "researchAndDevelopmentExpenses": 0,
    "generalAndAdministrativeExpenses": 115200000,
    "sellingAndMarketingExpenses": 694000000,
    "sellingGeneralAndAdministrativeExpenses": 809200000,
    "otherExpenses": 58300000,
    "operatingExpenses": 867500000,
    "costAndExpenses": 1231000000,
    "interestIncome": 2600000,
    "interestExpense": 13700000,
    "depreciationAndAmortization": 23200000,
    "ebitda": 788300000,
    "ebitdaratio": 0.393992403,
    "operatingIncome": 769800000,
    "operatingIncomeRatio": 0.3847461016,
    "totalOtherIncomeExpensesNet": -18400000,
    "incomeBeforeTax": 751400000,
    "incomeBeforeTaxRatio": 0.3755497801,
    "incomeTaxExpense": 217400000,
    "netIncome": 504200000,
    "netIncomeRatio": 0.2519992003,
    "eps": 0.82,
    "epsdiluted": 0.82,
    "weightedAverageShsOut": 614100000,
    "weightedAverageShsOutDil": 614200000,
    "link": "https://www.sec.gov/Archives/edgar/data/38777/000003877715000223/0000038777-15-000223-index.htm",
    "finalLink": "https://www.sec.gov/Archives/edgar/data/38777/000003877715000223/form10q6302015.htm"
  },
  {
    "date": "2015-03-31",
    "symbol": "BEN",
    "reportedCurrency": "USD",
    "cik": "0000038777",
    "fillingDate": "2015-04-29",
    "acceptedDate": "2015-04-29 08:37:03",
    "calendarYear": "2015",
    "period": "Q2",
    "revenue": 2009800000,
    "costOfRevenue": 377500000,
    "grossProfit": 1632300000,
    "grossProfitRatio": 0.8121703652,
    "researchAndDevelopmentExpenses": 0,
    "generalAndAdministrativeExpenses": 114200000,
    "sellingAndMarketingExpenses": 710500000,
    "sellingGeneralAndAdministrativeExpenses": 824700000,
    "otherExpenses": 49900000,
    "operatingExpenses": 874600000,
    "costAndExpenses": 1252100000,
    "interestIncome": 3400000,
    "interestExpense": 1700000,
    "depreciationAndAmortization": 24500000,
    "ebitda": 885100000,
    "ebitdaratio": 0.4403920788,
    "operatingIncome": 757700000,
    "operatingIncomeRatio": 0.3770026868,
    "totalOtherIncomeExpensesNet": 101200000,
    "incomeBeforeTax": 858900000,
    "incomeBeforeTaxRatio": 0.4273559558,
    "incomeTaxExpense": 236000000,
    "netIncome": 606500000,
    "netIncomeRatio": 0.3017713205,
    "eps": 0.98,
    "epsdiluted": 0.98,
    "weightedAverageShsOut": 617600000,
    "weightedAverageShsOutDil": 617700000,
    "link": "https://www.sec.gov/Archives/edgar/data/38777/000003877715000183/0000038777-15-000183-index.htm",
    "finalLink": "https://www.sec.gov/Archives/edgar/data/38777/000003877715000183/form10q3312015.htm"
  },
  {
    "date": "2014-12-31",
    "symbol": "BEN",
    "reportedCurrency": "USD",
    "cik": "0000038777",
    "fillingDate": "2015-01-30",
    "acceptedDate": "2015-01-30 08:35:34",
    "calendarYear": "2015",
    "period": "Q1",
    "revenue": 2064300000,
    "costOfRevenue": 375500000,
    "grossProfit": 1688800000,
    "grossProfitRatio": 0.8180981446,
    "researchAndDevelopmentExpenses": 0,
    "generalAndAdministrativeExpenses": 124100000,
    "sellingAndMarketingExpenses": 731500000,
    "sellingGeneralAndAdministrativeExpenses": 855600000,
    "otherExpenses": 51200000,
    "operatingExpenses": 906800000,
    "costAndExpenses": 1282300000,
    "interestIncome": 2000000,
    "interestExpense": 11300000,
    "depreciationAndAmortization": 24900000,
    "ebitda": 858600000,
    "ebitdaratio": 0.4159279175,
    "operatingIncome": 782000000,
    "operatingIncomeRatio": 0.3788209078,
    "totalOtherIncomeExpensesNet": 40400000,
    "incomeBeforeTax": 822400000,
    "incomeBeforeTaxRatio": 0.3983917066,
    "incomeTaxExpense": 256100000,
    "netIncome": 566400000,
    "netIncomeRatio": 0.274378724,
    "eps": 0.91,
    "epsdiluted": 0.91,
    "weightedAverageShsOut": 620100000,
    "weightedAverageShsOutDil": 620200000,
    "link": "https://www.sec.gov/Archives/edgar/data/38777/000003877715000010/0000038777-15-000010-index.htm",
    "finalLink": "https://www.sec.gov/Archives/edgar/data/38777/000003877715000010/form10q12312014.htm"
  },
  {
    "date": "2014-09-30",
    "symbol": "BEN",
    "reportedCurrency": "USD",
    "cik": "0000038777",
    "fillingDate": "2014-11-12",
    "acceptedDate": "2014-11-12 13:53:24",
    "calendarYear": "2014",
    "period": "Q4",
    "revenue": 2155500000,
    "costOfRevenue": 365900000,
    "grossProfit": 1789600000,
    "grossProfitRatio": 0.8302482023,
    "researchAndDevelopmentExpenses": 0,
    "generalAndAdministrativeExpenses": 137600000,
    "sellingAndMarketingExpenses": 755900000,
    "sellingGeneralAndAdministrativeExpenses": 893500000,
    "otherExpenses": 60800000,
    "operatingExpenses": 954300000,
    "costAndExpenses": 1320200000,
    "interestIncome": 2300000,
    "interestExpense": 12500000,
    "depreciationAndAmortization": 21700000,
    "ebitda": 920000000,
    "ebitdaratio": 0.4268151241,
    "operatingIncome": 835300000,
    "operatingIncomeRatio": 0.3875202969,
    "totalOtherIncomeExpensesNet": 50500000,
    "incomeBeforeTax": 885800000,
    "incomeBeforeTaxRatio": 0.4109487358,
    "incomeTaxExpense": 255000000,
    "netIncome": 640600000,
    "netIncomeRatio": 0.2971932266,
    "eps": 1.03,
    "epsdiluted": 1.02,
    "weightedAverageShsOut": 621600000,
    "weightedAverageShsOutDil": 622100000,
    "link": "https://www.sec.gov/Archives/edgar/data/38777/000003877714000259/0000038777-14-000259-index.htm",
    "finalLink": "https://www.sec.gov/Archives/edgar/data/38777/000003877714000259/form10k93014.htm"
  },
  {
    "date": "2014-06-30",
    "symbol": "BEN",
    "reportedCurrency": "USD",
    "cik": "0000038777",
    "fillingDate": "2014-07-30",
    "acceptedDate": "2014-07-30 08:42:49",
    "calendarYear": "2014",
    "period": "Q3",
    "revenue": 2130500000,
    "costOfRevenue": 380700000,
    "grossProfit": 1749800000,
    "grossProfitRatio": 0.8213095517,
    "researchAndDevelopmentExpenses": 0,
    "generalAndAdministrativeExpenses": 119400000,
    "sellingAndMarketingExpenses": 789300000,
    "sellingGeneralAndAdministrativeExpenses": 908700000,
    "otherExpenses": 54300000,
    "operatingExpenses": 963000000,
    "costAndExpenses": 1343700000,
    "interestIncome": 2100000,
    "interestExpense": 10900000,
    "depreciationAndAmortization": 22100000,
    "ebitda": 916500000,
    "ebitdaratio": 0.4301807088,
    "operatingIncome": 786800000,
    "operatingIncomeRatio": 0.3693029805,
    "totalOtherIncomeExpensesNet": 96700000,
    "incomeBeforeTax": 883500000,
    "incomeBeforeTaxRatio": 0.414691387,
    "incomeTaxExpense": 251400000,
    "netIncome": 578900000,
    "netIncomeRatio": 0.2717202535,
    "eps": 0.92,
    "epsdiluted": 0.92,
    "weightedAverageShsOut": 623200000,
    "weightedAverageShsOutDil": 623600000,
    "link": "https://www.sec.gov/Archives/edgar/data/38777/000003877714000203/0000038777-14-000203-index.htm",
    "finalLink": "https://www.sec.gov/Archives/edgar/data/38777/000003877714000203/form10q06302014.htm"
  },
  {
    "date": "2014-03-31",
    "symbol": "BEN",
    "reportedCurrency": "USD",
    "cik": "0000038777",
    "fillingDate": "2014-04-28",
    "acceptedDate": "2014-04-28 08:44:03",
    "calendarYear": "2014",
    "period": "Q2",
    "revenue": 2095900000,
    "costOfRevenue": 372300000,
    "grossProfit": 1723600000,
    "grossProfitRatio": 0.8223674794,
    "researchAndDevelopmentExpenses": 0,
    "generalAndAdministrativeExpenses": 120300000,
    "sellingAndMarketingExpenses": 766300000,
    "sellingGeneralAndAdministrativeExpenses": 886600000,
    "otherExpenses": 51000000,
    "operatingExpenses": 937600000,
    "costAndExpenses": 1309900000,
    "interestIncome": 2400000,
    "interestExpense": 11400000,
    "depreciationAndAmortization": 25700000,
    "ebitda": 828700000,
    "ebitdaratio": 0.3953910015,
    "operatingIncome": 786000000,
    "operatingIncomeRatio": 0.3750178921,
    "totalOtherIncomeExpensesNet": 5600000,
    "incomeBeforeTax": 791600000,
    "incomeBeforeTaxRatio": 0.3776897753,
    "incomeTaxExpense": 238800000,
    "netIncome": 561000000,
    "netIncomeRatio": 0.2676654421,
    "eps": 0.89,
    "epsdiluted": 0.89,
    "weightedAverageShsOut": 626100000,
    "weightedAverageShsOutDil": 626500000,
    "link": "https://www.sec.gov/Archives/edgar/data/38777/000003877714000168/0000038777-14-000168-index.htm",
    "finalLink": "https://www.sec.gov/Archives/edgar/data/38777/000003877714000168/form10q03312014.htm"
  },
  {
    "date": "2013-12-31",
    "symbol": "BEN",
    "reportedCurrency": "USD",
    "cik": "0000038777",
    "fillingDate": "2014-01-30",
    "acceptedDate": "2014-01-30 08:36:08",
    "calendarYear": "2014",
    "period": "Q1",
    "revenue": 2109500000,
    "costOfRevenue": 349000000,
    "grossProfit": 1760500000,
    "grossProfitRatio": 0.8345579521,
    "researchAndDevelopmentExpenses": 0,
    "generalAndAdministrativeExpenses": 120500000,
    "sellingAndMarketingExpenses": 776700000,
    "sellingGeneralAndAdministrativeExpenses": 897200000,
    "otherExpenses": 50200000,
    "operatingExpenses": 947400000,
    "costAndExpenses": 1296400000,
    "interestIncome": 2300000,
    "interestExpense": 12600000,
    "depreciationAndAmortization": 25100000,
    "ebitda": 886400000,
    "ebitdaratio": 0.4201943589,
    "operatingIncome": 813100000,
    "operatingIncomeRatio": 0.3854467883,
    "totalOtherIncomeExpensesNet": 35600000,
    "incomeBeforeTax": 848700000,
    "incomeBeforeTaxRatio": 0.4023228253,
    "incomeTaxExpense": 252700000,
    "netIncome": 603800000,
    "netIncomeRatio": 0.2862289642,
    "eps": 0.96,
    "epsdiluted": 0.96,
    "weightedAverageShsOut": 628100000,
    "weightedAverageShsOutDil": 628500000,
    "link": "https://www.sec.gov/Archives/edgar/data/38777/000003877714000007/0000038777-14-000007-index.htm",
    "finalLink": "https://www.sec.gov/Archives/edgar/data/38777/000003877714000007/form10q12312013.htm"
  },
  {
    "date": "2013-09-30",
    "symbol": "BEN",
    "reportedCurrency": "USD",
    "cik": "0000038777",
    "fillingDate": "2013-11-12",
    "acceptedDate": "2013-11-12 15:38:49",
    "calendarYear": "2013",
    "period": "Q4",
    "revenue": 1984800000,
    "costOfRevenue": 348800000,
    "grossProfit": 1636000000,
    "grossProfitRatio": 0.8242644095,
    "researchAndDevelopmentExpenses": 0,
    "generalAndAdministrativeExpenses": 125000000,
    "sellingAndMarketingExpenses": 717600000,
    "sellingGeneralAndAdministrativeExpenses": 842600000,
    "otherExpenses": 58300000,
    "operatingExpenses": 900900000,
    "costAndExpenses": 1249700000,
    "interestIncome": 0,
    "interestExpense": 11500000,
    "depreciationAndAmortization": 23000000,
    "ebitda": 758000000,
    "ebitdaratio": 0.3819024587,
    "operatingIncome": 735100000,
    "operatingIncomeRatio": 0.3703647723,
    "totalOtherIncomeExpensesNet": -11600000,
    "incomeBeforeTax": 723500000,
    "incomeBeforeTaxRatio": 0.3645203547,
    "incomeTaxExpense": 213000000,
    "netIncome": 509000000,
    "netIncomeRatio": 0.2564490125,
    "eps": 0.8,
    "epsdiluted": 0.8,
    "weightedAverageShsOut": 630500000,
    "weightedAverageShsOutDil": 631300000,
    "link": "https://www.sec.gov/Archives/edgar/data/38777/000003877713000227/0000038777-13-000227-index.htm",
    "finalLink": "https://www.sec.gov/Archives/edgar/data/38777/000003877713000227/form10k93013.htm"
  },
  {
    "date": "2013-06-30",
    "symbol": "BEN",
    "reportedCurrency": "USD",
    "cik": "0000038777",
    "fillingDate": "2013-07-29",
    "acceptedDate": "2013-07-29 08:59:57",
    "calendarYear": "2013",
    "period": "Q3",
    "revenue": 2084800000,
    "costOfRevenue": 345500000,
    "grossProfit": 1739300000,
    "grossProfitRatio": 0.8342766692,
    "researchAndDevelopmentExpenses": 0,
    "generalAndAdministrativeExpenses": 110400000,
    "sellingAndMarketingExpenses": 812800000,
    "sellingGeneralAndAdministrativeExpenses": 923200000,
    "otherExpenses": 44400000,
    "operatingExpenses": 967600000,
    "costAndExpenses": 1313100000,
    "interestIncome": 2400000,
    "interestExpense": 10000000,
    "depreciationAndAmortization": 23700000,
    "ebitda": 805700000,
    "ebitdaratio": 0.3864639294,
    "operatingIncome": 771700000,
    "operatingIncomeRatio": 0.3701554106,
    "totalOtherIncomeExpensesNet": 300000,
    "incomeBeforeTax": 772000000,
    "incomeBeforeTaxRatio": 0.3702993093,
    "incomeTaxExpense": 209900000,
    "netIncome": 552300000,
    "netIncomeRatio": 0.2649174981,
    "eps": 0.87,
    "epsdiluted": 0.86,
    "weightedAverageShsOut": 633600000,
    "weightedAverageShsOutDil": 634300000,
    "link": "https://www.sec.gov/Archives/edgar/data/38777/000003877713000197/0000038777-13-000197-index.htm",
    "finalLink": "https://www.sec.gov/Archives/edgar/data/38777/000003877713000197/form10q06302013.htm"
  },
  {
    "date": "2013-03-31",
    "symbol": "BEN",
    "reportedCurrency": "USD",
    "cik": "0000038777",
    "fillingDate": "2013-04-30",
    "acceptedDate": "2013-04-30 08:36:35",
    "calendarYear": "2013",
    "period": "Q2",
    "revenue": 2013600000,
    "costOfRevenue": 355100000,
    "grossProfit": 1658500000,
    "grossProfitRatio": 0.8236491855,
    "researchAndDevelopmentExpenses": 0,
    "generalAndAdministrativeExpenses": 103500000,
    "sellingAndMarketingExpenses": 780800000,
    "sellingGeneralAndAdministrativeExpenses": 884300000,
    "otherExpenses": 44800000,
    "operatingExpenses": 929100000,
    "costAndExpenses": 1284200000,
    "interestIncome": 2400000,
    "interestExpense": 10900000,
    "depreciationAndAmortization": 25800000,
    "ebitda": 851700000,
    "ebitdaratio": 0.4229737783,
    "operatingIncome": 729400000,
    "operatingIncomeRatio": 0.3622367898,
    "totalOtherIncomeExpensesNet": 85600000,
    "incomeBeforeTax": 815000000,
    "incomeBeforeTaxRatio": 0.4047477155,
    "incomeTaxExpense": 221600000,
    "netIncome": 572800000,
    "netIncomeRatio": 0.2844656337,
    "eps": 0.9,
    "epsdiluted": 0.9,
    "weightedAverageShsOut": 634000000,
    "weightedAverageShsOutDil": 634700000,
    "link": "https://www.sec.gov/Archives/edgar/data/38777/000003877713000174/0000038777-13-000174-index.htm",
    "finalLink": "https://www.sec.gov/Archives/edgar/data/38777/000003877713000174/form10q03312013.htm"
  },
  {
    "date": "2012-12-31",
    "symbol": "BEN",
    "reportedCurrency": "USD",
    "cik": "0000038777",
    "fillingDate": "2013-02-01",
    "acceptedDate": "2013-02-01 08:37:03",
    "calendarYear": "2013",
    "period": "Q1",
    "revenue": 1901800000,
    "costOfRevenue": 335100000,
    "grossProfit": 1566700000,
    "grossProfitRatio": 0.8237985067,
    "researchAndDevelopmentExpenses": 0,
    "generalAndAdministrativeExpenses": 107100000,
    "sellingAndMarketingExpenses": 730900000,
    "sellingGeneralAndAdministrativeExpenses": 838000000,
    "otherExpenses": 43600000,
    "operatingExpenses": 881600000,
    "costAndExpenses": 1216700000,
    "interestIncome": 3100000,
    "interestExpense": 14500000,
    "depreciationAndAmortization": 21000000,
    "ebitda": 751600000,
    "ebitdaratio": 0.3952045431,
    "operatingIncome": 685100000,
    "operatingIncomeRatio": 0.3602376696,
    "totalOtherIncomeExpensesNet": 31000000,
    "incomeBeforeTax": 716100000,
    "incomeBeforeTaxRatio": 0.3765380166,
    "incomeTaxExpense": 211400000,
    "netIncome": 516100000,
    "netIncomeRatio": 0.2713744873,
    "eps": 0.81,
    "epsdiluted": 0.81,
    "weightedAverageShsOut": 634500000,
    "weightedAverageShsOutDil": 635400000,
    "link": "https://www.sec.gov/Archives/edgar/data/38777/000003877713000008/0000038777-13-000008-index.htm",
    "finalLink": "https://www.sec.gov/Archives/edgar/data/38777/000003877713000008/form10q12312012.htm"
  },
  {
    "date": "2012-09-30",
    "symbol": "BEN",
    "reportedCurrency": "USD",
    "cik": "0000038777",
    "fillingDate": "2012-11-15",
    "acceptedDate": "2012-11-14 18:49:55",
    "calendarYear": "2012",
    "period": "Q4",
    "revenue": 1816191000,
    "costOfRevenue": 701601000,
    "grossProfit": 1114590000,
    "grossProfitRatio": 0.6136964669,
    "researchAndDevelopmentExpenses": 54100000,
    "generalAndAdministrativeExpenses": 403034000,
    "sellingAndMarketingExpenses": 0,
    "sellingGeneralAndAdministrativeExpenses": 403034000,
    "otherExpenses": 34720000,
    "operatingExpenses": 491849000,
    "costAndExpenses": 1193450000,
    "interestIncome": 2856000,
    "interestExpense": 8413000,
    "depreciationAndAmortization": 49520000,
    "ebitda": 736349000,
    "ebitdaratio": 0.405435882,
    "operatingIncome": 622741000,
    "operatingIncomeRatio": 0.3428829897,
    "totalOtherIncomeExpensesNet": 55675000,
    "incomeBeforeTax": 678416000,
    "incomeBeforeTaxRatio": 0.3735378052,
    "incomeTaxExpense": 174378000,
    "netIncome": 492100000,
    "netIncomeRatio": 0.2709516785,
    "eps": 0.77,
    "epsdiluted": 0.77,
    "weightedAverageShsOut": 634200000,
    "weightedAverageShsOutDil": 635700000,
    "link": "https://www.sec.gov/Archives/edgar/data/38777/000003877712000243/0000038777-12-000243-index.htm",
    "finalLink": "https://www.sec.gov/Archives/edgar/data/38777/000003877712000243/form10k93012.htm"
  },
  {
    "date": "2012-06-30",
    "symbol": "BEN",
    "reportedCurrency": "USD",
    "cik": "0000038777",
    "fillingDate": "2012-07-30",
    "acceptedDate": "2012-07-30 08:38:18",
    "calendarYear": "2012",
    "period": "Q3",
    "revenue": 1783600000,
    "costOfRevenue": 314600000,
    "grossProfit": 1469000000,
    "grossProfitRatio": 0.8236151603,
    "researchAndDevelopmentExpenses": 44079000,
    "generalAndAdministrativeExpenses": 89900000,
    "sellingAndMarketingExpenses": 692000000,
    "sellingGeneralAndAdministrativeExpenses": 781900000,
    "otherExpenses": 21000,
    "operatingExpenses": 826000000,
    "costAndExpenses": 1140600000,
    "interestIncome": 5500000,
    "interestExpense": 10100000,
    "depreciationAndAmortization": -45000000,
    "ebitda": 625000000,
    "ebitdaratio": 0.3504148912,
    "operatingIncome": 643000000,
    "operatingIncomeRatio": 0.3605068401,
    "totalOtherIncomeExpensesNet": -28100000,
    "incomeBeforeTax": 614900000,
    "incomeBeforeTaxRatio": 0.3447521866,
    "incomeTaxExpense": 184900000,
    "netIncome": 455267000,
    "netIncomeRatio": 0.2552517381,
    "eps": 0.71,
    "epsdiluted": 0.71,
    "weightedAverageShsOut": 639300000,
    "weightedAverageShsOutDil": 640899999,
    "link": "https://www.sec.gov/Archives/edgar/data/38777/000003877712000200/0000038777-12-000200-index.htm",
    "finalLink": "https://www.sec.gov/Archives/edgar/data/38777/000003877712000200/d10-q.htm"
  },
  {
    "date": "2012-03-31",
    "symbol": "BEN",
    "reportedCurrency": "USD",
    "cik": "0000038777",
    "fillingDate": "2012-05-02",
    "acceptedDate": "2012-05-02 08:45:54",
    "calendarYear": "2012",
    "period": "Q2",
    "revenue": 1799300000,
    "costOfRevenue": 323000000,
    "grossProfit": 1476300000,
    "grossProfitRatio": 0.8204857445,
    "researchAndDevelopmentExpenses": 43292000,
    "generalAndAdministrativeExpenses": 100400000,
    "sellingAndMarketingExpenses": 715500000,
    "sellingGeneralAndAdministrativeExpenses": 815900000,
    "otherExpenses": 8000,
    "operatingExpenses": 859200000,
    "costAndExpenses": 1182200000,
    "interestIncome": 2000000,
    "interestExpense": 9600000,
    "depreciationAndAmortization": 55800000,
    "ebitda": 755300000,
    "ebitdaratio": 0.4197743567,
    "operatingIncome": 617100000,
    "operatingIncomeRatio": 0.3429667093,
    "totalOtherIncomeExpensesNet": 72800000,
    "incomeBeforeTax": 689900000,
    "incomeBeforeTaxRatio": 0.3834268882,
    "incomeTaxExpense": 202100000,
    "netIncome": 503219000,
    "netIncomeRatio": 0.2796748736,
    "eps": 0.78,
    "epsdiluted": 0.77,
    "weightedAverageShsOut": 643500000,
    "weightedAverageShsOutDil": 645300000,
    "link": "https://www.sec.gov/Archives/edgar/data/38777/000003877712000174/0000038777-12-000174-index.htm",
    "finalLink": "https://www.sec.gov/Archives/edgar/data/38777/000003877712000174/d10q.htm"
  },
  {
    "date": "2011-12-31",
    "symbol": "BEN",
    "reportedCurrency": "USD",
    "cik": "0000038777",
    "fillingDate": "2012-02-01",
    "acceptedDate": "2012-02-01 08:41:47",
    "calendarYear": "2012",
    "period": "Q1",
    "revenue": 1701900000,
    "costOfRevenue": 300400000,
    "grossProfit": 1401500000,
    "grossProfitRatio": 0.823491392,
    "researchAndDevelopmentExpenses": 41434000,
    "generalAndAdministrativeExpenses": 97100000,
    "sellingAndMarketingExpenses": 630600000,
    "sellingGeneralAndAdministrativeExpenses": 727700000,
    "otherExpenses": -34000,
    "operatingExpenses": 769100000,
    "costAndExpenses": 1069500000,
    "interestIncome": 2100000,
    "interestExpense": 8600000,
    "depreciationAndAmortization": 52600000,
    "ebitda": 756200000,
    "ebitdaratio": 0.4443269287,
    "operatingIncome": 632400000,
    "operatingIncomeRatio": 0.3715846995,
    "totalOtherIncomeExpensesNet": 62600000,
    "incomeBeforeTax": 695000000,
    "incomeBeforeTaxRatio": 0.4083671191,
    "incomeTaxExpense": 201300000,
    "netIncome": 480785000,
    "netIncomeRatio": 0.2824989717,
    "eps": 0.74,
    "epsdiluted": 0.73,
    "weightedAverageShsOut": 648300000,
    "weightedAverageShsOutDil": 650100000,
    "link": "https://www.sec.gov/Archives/edgar/data/38777/000003877712000007/0000038777-12-000007-index.htm",
    "finalLink": "https://www.sec.gov/Archives/edgar/data/38777/000003877712000007/d10q.htm"
  },
  {
    "date": "2011-09-30",
    "symbol": "BEN",
    "reportedCurrency": "USD",
    "cik": "0000038777",
    "fillingDate": "2011-11-15",
    "acceptedDate": "2011-11-15 14:11:34",
    "calendarYear": "2011",
    "period": "Q4",
    "revenue": 1837130000,
    "costOfRevenue": 669415000,
    "grossProfit": 1167715000,
    "grossProfitRatio": 0.6356191451,
    "researchAndDevelopmentExpenses": 50028000,
    "generalAndAdministrativeExpenses": 524956000,
    "sellingAndMarketingExpenses": 0,
    "sellingGeneralAndAdministrativeExpenses": 524956000,
    "otherExpenses": -95683000,
    "operatingExpenses": 479301000,
    "costAndExpenses": 1148716000,
    "interestIncome": 2791000,
    "interestExpense": 0,
    "depreciationAndAmortization": 61809000,
    "ebitda": 607435000,
    "ebitdaratio": 0.3306434493,
    "operatingIncome": 688414000,
    "operatingIncomeRatio": 0.3747225292,
    "totalOtherIncomeExpensesNet": -127594000,
    "incomeBeforeTax": 560820000,
    "incomeBeforeTaxRatio": 0.3052696325,
    "incomeTaxExpense": 203926000,
    "netIncome": 415976000,
    "netIncomeRatio": 0.2264270901,
    "eps": 0.64,
    "epsdiluted": 0.64,
    "weightedAverageShsOut": 648429000,
    "weightedAverageShsOutDil": 650181000,
    "link": "https://www.sec.gov/Archives/edgar/data/38777/000003877711000225/0000038777-11-000225-index.htm",
    "finalLink": "https://www.sec.gov/Archives/edgar/data/38777/000003877711000225/form10k.htm"
  },
  {
    "date": "2011-06-30",
    "symbol": "BEN",
    "reportedCurrency": "USD",
    "cik": "0000038777",
    "fillingDate": "2011-08-02",
    "acceptedDate": "2011-08-02 08:42:25",
    "calendarYear": "2011",
    "period": "Q3",
    "revenue": 1853033000,
    "costOfRevenue": 719311000,
    "grossProfit": 1133722000,
    "grossProfitRatio": 0.6118196492,
    "researchAndDevelopmentExpenses": 41266000,
    "generalAndAdministrativeExpenses": 377647000,
    "sellingAndMarketingExpenses": 0,
    "sellingGeneralAndAdministrativeExpenses": 377647000,
    "otherExpenses": 32112000,
    "operatingExpenses": 451025000,
    "costAndExpenses": 1170336000,
    "interestIncome": 2660000,
    "interestExpense": 10056000,
    "depreciationAndAmortization": 58138000,
    "ebitda": 755338000,
    "ebitdaratio": 0.4076225302,
    "operatingIncome": 682697000,
    "operatingIncomeRatio": 0.3684213935,
    "totalOtherIncomeExpensesNet": 4447000,
    "incomeBeforeTax": 687144000,
    "incomeBeforeTaxRatio": 0.3708212428,
    "incomeTaxExpense": 208944000,
    "netIncome": 503347000,
    "netIncomeRatio": 0.2716341263,
    "eps": 0.76,
    "epsdiluted": 0.75,
    "weightedAverageShsOut": 660939000,
    "weightedAverageShsOutDil": 663852000,
    "link": "https://www.sec.gov/Archives/edgar/data/38777/000003877711000174/0000038777-11-000174-index.htm",
    "finalLink": "https://www.sec.gov/Archives/edgar/data/38777/000003877711000174/d10q.htm"
  },
  {
    "date": "2011-03-31",
    "symbol": "BEN",
    "reportedCurrency": "USD",
    "cik": "0000038777",
    "fillingDate": "2011-05-03",
    "acceptedDate": "2011-05-03 14:39:04",
    "calendarYear": "2011",
    "period": "Q2",
    "revenue": 1749563000,
    "costOfRevenue": 676935000,
    "grossProfit": 1072628000,
    "grossProfitRatio": 0.6130833814,
    "researchAndDevelopmentExpenses": 41477000,
    "generalAndAdministrativeExpenses": 401669000,
    "sellingAndMarketingExpenses": 0,
    "sellingGeneralAndAdministrativeExpenses": 401669000,
    "otherExpenses": 0,
    "operatingExpenses": 443146000,
    "costAndExpenses": 1120081000,
    "interestIncome": 2702000,
    "interestExpense": 8364000,
    "depreciationAndAmortization": 61149000,
    "ebitda": 748082000,
    "ebitdaratio": 0.427582202,
    "operatingIncome": 629482000,
    "operatingIncomeRatio": 0.3597938457,
    "totalOtherIncomeExpensesNet": 49087000,
    "incomeBeforeTax": 678569000,
    "incomeBeforeTaxRatio": 0.3878505661,
    "incomeTaxExpense": 183004000,
    "netIncome": 503100000,
    "netIncomeRatio": 0.2875575215,
    "eps": 0.75,
    "epsdiluted": 0.75,
    "weightedAverageShsOut": 665088000,
    "weightedAverageShsOutDil": 668088000,
    "link": "https://www.sec.gov/Archives/edgar/data/38777/000003877711000141/0000038777-11-000141-index.htm",
    "finalLink": "https://www.sec.gov/Archives/edgar/data/38777/000003877711000141/d10q.htm"
  },
  {
    "date": "2010-12-31",
    "symbol": "BEN",
    "reportedCurrency": "USD",
    "cik": "0000038777",
    "fillingDate": "2011-02-08",
    "acceptedDate": "2011-02-08 14:52:24",
    "calendarYear": "2011",
    "period": "Q1",
    "revenue": 1700313000,
    "costOfRevenue": 647153000,
    "grossProfit": 1053160000,
    "grossProfitRatio": 0.6193918414,
    "researchAndDevelopmentExpenses": 40367000,
    "generalAndAdministrativeExpenses": 353559000,
    "sellingAndMarketingExpenses": 0,
    "sellingGeneralAndAdministrativeExpenses": 353559000,
    "otherExpenses": 0,
    "operatingExpenses": 393926000,
    "costAndExpenses": 1041079000,
    "interestIncome": 2860000,
    "interestExpense": 7895000,
    "depreciationAndAmortization": 62478000,
    "ebitda": 768040000,
    "ebitdaratio": 0.4517050684,
    "operatingIncome": 659234000,
    "operatingIncomeRatio": 0.387713321,
    "totalOtherIncomeExpensesNet": 38433000,
    "incomeBeforeTax": 697667000,
    "incomeBeforeTaxRatio": 0.4103168064,
    "incomeTaxExpense": 207550000,
    "netIncome": 501157000,
    "netIncomeRatio": 0.2947439677,
    "eps": 0.75,
    "epsdiluted": 0.74,
    "weightedAverageShsOut": 669507000,
    "weightedAverageShsOutDil": 672759000,
    "link": "https://www.sec.gov/Archives/edgar/data/38777/000119312511027097/0001193125-11-027097-index.htm",
    "finalLink": "https://www.sec.gov/Archives/edgar/data/38777/000119312511027097/d10q.htm"
  },
  {
    "date": "2010-09-30",
    "symbol": "BEN",
    "reportedCurrency": "USD",
    "cik": "0000038777",
    "fillingDate": "2010-11-16",
    "acceptedDate": "2010-11-16 15:18:35",
    "calendarYear": "2010",
    "period": "Q4",
    "revenue": 1528404000,
    "costOfRevenue": 529808000,
    "grossProfit": 998596000,
    "grossProfitRatio": 0.6533586669,
    "researchAndDevelopmentExpenses": 0,
    "generalAndAdministrativeExpenses": 356628000,
    "sellingAndMarketingExpenses": 47513000,
    "sellingGeneralAndAdministrativeExpenses": 404141000,
    "otherExpenses": 85451000,
    "operatingExpenses": 489592000,
    "costAndExpenses": 1019400000,
    "interestIncome": 0,
    "interestExpense": 9992000,
    "depreciationAndAmortization": 66641000,
    "ebitda": 629004000,
    "ebitdaratio": 0.4115430213,
    "operatingIncome": 509004000,
    "operatingIncomeRatio": 0.3330297487,
    "totalOtherIncomeExpensesNet": 43367000,
    "incomeBeforeTax": 552371000,
    "incomeBeforeTaxRatio": 0.3614037911,
    "incomeTaxExpense": 176517000,
    "netIncome": 372906000,
    "netIncomeRatio": 0.2439839205,
    "eps": 0.56,
    "epsdiluted": 0.55,
    "weightedAverageShsOut": 669507000,
    "weightedAverageShsOutDil": 672759000,
    "link": "https://www.sec.gov/Archives/edgar/data/38777/000119312510261858/0001193125-10-261858-index.htm",
    "finalLink": "https://www.sec.gov/Archives/edgar/data/38777/000119312510261858/d10k.htm"
  },
  {
    "date": "2010-06-30",
    "symbol": "BEN",
    "reportedCurrency": "USD",
    "cik": "0000038777",
    "fillingDate": "2010-08-05",
    "acceptedDate": "2010-08-05 13:57:15",
    "calendarYear": "2010",
    "period": "Q3",
    "revenue": 1534071000,
    "costOfRevenue": 590876000,
    "grossProfit": 943195000,
    "grossProfitRatio": 0.6148313866,
    "researchAndDevelopmentExpenses": 0,
    "generalAndAdministrativeExpenses": 345613000,
    "sellingAndMarketingExpenses": 37976000,
    "sellingGeneralAndAdministrativeExpenses": 345613000,
    "otherExpenses": 35862000,
    "operatingExpenses": 421631000,
    "costAndExpenses": 1012507000,
    "interestIncome": 2801000,
    "interestExpense": 9672000,
    "depreciationAndAmortization": 69610000,
    "ebitda": 574078000,
    "ebitdaratio": 0.3742186639,
    "operatingIncome": 521564000,
    "operatingIncomeRatio": 0.3399868715,
    "totalOtherIncomeExpensesNet": -26768000,
    "incomeBeforeTax": 494796000,
    "incomeBeforeTaxRatio": 0.3225378747,
    "incomeTaxExpense": 135113000,
    "netIncome": 360495000,
    "netIncomeRatio": 0.234992383,
    "eps": 0.53,
    "epsdiluted": 0.53,
    "weightedAverageShsOut": 676878000,
    "weightedAverageShsOutDil": 680418000,
    "link": "https://www.sec.gov/Archives/edgar/data/38777/000119312510179009/0001193125-10-179009-index.htm",
    "finalLink": "https://www.sec.gov/Archives/edgar/data/38777/000119312510179009/d10q.htm"
  },
  {
    "date": "2010-03-31",
    "symbol": "BEN",
    "reportedCurrency": "USD",
    "cik": "0000038777",
    "fillingDate": "2010-05-06",
    "acceptedDate": "2010-05-06 13:41:34",
    "calendarYear": "2010",
    "period": "Q2",
    "revenue": 1413113000,
    "costOfRevenue": 557398000,
    "grossProfit": 855715000,
    "grossProfitRatio": 0.6055531299,
    "researchAndDevelopmentExpenses": 0,
    "generalAndAdministrativeExpenses": 324972000,
    "sellingAndMarketingExpenses": 38121000,
    "sellingGeneralAndAdministrativeExpenses": 324972000,
    "otherExpenses": 29799000,
    "operatingExpenses": 394580000,
    "costAndExpenses": 951978000,
    "interestIncome": 3446000,
    "interestExpense": 936000,
    "depreciationAndAmortization": 65193000,
    "ebitda": 574485000,
    "ebitdaratio": 0.4065386137,
    "operatingIncome": 461135000,
    "operatingIncomeRatio": 0.3263256371,
    "totalOtherIncomeExpensesNet": 47221000,
    "incomeBeforeTax": 508356000,
    "incomeBeforeTaxRatio": 0.3597419315,
    "incomeTaxExpense": 149946000,
    "netIncome": 356685000,
    "netIncomeRatio": 0.2524108122,
    "eps": 0.52,
    "epsdiluted": 0.52,
    "weightedAverageShsOut": 681138000,
    "weightedAverageShsOutDil": 684900000,
    "link": "https://www.sec.gov/Archives/edgar/data/38777/000119312510110503/0001193125-10-110503-index.htm",
    "finalLink": "https://www.sec.gov/Archives/edgar/data/38777/000119312510110503/d10q.htm"
  },
  {
    "date": "2009-12-31",
    "symbol": "BEN",
    "reportedCurrency": "USD",
    "cik": "0000038777",
    "fillingDate": "2010-02-08",
    "acceptedDate": "2010-02-08 13:48:06",
    "calendarYear": "2010",
    "period": "Q1",
    "revenue": 1377411000,
    "costOfRevenue": 535593000,
    "grossProfit": 841818000,
    "grossProfitRatio": 0.6111596321,
    "researchAndDevelopmentExpenses": 0,
    "generalAndAdministrativeExpenses": 374841000,
    "sellingAndMarketingExpenses": 34848000,
    "sellingGeneralAndAdministrativeExpenses": 374841000,
    "otherExpenses": 0,
    "operatingExpenses": 374841000,
    "costAndExpenses": 910434000,
    "interestIncome": 3581000,
    "interestExpense": 742000,
    "depreciationAndAmortization": 66001000,
    "ebitda": 581028000,
    "ebitdaratio": 0.4218261652,
    "operatingIncome": 466977000,
    "operatingIncomeRatio": 0.3390251711,
    "totalOtherIncomeExpensesNet": 47308000,
    "incomeBeforeTax": 514285000,
    "incomeBeforeTaxRatio": 0.3733707659,
    "incomeTaxExpense": 156736000,
    "netIncome": 355603000,
    "netIncomeRatio": 0.2581676783,
    "eps": 0.52,
    "epsdiluted": 0.51,
    "weightedAverageShsOut": 683676000,
    "weightedAverageShsOutDil": 687753000,
    "link": "https://www.sec.gov/Archives/edgar/data/38777/000119312510024165/0001193125-10-024165-index.htm",
    "finalLink": "https://www.sec.gov/Archives/edgar/data/38777/000119312510024165/d10q.htm"
  },
  {
    "date": "2009-09-30",
    "symbol": "BEN",
    "reportedCurrency": "USD",
    "cik": "0000038777",
    "fillingDate": "2009-11-24",
    "acceptedDate": "2009-11-24 15:26:03",
    "calendarYear": "2009",
    "period": "Q4",
    "revenue": 1238927000,
    "costOfRevenue": 418284000,
    "grossProfit": 820643000,
    "grossProfitRatio": 0.6623820451,
    "researchAndDevelopmentExpenses": 0,
    "generalAndAdministrativeExpenses": 318772000,
    "sellingAndMarketingExpenses": 37314000,
    "sellingGeneralAndAdministrativeExpenses": 356086000,
    "otherExpenses": 79835000,
    "operatingExpenses": 435921000,
    "costAndExpenses": 854205000,
    "interestIncome": 0,
    "interestExpense": 268000,
    "depreciationAndAmortization": 51275000,
    "ebitda": 555079000,
    "ebitdaratio": 0.4480320471,
    "operatingIncome": 384722000,
    "operatingIncomeRatio": 0.3105283846,
    "totalOtherIncomeExpensesNet": 118814000,
    "incomeBeforeTax": 503536000,
    "incomeBeforeTaxRatio": 0.4064291116,
    "incomeTaxExpense": 136180000,
    "netIncome": 367356000,
    "netIncomeRatio": 0.2965114167,
    "eps": 0.54,
    "epsdiluted": 0.53,
    "weightedAverageShsOut": 683676000,
    "weightedAverageShsOutDil": 687753000,
    "link": "https://www.sec.gov/Archives/edgar/data/38777/000119312509241304/0001193125-09-241304-index.htm",
    "finalLink": "https://www.sec.gov/Archives/edgar/data/38777/000119312509241304/d10k.htm"
  },
  {
    "date": "2009-06-30",
    "symbol": "BEN",
    "reportedCurrency": "USD",
    "cik": "0000038777",
    "fillingDate": "2009-08-07",
    "acceptedDate": "2009-08-07 11:42:10",
    "calendarYear": "2009",
    "period": "Q3",
    "revenue": 1073558000,
    "costOfRevenue": 350675000,
    "grossProfit": 722883000,
    "grossProfitRatio": 0.6733525343,
    "researchAndDevelopmentExpenses": 0,
    "generalAndAdministrativeExpenses": 299146000,
    "sellingAndMarketingExpenses": 27888000,
    "sellingGeneralAndAdministrativeExpenses": 327034000,
    "otherExpenses": 69663000,
    "operatingExpenses": 396697000,
    "costAndExpenses": 747372000,
    "interestIncome": 0,
    "interestExpense": 211000,
    "depreciationAndAmortization": 40854000,
    "ebitda": 464117000,
    "ebitdaratio": 0.4323166517,
    "operatingIncome": 326186000,
    "operatingIncomeRatio": 0.3038364019,
    "totalOtherIncomeExpensesNet": 96866000,
    "incomeBeforeTax": 423052000,
    "incomeBeforeTaxRatio": 0.3940653416,
    "incomeTaxExpense": 116204000,
    "netIncome": 297716000,
    "netIncomeRatio": 0.2773171082,
    "eps": 0.43,
    "epsdiluted": 0.43,
    "weightedAverageShsOut": 689412000,
    "weightedAverageShsOutDil": 692469000,
    "link": "https://www.sec.gov/Archives/edgar/data/38777/000119312509168564/0001193125-09-168564-index.htm",
    "finalLink": "https://www.sec.gov/Archives/edgar/data/38777/000119312509168564/d10q.htm"
  },
  {
    "date": "2009-03-31",
    "symbol": "BEN",
    "reportedCurrency": "USD",
    "cik": "0000038777",
    "fillingDate": "2009-05-08",
    "acceptedDate": "2009-05-08 16:26:28",
    "calendarYear": "2009",
    "period": "Q2",
    "revenue": 912272000,
    "costOfRevenue": 293534000,
    "grossProfit": 618738000,
    "grossProfitRatio": 0.6782385078,
    "researchAndDevelopmentExpenses": 0,
    "generalAndAdministrativeExpenses": 302130000,
    "sellingAndMarketingExpenses": 26700000,
    "sellingGeneralAndAdministrativeExpenses": 328830000,
    "otherExpenses": 66586000,
    "operatingExpenses": 395416000,
    "costAndExpenses": 688950000,
    "interestIncome": 0,
    "interestExpense": 2092000,
    "depreciationAndAmortization": 42463000,
    "ebitda": 220786000,
    "ebitdaratio": 0.2420177316,
    "operatingIncome": 223322000,
    "operatingIncomeRatio": 0.2447976042,
    "totalOtherIncomeExpensesNet": -47091000,
    "incomeBeforeTax": 176231000,
    "incomeBeforeTaxRatio": 0.1931781311,
    "incomeTaxExpense": 67159000,
    "netIncome": 110806000,
    "netIncomeRatio": 0.1214615816,
    "eps": 0.16,
    "epsdiluted": 0.16,
    "weightedAverageShsOut": 693534000,
    "weightedAverageShsOutDil": 695670000,
    "link": "https://www.sec.gov/Archives/edgar/data/38777/000119312509105426/0001193125-09-105426-index.htm",
    "finalLink": "https://www.sec.gov/Archives/edgar/data/38777/000119312509105426/d10q.htm"
  },
  {
    "date": "2008-12-31",
    "symbol": "BEN",
    "reportedCurrency": "USD",
    "cik": "0000038777",
    "fillingDate": "2009-02-09",
    "acceptedDate": "2009-02-09 16:59:29",
    "calendarYear": "2009",
    "period": "Q1",
    "revenue": 969330000,
    "costOfRevenue": 289529000,
    "grossProfit": 679801000,
    "grossProfitRatio": 0.7013101833,
    "researchAndDevelopmentExpenses": 0,
    "generalAndAdministrativeExpenses": 312661000,
    "sellingAndMarketingExpenses": 24227000,
    "sellingGeneralAndAdministrativeExpenses": 336888000,
    "otherExpenses": 74549000,
    "operatingExpenses": 411437000,
    "costAndExpenses": 700966000,
    "interestIncome": 0,
    "interestExpense": 1200000,
    "depreciationAndAmortization": 46680000,
    "ebitda": 222580000,
    "ebitdaratio": 0.2296225228,
    "operatingIncome": 268364000,
    "operatingIncomeRatio": 0.2768551474,
    "totalOtherIncomeExpensesNet": -93664000,
    "incomeBeforeTax": 174700000,
    "incomeBeforeTaxRatio": 0.1802275799,
    "incomeTaxExpense": 64771000,
    "netIncome": 120900000,
    "netIncomeRatio": 0.1247253257,
    "eps": 0.17,
    "epsdiluted": 0.17,
    "weightedAverageShsOut": 694878000,
    "weightedAverageShsOutDil": 698064000,
    "link": "https://www.sec.gov/Archives/edgar/data/38777/000119312509022628/0001193125-09-022628-index.htm",
    "finalLink": "https://www.sec.gov/Archives/edgar/data/38777/000119312509022628/d10q.htm"
  },
  {
    "date": "2008-09-30",
    "symbol": "BEN",
    "reportedCurrency": "USD",
    "cik": "0000038777",
    "fillingDate": "2008-11-25",
    "acceptedDate": "2008-11-25 16:23:24",
    "calendarYear": "2008",
    "period": "Q4",
    "revenue": 1321454000,
    "costOfRevenue": 406526000,
    "grossProfit": 914928000,
    "grossProfitRatio": 0.6923646226,
    "researchAndDevelopmentExpenses": 0,
    "generalAndAdministrativeExpenses": 357129000,
    "sellingAndMarketingExpenses": 45489000,
    "sellingGeneralAndAdministrativeExpenses": 402618000,
    "otherExpenses": 100339000,
    "operatingExpenses": 502957000,
    "costAndExpenses": 909483000,
    "interestIncome": 0,
    "interestExpense": 478000,
    "depreciationAndAmortization": 58405000,
    "ebitda": 512632000,
    "ebitdaratio": 0.3879302647,
    "operatingIncome": 411971000,
    "operatingIncomeRatio": 0.3117558386,
    "totalOtherIncomeExpensesNet": 41778000,
    "incomeBeforeTax": 453749000,
    "incomeBeforeTaxRatio": 0.343371014,
    "incomeTaxExpense": 153260000,
    "netIncome": 300489000,
    "netIncomeRatio": 0.2273927053,
    "eps": 0.43,
    "epsdiluted": 0.43,
    "weightedAverageShsOut": 694878000,
    "weightedAverageShsOutDil": 698064000,
    "link": "https://www.sec.gov/Archives/edgar/data/38777/000119312508243375/0001193125-08-243375-index.htm",
    "finalLink": "https://www.sec.gov/Archives/edgar/data/38777/000119312508243375/d10k.htm"
  },
  {
    "date": "2008-06-30",
    "symbol": "BEN",
    "reportedCurrency": "USD",
    "cik": "0000038777",
    "fillingDate": "2008-08-05",
    "acceptedDate": "2008-08-05 13:45:56",
    "calendarYear": "2008",
    "period": "Q3",
    "revenue": 1521649000,
    "costOfRevenue": 492385000,
    "grossProfit": 1029264000,
    "grossProfitRatio": 0.6764135487,
    "researchAndDevelopmentExpenses": 0,
    "generalAndAdministrativeExpenses": 364128000,
    "sellingAndMarketingExpenses": 44804000,
    "sellingGeneralAndAdministrativeExpenses": 408932000,
    "otherExpenses": 88117000,
    "operatingExpenses": 497049000,
    "costAndExpenses": 989434000,
    "interestIncome": 0,
    "interestExpense": 3287000,
    "depreciationAndAmortization": 51709000,
    "ebitda": 608888000,
    "ebitdaratio": 0.4001501003,
    "operatingIncome": 532215000,
    "operatingIncomeRatio": 0.3497620016,
    "totalOtherIncomeExpensesNet": 21677000,
    "incomeBeforeTax": 553892000,
    "incomeBeforeTaxRatio": 0.3640077311,
    "incomeTaxExpense": 150580000,
    "netIncome": 403312000,
    "netIncomeRatio": 0.2650492985,
    "eps": 0.57,
    "epsdiluted": 0.57,
    "weightedAverageShsOut": 703893000,
    "weightedAverageShsOutDil": 709455000,
    "link": "https://www.sec.gov/Archives/edgar/data/38777/000119312508166221/0001193125-08-166221-index.htm",
    "finalLink": "https://www.sec.gov/Archives/edgar/data/38777/000119312508166221/d10q.htm"
  },
  {
    "date": "2008-03-31",
    "symbol": "BEN",
    "reportedCurrency": "USD",
    "cik": "0000038777",
    "fillingDate": "2008-05-08",
    "acceptedDate": "2008-05-08 16:43:27",
    "calendarYear": "2008",
    "period": "Q2",
    "revenue": 1503692000,
    "costOfRevenue": 485612000,
    "grossProfit": 1018080000,
    "grossProfitRatio": 0.6770535455,
    "researchAndDevelopmentExpenses": 0,
    "generalAndAdministrativeExpenses": 360479000,
    "sellingAndMarketingExpenses": 47372000,
    "sellingGeneralAndAdministrativeExpenses": 407851000,
    "otherExpenses": 91142000,
    "operatingExpenses": 498993000,
    "costAndExpenses": 984605000,
    "interestIncome": 0,
    "interestExpense": 5948000,
    "depreciationAndAmortization": 52824000,
    "ebitda": 578240000,
    "ebitdaratio": 0.3845468354,
    "operatingIncome": 519087000,
    "operatingIncomeRatio": 0.3452083272,
    "totalOtherIncomeExpensesNet": 381000,
    "incomeBeforeTax": 519468000,
    "incomeBeforeTaxRatio": 0.3454617036,
    "incomeTaxExpense": 153372000,
    "netIncome": 366096000,
    "netIncomeRatio": 0.2434647521,
    "eps": 0.52,
    "epsdiluted": 0.51,
    "weightedAverageShsOut": 709560000,
    "weightedAverageShsOutDil": 715080000,
    "link": "https://www.sec.gov/Archives/edgar/data/38777/000119312508107912/0001193125-08-107912-index.htm",
    "finalLink": "https://www.sec.gov/Archives/edgar/data/38777/000119312508107912/d10q.htm"
  },
  {
    "date": "2007-12-31",
    "symbol": "BEN",
    "reportedCurrency": "USD",
    "cik": "0000038777",
    "fillingDate": "2008-02-08",
    "acceptedDate": "2008-02-08 14:15:59",
    "calendarYear": "2008",
    "period": "Q1",
    "revenue": 1685591000,
    "costOfRevenue": 552590000,
    "grossProfit": 1133001000,
    "grossProfitRatio": 0.6721683967,
    "researchAndDevelopmentExpenses": 79617000,
    "generalAndAdministrativeExpenses": 359907000,
    "sellingAndMarketingExpenses": 46644000,
    "sellingGeneralAndAdministrativeExpenses": 406551000,
    "otherExpenses": 11104000,
    "operatingExpenses": 497272000,
    "costAndExpenses": 1049862000,
    "interestIncome": 0,
    "interestExpense": 6045000,
    "depreciationAndAmortization": 52284000,
    "ebitda": 767809000,
    "ebitdaratio": 0.4555132295,
    "operatingIncome": 635729000,
    "operatingIncomeRatio": 0.3771549563,
    "totalOtherIncomeExpensesNet": 73751000,
    "incomeBeforeTax": 709480000,
    "incomeBeforeTaxRatio": 0.4209087495,
    "incomeTaxExpense": 191164000,
    "netIncome": 518316000,
    "netIncomeRatio": 0.3074980823,
    "eps": 0.72,
    "epsdiluted": 0.71,
    "weightedAverageShsOut": 724755000,
    "weightedAverageShsOutDil": 732441000,
    "link": "https://www.sec.gov/Archives/edgar/data/38777/000119312508024061/0001193125-08-024061-index.htm",
    "finalLink": "https://www.sec.gov/Archives/edgar/data/38777/000119312508024061/d10q.htm"
  },
  {
    "date": "2007-09-30",
    "symbol": "BEN",
    "reportedCurrency": "USD",
    "cik": "0000038777",
    "fillingDate": "2007-11-29",
    "acceptedDate": "2007-11-28 18:58:42",
    "calendarYear": "2007",
    "period": "Q4",
    "revenue": 1629137000,
    "costOfRevenue": 0,
    "grossProfit": 1629137000,
    "grossProfitRatio": 1,
    "researchAndDevelopmentExpenses": 89187000,
    "generalAndAdministrativeExpenses": 0,
    "sellingAndMarketingExpenses": 56128000,
    "sellingGeneralAndAdministrativeExpenses": 56128000,
    "otherExpenses": 942434000,
    "operatingExpenses": 1087749000,
    "costAndExpenses": 1087749000,
    "interestIncome": 0,
    "interestExpense": 0,
    "depreciationAndAmortization": 31261000,
    "ebitda": 1131033000,
    "ebitdaratio": 0.6942528468,
    "operatingIncome": 541388000,
    "operatingIncomeRatio": 0.3323158212,
    "totalOtherIncomeExpensesNet": 78344000,
    "incomeBeforeTax": 619732000,
    "incomeBeforeTaxRatio": 0.3804050856,
    "incomeTaxExpense": 182824000,
    "netIncome": 436908000,
    "netIncomeRatio": 0.2681837071,
    "eps": 0.6,
    "epsdiluted": 0.6,
    "weightedAverageShsOut": 723231628,
    "weightedAverageShsOutDil": 733466038,
    "link": "https://www.sec.gov/Archives/edgar/data/38777/000119312507255169/0001193125-07-255169-index.htm",
    "finalLink": "https://www.sec.gov/Archives/edgar/data/38777/000119312507255169/d10k.htm"
  },
  {
    "date": "2007-06-30",
    "symbol": "BEN",
    "reportedCurrency": "USD",
    "cik": "0000038777",
    "fillingDate": "2007-08-08",
    "acceptedDate": "2007-08-08 15:32:26",
    "calendarYear": "2007",
    "period": "Q3",
    "revenue": 1639811000,
    "costOfRevenue": 595905000,
    "grossProfit": 1043906000,
    "grossProfitRatio": 0.6366014132,
    "researchAndDevelopmentExpenses": 79735000,
    "generalAndAdministrativeExpenses": 355251000,
    "sellingAndMarketingExpenses": 52358000,
    "sellingGeneralAndAdministrativeExpenses": 407609000,
    "otherExpenses": 37556000,
    "operatingExpenses": 524900000,
    "costAndExpenses": 1120805000,
    "interestIncome": 0,
    "interestExpense": 6137000,
    "depreciationAndAmortization": 58559000,
    "ebitda": 699217000,
    "ebitdaratio": 0.4264009694,
    "operatingIncome": 519006000,
    "operatingIncomeRatio": 0.3165035483,
    "totalOtherIncomeExpensesNet": 115515000,
    "incomeBeforeTax": 634521000,
    "incomeBeforeTaxRatio": 0.3869476421,
    "incomeTaxExpense": 166157000,
    "netIncome": 468364000,
    "netIncomeRatio": 0.2856207209,
    "eps": 0.63,
    "epsdiluted": 0.62,
    "weightedAverageShsOut": 743574000,
    "weightedAverageShsOutDil": 753915000,
    "link": "https://www.sec.gov/Archives/edgar/data/38777/000119312507175458/0001193125-07-175458-index.htm",
    "finalLink": "https://www.sec.gov/Archives/edgar/data/38777/000119312507175458/d10q.htm"
  },
  {
    "date": "2007-03-31",
    "symbol": "BEN",
    "reportedCurrency": "USD",
    "cik": "0000038777",
    "fillingDate": "2007-05-09",
    "acceptedDate": "2007-05-09 16:13:12",
    "calendarYear": "2007",
    "period": "Q2",
    "revenue": 1509006000,
    "costOfRevenue": 0,
    "grossProfit": 1509006000,
    "grossProfitRatio": 1,
    "researchAndDevelopmentExpenses": 73953000,
    "generalAndAdministrativeExpenses": 0,
    "sellingAndMarketingExpenses": 46035000,
    "sellingGeneralAndAdministrativeExpenses": 46035000,
    "otherExpenses": 889935000,
    "operatingExpenses": 1009923000,
    "costAndExpenses": 1009923000,
    "interestIncome": 0,
    "interestExpense": 5990000,
    "depreciationAndAmortization": 56260000,
    "ebitda": 669955000,
    "ebitdaratio": 0.4439710644,
    "operatingIncome": 499083000,
    "operatingIncomeRatio": 0.3307362595,
    "totalOtherIncomeExpensesNet": 108622000,
    "incomeBeforeTax": 607705000,
    "incomeBeforeTaxRatio": 0.4027187433,
    "incomeTaxExpense": 166839000,
    "netIncome": 440866000,
    "netIncomeRatio": 0.2921565587,
    "eps": 0.58,
    "epsdiluted": 0.58,
    "weightedAverageShsOut": 755770286,
    "weightedAverageShsOutDil": 764507514,
    "link": "https://www.sec.gov/Archives/edgar/data/38777/000119312507108203/0001193125-07-108203-index.htm",
    "finalLink": "https://www.sec.gov/Archives/edgar/data/38777/000119312507108203/d10q.htm"
  },
  {
    "date": "2006-12-31",
    "symbol": "BEN",
    "reportedCurrency": "USD",
    "cik": "0000038777",
    "fillingDate": "2007-02-09",
    "acceptedDate": "2007-02-09 16:22:14",
    "calendarYear": "2007",
    "period": "Q1",
    "revenue": 1427815000,
    "costOfRevenue": 0,
    "grossProfit": 1427815000,
    "grossProfitRatio": 1,
    "researchAndDevelopmentExpenses": 75063000,
    "generalAndAdministrativeExpenses": 0,
    "sellingAndMarketingExpenses": 34861000,
    "sellingGeneralAndAdministrativeExpenses": 34861000,
    "otherExpenses": 809821000,
    "operatingExpenses": 919745000,
    "costAndExpenses": 919745000,
    "interestIncome": 0,
    "interestExpense": 0,
    "depreciationAndAmortization": 52539000,
    "ebitda": 1038660000,
    "ebitdaratio": 0.7274471833,
    "operatingIncome": 508070000,
    "operatingIncomeRatio": 0.3558374159,
    "totalOtherIncomeExpensesNet": 95273000,
    "incomeBeforeTax": 603343000,
    "incomeBeforeTaxRatio": 0.4225638476,
    "incomeTaxExpense": 176543000,
    "netIncome": 426800000,
    "netIncomeRatio": 0.2989182772,
    "eps": 0.56,
    "epsdiluted": 0.56,
    "weightedAverageShsOut": 757633136,
    "weightedAverageShsOutDil": 766706587,
    "link": "https://www.sec.gov/Archives/edgar/data/38777/000119312507025695/0001193125-07-025695-index.htm",
    "finalLink": "https://www.sec.gov/Archives/edgar/data/38777/000119312507025695/d10q.htm"
  },
  {
    "date": "2006-09-30",
    "symbol": "BEN",
    "reportedCurrency": "USD",
    "cik": "0000038777",
    "fillingDate": "2006-12-20",
    "acceptedDate": "2006-12-20 17:04:12",
    "calendarYear": "2006",
    "period": "Q4",
    "revenue": 1297229000,
    "costOfRevenue": 0,
    "grossProfit": 1297229000,
    "grossProfitRatio": 1,
    "researchAndDevelopmentExpenses": 80464000,
    "generalAndAdministrativeExpenses": 0,
    "sellingAndMarketingExpenses": 48684000,
    "sellingGeneralAndAdministrativeExpenses": 48684000,
    "otherExpenses": 741029000,
    "operatingExpenses": 870177000,
    "costAndExpenses": 870177000,
    "interestIncome": 0,
    "interestExpense": 0,
    "depreciationAndAmortization": 54427000,
    "ebitda": 898840000,
    "ebitdaratio": 0.6928923112,
    "operatingIncome": 427052000,
    "operatingIncomeRatio": 0.3292032478,
    "totalOtherIncomeExpensesNet": 65701000,
    "incomeBeforeTax": 492753000,
    "incomeBeforeTaxRatio": 0.379850435,
    "incomeTaxExpense": 111084000,
    "netIncome": 381669000,
    "netIncomeRatio": 0.2942186769,
    "eps": 0.5,
    "epsdiluted": 0.5,
    "weightedAverageShsOut": 757633136,
    "weightedAverageShsOutDil": 766706587,
    "link": "https://www.sec.gov/Archives/edgar/data/38777/000119312506257302/0001193125-06-257302-index.htm",
    "finalLink": "https://www.sec.gov/Archives/edgar/data/38777/000119312506257302/d10k.htm"
  },
  {
    "date": "2006-06-30",
    "symbol": "BEN",
    "reportedCurrency": "USD",
    "cik": "0000038777",
    "fillingDate": "2006-08-09",
    "acceptedDate": "2006-08-09 16:34:46",
    "calendarYear": "2006",
    "period": "Q3",
    "revenue": 1317275000,
    "costOfRevenue": 0,
    "grossProfit": 1317275000,
    "grossProfitRatio": 1,
    "researchAndDevelopmentExpenses": 74082000,
    "generalAndAdministrativeExpenses": 0,
    "sellingAndMarketingExpenses": 41309000,
    "sellingGeneralAndAdministrativeExpenses": 41309000,
    "otherExpenses": 749898000,
    "operatingExpenses": 865289000,
    "costAndExpenses": 865289000,
    "interestIncome": 0,
    "interestExpense": 0,
    "depreciationAndAmortization": 52903000,
    "ebitda": 935616000,
    "ebitdaratio": 0.7102662694,
    "operatingIncome": 451986000,
    "operatingIncomeRatio": 0.3431219753,
    "totalOtherIncomeExpensesNet": 37237000,
    "incomeBeforeTax": 489223000,
    "incomeBeforeTaxRatio": 0.3713901805,
    "incomeTaxExpense": 117809000,
    "netIncome": 371414000,
    "netIncomeRatio": 0.2819563113,
    "eps": 0.48,
    "epsdiluted": 0.47,
    "weightedAverageShsOut": 773779167,
    "weightedAverageShsOutDil": 790242553,
    "link": "https://www.sec.gov/Archives/edgar/data/38777/000119312506167819/0001193125-06-167819-index.htm",
    "finalLink": "https://www.sec.gov/Archives/edgar/data/38777/000119312506167819/d10q.htm"
  },
  {
    "date": "2006-03-31",
    "symbol": "BEN",
    "reportedCurrency": "USD",
    "cik": "0000038777",
    "fillingDate": "2006-05-10",
    "acceptedDate": "2006-05-10 06:05:46",
    "calendarYear": "2006",
    "period": "Q2",
    "revenue": 1254770000,
    "costOfRevenue": 0,
    "grossProfit": 1254770000,
    "grossProfitRatio": 1,
    "researchAndDevelopmentExpenses": 73900000,
    "generalAndAdministrativeExpenses": 0,
    "sellingAndMarketingExpenses": 36130000,
    "sellingGeneralAndAdministrativeExpenses": 36130000,
    "otherExpenses": 794983000,
    "operatingExpenses": 905013000,
    "costAndExpenses": 905013000,
    "interestIncome": 0,
    "interestExpense": 0,
    "depreciationAndAmortization": 54174000,
    "ebitda": 817167000,
    "ebitdaratio": 0.651248436,
    "operatingIncome": 349757000,
    "operatingIncomeRatio": 0.2787419208,
    "totalOtherIncomeExpensesNet": 65255000,
    "incomeBeforeTax": 415012000,
    "incomeBeforeTaxRatio": 0.3307474677,
    "incomeTaxExpense": 218496000,
    "netIncome": 196516000,
    "netIncomeRatio": 0.1566151566,
    "eps": 0.25,
    "epsdiluted": 0.25,
    "weightedAverageShsOut": 775721053,
    "weightedAverageShsOutDil": 796686486,
    "link": "https://www.sec.gov/Archives/edgar/data/38777/000119312506106160/0001193125-06-106160-index.htm",
    "finalLink": "https://www.sec.gov/Archives/edgar/data/38777/000119312506106160/d10q.htm"
  },
  {
    "date": "2005-12-31",
    "symbol": "BEN",
    "reportedCurrency": "USD",
    "cik": "0000038777",
    "fillingDate": "2006-02-09",
    "acceptedDate": "2006-02-09 16:17:08",
    "calendarYear": "2006",
    "period": "Q1",
    "revenue": 1181452000,
    "costOfRevenue": 0,
    "grossProfit": 1181452000,
    "grossProfitRatio": 1,
    "researchAndDevelopmentExpenses": 73895000,
    "generalAndAdministrativeExpenses": 0,
    "sellingAndMarketingExpenses": 30337000,
    "sellingGeneralAndAdministrativeExpenses": 30337000,
    "otherExpenses": 672634000,
    "operatingExpenses": 776866000,
    "costAndExpenses": 776866000,
    "interestIncome": 0,
    "interestExpense": 0,
    "depreciationAndAmortization": 53767000,
    "ebitda": 838430000,
    "ebitdaratio": 0.7096606549,
    "operatingIncome": 404586000,
    "operatingIncomeRatio": 0.3424481062,
    "totalOtherIncomeExpensesNet": 33992000,
    "incomeBeforeTax": 438578000,
    "incomeBeforeTaxRatio": 0.3712194825,
    "incomeTaxExpense": 120609000,
    "netIncome": 317969000,
    "netIncomeRatio": 0.2691340825,
    "eps": 0.42,
    "epsdiluted": 0.4,
    "weightedAverageShsOut": 757069048,
    "weightedAverageShsOutDil": 788352893,
    "link": "https://www.sec.gov/Archives/edgar/data/38777/000119312506025241/0001193125-06-025241-index.htm",
    "finalLink": "https://www.sec.gov/Archives/edgar/data/38777/000119312506025241/d10q.htm"
  },
  {
    "date": "2005-09-30",
    "symbol": "BEN",
    "reportedCurrency": "USD",
    "cik": "0000038777",
    "fillingDate": "2005-12-14",
    "acceptedDate": "2005-12-14 16:43:02",
    "calendarYear": "2005",
    "period": "Q4",
    "revenue": 1163161000,
    "costOfRevenue": 0,
    "grossProfit": 1163161000,
    "grossProfitRatio": 1,
    "researchAndDevelopmentExpenses": 77000000,
    "generalAndAdministrativeExpenses": 0,
    "sellingAndMarketingExpenses": 43237000,
    "sellingGeneralAndAdministrativeExpenses": 43237000,
    "otherExpenses": 674392000,
    "operatingExpenses": 794629000,
    "costAndExpenses": 794629000,
    "interestIncome": 0,
    "interestExpense": 0,
    "depreciationAndAmortization": 65449000,
    "ebitda": 821663000,
    "ebitdaratio": 0.7064052182,
    "operatingIncome": 368532000,
    "operatingIncomeRatio": 0.3168366202,
    "totalOtherIncomeExpensesNet": 50897000,
    "incomeBeforeTax": 419429000,
    "incomeBeforeTaxRatio": 0.3605941052,
    "incomeTaxExpense": 84934000,
    "netIncome": 334495000,
    "netIncomeRatio": 0.2875741191,
    "eps": 0.44,
    "epsdiluted": 0.42,
    "weightedAverageShsOut": 757069048,
    "weightedAverageShsOutDil": 788352893,
    "link": "https://www.sec.gov/Archives/edgar/data/38777/000119312505242624/0001193125-05-242624-index.htm",
    "finalLink": "https://www.sec.gov/Archives/edgar/data/38777/000119312505242624/d10k.htm"
  },
  {
    "date": "2005-06-30",
    "symbol": "BEN",
    "reportedCurrency": "USD",
    "cik": "0000038777",
    "fillingDate": "2005-08-08",
    "acceptedDate": "2005-08-08 17:15:43",
    "calendarYear": "2005",
    "period": "Q3",
    "revenue": 1109734000,
    "costOfRevenue": 0,
    "grossProfit": 1109734000,
    "grossProfitRatio": 1,
    "researchAndDevelopmentExpenses": 73253000,
    "generalAndAdministrativeExpenses": 0,
    "sellingAndMarketingExpenses": 36845000,
    "sellingGeneralAndAdministrativeExpenses": 36845000,
    "otherExpenses": 653157000,
    "operatingExpenses": 763255000,
    "costAndExpenses": 763255000,
    "interestIncome": 0,
    "interestExpense": 0,
    "depreciationAndAmortization": 48342000,
    "ebitda": 754478000,
    "ebitdaratio": 0.6798728344,
    "operatingIncome": 346479000,
    "operatingIncomeRatio": 0.3122180631,
    "totalOtherIncomeExpensesNet": 17234000,
    "incomeBeforeTax": 363713000,
    "incomeBeforeTaxRatio": 0.3277479108,
    "incomeTaxExpense": 101840000,
    "netIncome": 261873000,
    "netIncomeRatio": 0.2359781713,
    "eps": 0.35,
    "epsdiluted": 0.33,
    "weightedAverageShsOut": 755402885,
    "weightedAverageShsOutDil": 785619000,
    "link": "https://www.sec.gov/Archives/edgar/data/38777/000003877705000437/0000038777-05-000437-index.htm",
    "finalLink": "https://www.sec.gov/Archives/edgar/data/38777/000003877705000437/form10q_3q05.txt"
  },
  {
    "date": "2005-03-31",
    "symbol": "BEN",
    "reportedCurrency": "USD",
    "cik": "0000038777",
    "fillingDate": "2005-05-10",
    "acceptedDate": "2005-05-10 11:38:00",
    "calendarYear": "2005",
    "period": "Q2",
    "revenue": 1051181000,
    "costOfRevenue": 0,
    "grossProfit": 1051181000,
    "grossProfitRatio": 1,
    "researchAndDevelopmentExpenses": 69808000,
    "generalAndAdministrativeExpenses": 0,
    "sellingAndMarketingExpenses": 31108000,
    "sellingGeneralAndAdministrativeExpenses": 31108000,
    "otherExpenses": 676984000,
    "operatingExpenses": 777900000,
    "costAndExpenses": 777900000,
    "interestIncome": 0,
    "interestExpense": 0,
    "depreciationAndAmortization": 49678000,
    "ebitda": 670335000,
    "ebitdaratio": 0.6376970284,
    "operatingIncome": 273281000,
    "operatingIncomeRatio": 0.2599752088,
    "totalOtherIncomeExpensesNet": 28783000,
    "incomeBeforeTax": 302064000,
    "incomeBeforeTaxRatio": 0.287356792,
    "incomeTaxExpense": 80790000,
    "netIncome": 221274000,
    "netIncomeRatio": 0.21050038,
    "eps": 0.29,
    "epsdiluted": 0.28,
    "weightedAverageShsOut": 754343182,
    "weightedAverageShsOutDil": 780967059,
    "link": "https://www.sec.gov/Archives/edgar/data/38777/000003877705000343/0000038777-05-000343-index.htm",
    "finalLink": "https://www.sec.gov/Archives/edgar/data/38777/000003877705000343/form10q_2q05.txt"
  },
  {
    "date": "2004-12-31",
    "symbol": "BEN",
    "reportedCurrency": "USD",
    "cik": "0000038777",
    "fillingDate": "2005-02-09",
    "acceptedDate": "2005-02-08 21:42:39",
    "calendarYear": "2005",
    "period": "Q1",
    "revenue": 986022000,
    "costOfRevenue": 0,
    "grossProfit": 986022000,
    "grossProfitRatio": 1,
    "researchAndDevelopmentExpenses": 66805000,
    "generalAndAdministrativeExpenses": 0,
    "sellingAndMarketingExpenses": 26108000,
    "sellingGeneralAndAdministrativeExpenses": 26108000,
    "otherExpenses": 593025000,
    "operatingExpenses": 685938000,
    "costAndExpenses": 685938000,
    "interestIncome": 0,
    "interestExpense": 0,
    "depreciationAndAmortization": 48704000,
    "ebitda": 660210000,
    "ebitdaratio": 0.6695692388,
    "operatingIncome": 300084000,
    "operatingIncomeRatio": 0.3043380371,
    "totalOtherIncomeExpensesNet": 35565000,
    "incomeBeforeTax": 335649000,
    "incomeBeforeTaxRatio": 0.340407212,
    "incomeTaxExpense": 95660000,
    "netIncome": 239989000,
    "netIncomeRatio": 0.2433911211,
    "eps": 0.32,
    "epsdiluted": 0.31,
    "weightedAverageShsOut": 749965625,
    "weightedAverageShsOutDil": 782572826,
    "link": "https://www.sec.gov/Archives/edgar/data/38777/000003877705000060/0000038777-05-000060-index.htm",
    "finalLink": "https://www.sec.gov/Archives/edgar/data/38777/000003877705000060/form10q_1q05.txt"
  },
  {
    "date": "2004-09-30",
    "symbol": "BEN",
    "reportedCurrency": "USD",
    "cik": "0000038777",
    "fillingDate": "2004-12-14",
    "acceptedDate": "2004-12-14 15:17:58",
    "calendarYear": "2004",
    "period": "Q4",
    "revenue": 894645000,
    "costOfRevenue": 0,
    "grossProfit": 894645000,
    "grossProfitRatio": 1,
    "researchAndDevelopmentExpenses": 68015000,
    "generalAndAdministrativeExpenses": 0,
    "sellingAndMarketingExpenses": 27711000,
    "sellingGeneralAndAdministrativeExpenses": 27711000,
    "otherExpenses": 557150000,
    "operatingExpenses": 652876000,
    "costAndExpenses": 652876000,
    "interestIncome": 0,
    "interestExpense": 0,
    "depreciationAndAmortization": 45982000,
    "ebitda": 564685000,
    "ebitdaratio": 0.6311833185,
    "operatingIncome": 241769000,
    "operatingIncomeRatio": 0.2702401511,
    "totalOtherIncomeExpensesNet": 19990000,
    "incomeBeforeTax": 261759000,
    "incomeBeforeTaxRatio": 0.2925842094,
    "incomeTaxExpense": 74078000,
    "netIncome": 187681000,
    "netIncomeRatio": 0.2097826512,
    "eps": 0.25,
    "epsdiluted": 0.24,
    "weightedAverageShsOut": 749965625,
    "weightedAverageShsOutDil": 782572826,
    "link": "https://www.sec.gov/Archives/edgar/data/38777/000003877704000612/0000038777-04-000612-index.htm",
    "finalLink": "https://www.sec.gov/Archives/edgar/data/38777/000003877704000612/form10k_2004.txt"
  },
  {
    "date": "2004-06-30",
    "symbol": "BEN",
    "reportedCurrency": "USD",
    "cik": "0000038777",
    "fillingDate": "2004-08-13",
    "acceptedDate": "2004-08-13 16:07:43",
    "calendarYear": "2004",
    "period": "Q3",
    "revenue": 867815000,
    "costOfRevenue": 0,
    "grossProfit": 867815000,
    "grossProfitRatio": 1,
    "researchAndDevelopmentExpenses": 67464000,
    "generalAndAdministrativeExpenses": 0,
    "sellingAndMarketingExpenses": 31139000,
    "sellingGeneralAndAdministrativeExpenses": 31139000,
    "otherExpenses": 528226000,
    "operatingExpenses": 626829000,
    "costAndExpenses": 626829000,
    "interestIncome": 0,
    "interestExpense": 0,
    "depreciationAndAmortization": 45324000,
    "ebitda": 538560000,
    "ebitdaratio": 0.6205930988,
    "operatingIncome": 240986000,
    "operatingIncomeRatio": 0.2776928262,
    "totalOtherIncomeExpensesNet": 3005000,
    "incomeBeforeTax": 243991000,
    "incomeBeforeTaxRatio": 0.2811555458,
    "incomeTaxExpense": 70095000,
    "netIncome": 173896000,
    "netIncomeRatio": 0.2003837223,
    "eps": 0.23,
    "epsdiluted": 0.22,
    "weightedAverageShsOut": 745268571,
    "weightedAverageShsOutDil": 778638806,
    "link": "https://www.sec.gov/Archives/edgar/data/38777/000003877704000407/0000038777-04-000407-index.htm",
    "finalLink": "https://www.sec.gov/Archives/edgar/data/38777/000003877704000407/form10q_3q04.txt"
  },
  {
    "date": "2004-03-31",
    "symbol": "BEN",
    "reportedCurrency": "USD",
    "cik": "0000038777",
    "fillingDate": "2004-05-14",
    "acceptedDate": "2004-05-14 17:13:07",
    "calendarYear": "2004",
    "period": "Q2",
    "revenue": 878995000,
    "costOfRevenue": 0,
    "grossProfit": 878995000,
    "grossProfitRatio": 1,
    "researchAndDevelopmentExpenses": 68413000,
    "generalAndAdministrativeExpenses": 0,
    "sellingAndMarketingExpenses": 31935000,
    "sellingGeneralAndAdministrativeExpenses": 31935000,
    "otherExpenses": 553437000,
    "operatingExpenses": 653785000,
    "costAndExpenses": 653785000,
    "interestIncome": 0,
    "interestExpense": 0,
    "depreciationAndAmortization": 47117000,
    "ebitda": 540384000,
    "ebitdaratio": 0.6147748281,
    "operatingIncome": 225210000,
    "operatingIncomeRatio": 0.2562130615,
    "totalOtherIncomeExpensesNet": 26966000,
    "incomeBeforeTax": 252176000,
    "incomeBeforeTaxRatio": 0.2868912792,
    "incomeTaxExpense": 79385000,
    "netIncome": 172791000,
    "netIncomeRatio": 0.19657791,
    "eps": 0.23,
    "epsdiluted": 0.22,
    "weightedAverageShsOut": 751265217,
    "weightedAverageShsOutDil": 773691045,
    "link": "https://www.sec.gov/Archives/edgar/data/38777/000003877704000348/0000038777-04-000348-index.htm",
    "finalLink": "https://www.sec.gov/Archives/edgar/data/38777/000003877704000348/form10q_2q04.txt"
  },
  {
    "date": "2003-12-31",
    "symbol": "BEN",
    "reportedCurrency": "USD",
    "cik": "0000038777",
    "fillingDate": "2004-02-17",
    "acceptedDate": "2004-02-17 16:32:55",
    "calendarYear": "2004",
    "period": "Q1",
    "revenue": 809666000,
    "costOfRevenue": 0,
    "grossProfit": 809666000,
    "grossProfitRatio": 1,
    "researchAndDevelopmentExpenses": 69648000,
    "generalAndAdministrativeExpenses": 0,
    "sellingAndMarketingExpenses": 21232000,
    "sellingGeneralAndAdministrativeExpenses": 21232000,
    "otherExpenses": 495926000,
    "operatingExpenses": 586806000,
    "costAndExpenses": 586806000,
    "interestIncome": 0,
    "interestExpense": 0,
    "depreciationAndAmortization": 45014000,
    "ebitda": 516602000,
    "ebitdaratio": 0.6380433413,
    "operatingIncome": 222860000,
    "operatingIncomeRatio": 0.2752493003,
    "totalOtherIncomeExpensesNet": 13080000,
    "incomeBeforeTax": 235940000,
    "incomeBeforeTaxRatio": 0.2914041098,
    "incomeTaxExpense": 68423000,
    "netIncome": 172296000,
    "netIncomeRatio": 0.2127988578,
    "eps": 0.23,
    "epsdiluted": 0.22,
    "weightedAverageShsOut": 738411429,
    "weightedAverageShsOutDil": 771474627,
    "link": "https://www.sec.gov/Archives/edgar/data/38777/000003877704000269/0000038777-04-000269-index.htm",
    "finalLink": "https://www.sec.gov/Archives/edgar/data/38777/000003877704000269/form10q_1q04.txt"
  },
  {
    "date": "2003-09-30",
    "symbol": "BEN",
    "reportedCurrency": "USD",
    "cik": "0000038777",
    "fillingDate": "2003-12-22",
    "acceptedDate": "2003-12-19 21:36:26",
    "calendarYear": "2003",
    "period": "Q4",
    "revenue": 721955000,
    "costOfRevenue": 0,
    "grossProfit": 721955000,
    "grossProfitRatio": 1,
    "researchAndDevelopmentExpenses": 70871000,
    "generalAndAdministrativeExpenses": 0,
    "sellingAndMarketingExpenses": 23248000,
    "sellingGeneralAndAdministrativeExpenses": 23248000,
    "otherExpenses": 428296000,
    "operatingExpenses": 522415000,
    "costAndExpenses": 522415000,
    "interestIncome": 0,
    "interestExpense": 0,
    "depreciationAndAmortization": 44808000,
    "ebitda": 456205000,
    "ebitdaratio": 0.6319022654,
    "operatingIncome": 199540000,
    "operatingIncomeRatio": 0.2763884176,
    "totalOtherIncomeExpensesNet": 14656000,
    "incomeBeforeTax": 214196000,
    "incomeBeforeTaxRatio": 0.2966888518,
    "incomeTaxExpense": 62117000,
    "netIncome": 152079000,
    "netIncomeRatio": 0.2106488632,
    "eps": 0.21,
    "epsdiluted": 0.2,
    "weightedAverageShsOut": 738411429,
    "weightedAverageShsOutDil": 749113043,
    "link": "https://www.sec.gov/Archives/edgar/data/38777/000003877703000693/0000038777-03-000693-index.htm",
    "finalLink": "https://www.sec.gov/Archives/edgar/data/38777/000003877703000693/form10k_03.txt"
  },
  {
    "date": "2003-06-30",
    "symbol": "BEN",
    "reportedCurrency": "USD",
    "cik": "0000038777",
    "fillingDate": "2003-08-14",
    "acceptedDate": "2003-08-13 19:02:24",
    "calendarYear": "2003",
    "period": "Q3",
    "revenue": 683907000,
    "costOfRevenue": 0,
    "grossProfit": 683907000,
    "grossProfitRatio": 1,
    "researchAndDevelopmentExpenses": 70459000,
    "generalAndAdministrativeExpenses": 0,
    "sellingAndMarketingExpenses": 22281000,
    "sellingGeneralAndAdministrativeExpenses": 22281000,
    "otherExpenses": 421792000,
    "operatingExpenses": 514532000,
    "costAndExpenses": 514532000,
    "interestIncome": 0,
    "interestExpense": 0,
    "depreciationAndAmortization": 44686000,
    "ebitda": 421132000,
    "ebitdaratio": 0.6157737821,
    "operatingIncome": 169375000,
    "operatingIncomeRatio": 0.2476579418,
    "totalOtherIncomeExpensesNet": 15679000,
    "incomeBeforeTax": 185054000,
    "incomeBeforeTaxRatio": 0.2705835735,
    "incomeTaxExpense": 53666000,
    "netIncome": 131388000,
    "netIncomeRatio": 0.19211384,
    "eps": 0.17,
    "epsdiluted": 0.17,
    "weightedAverageShsOut": 758007692,
    "weightedAverageShsOutDil": 758007692,
    "link": "https://www.sec.gov/Archives/edgar/data/38777/000003877703000436/0000038777-03-000436-index.htm",
    "finalLink": "https://www.sec.gov/Archives/edgar/data/38777/000003877703000436/form10q_3q03.txt"
  },
  {
    "date": "2003-03-31",
    "symbol": "BEN",
    "reportedCurrency": "USD",
    "cik": "0000038777",
    "fillingDate": "2003-05-12",
    "acceptedDate": "2003-05-12 13:19:52",
    "calendarYear": "2003",
    "period": "Q2",
    "revenue": 613135000,
    "costOfRevenue": 0,
    "grossProfit": 613135000,
    "grossProfitRatio": 1,
    "researchAndDevelopmentExpenses": 71404000,
    "generalAndAdministrativeExpenses": 0,
    "sellingAndMarketingExpenses": 24226000,
    "sellingGeneralAndAdministrativeExpenses": 24226000,
    "otherExpenses": 377799000,
    "operatingExpenses": 473429000,
    "costAndExpenses": 473429000,
    "interestIncome": 0,
    "interestExpense": 0,
    "depreciationAndAmortization": 44431000,
    "ebitda": 357205000,
    "ebitdaratio": 0.5825878477,
    "operatingIncome": 139706000,
    "operatingIncomeRatio": 0.2278552032,
    "totalOtherIncomeExpensesNet": 12521000,
    "incomeBeforeTax": 152227000,
    "incomeBeforeTaxRatio": 0.2482764807,
    "incomeTaxExpense": 42624000,
    "netIncome": 109603000,
    "netIncomeRatio": 0.1787583485,
    "eps": 0.14,
    "epsdiluted": 0.14,
    "weightedAverageShsOut": 764672093,
    "weightedAverageShsOutDil": 764672093,
    "link": "https://www.sec.gov/Archives/edgar/data/38777/000003877703000269/0000038777-03-000269-index.htm",
    "finalLink": "https://www.sec.gov/Archives/edgar/data/38777/000003877703000269/form10q_2q03.txt"
  },
  {
    "date": "2002-12-31",
    "symbol": "BEN",
    "reportedCurrency": "USD",
    "cik": "0000038777",
    "fillingDate": "2003-02-13",
    "acceptedDate": "2003-02-13 13:38:52",
    "calendarYear": "2003",
    "period": "Q1",
    "revenue": 605451000,
    "costOfRevenue": 0,
    "grossProfit": 605451000,
    "grossProfitRatio": 1,
    "researchAndDevelopmentExpenses": 72595000,
    "generalAndAdministrativeExpenses": 0,
    "sellingAndMarketingExpenses": 22644000,
    "sellingGeneralAndAdministrativeExpenses": 22644000,
    "otherExpenses": 370757000,
    "operatingExpenses": 465996000,
    "costAndExpenses": 465996000,
    "interestIncome": 0,
    "interestExpense": 0,
    "depreciationAndAmortization": 43495000,
    "ebitda": 351797000,
    "ebitdaratio": 0.5810494986,
    "operatingIncome": 139455000,
    "operatingIncomeRatio": 0.2303324299,
    "totalOtherIncomeExpensesNet": 9271000,
    "incomeBeforeTax": 148726000,
    "incomeBeforeTaxRatio": 0.245644982,
    "incomeTaxExpense": 38966000,
    "netIncome": 109760000,
    "netIncomeRatio": 0.1812863469,
    "eps": 0.14,
    "epsdiluted": 0.14,
    "weightedAverageShsOut": 765767442,
    "weightedAverageShsOutDil": 765767442,
    "link": "https://www.sec.gov/Archives/edgar/data/38777/000003877703000231/0000038777-03-000231-index.htm",
    "finalLink": "https://www.sec.gov/Archives/edgar/data/38777/000003877703000231/form10q_1q2003.txt"
  },
  {
    "date": "2002-09-30",
    "symbol": "BEN",
    "reportedCurrency": "USD",
    "cik": "0000038777",
    "fillingDate": "2002-12-18",
    "acceptedDate": "2002-12-18 14:37:08",
    "calendarYear": "2002",
    "period": "Q4",
    "revenue": 608307000,
    "costOfRevenue": 0,
    "grossProfit": 608307000,
    "grossProfitRatio": 1,
    "researchAndDevelopmentExpenses": 70797000,
    "generalAndAdministrativeExpenses": 0,
    "sellingAndMarketingExpenses": 25703000,
    "sellingGeneralAndAdministrativeExpenses": 25703000,
    "otherExpenses": 371041000,
    "operatingExpenses": 467541000,
    "costAndExpenses": 467541000,
    "interestIncome": 0,
    "interestExpense": 0,
    "depreciationAndAmortization": 44616000,
    "ebitda": 360436000,
    "ebitdaratio": 0.5925231832,
    "operatingIncome": 140766000,
    "operatingIncomeRatio": 0.2314061814,
    "totalOtherIncomeExpensesNet": -49221000,
    "incomeBeforeTax": 91545000,
    "incomeBeforeTaxRatio": 0.1504914459,
    "incomeTaxExpense": 23027000,
    "netIncome": 68518000,
    "netIncomeRatio": 0.1126372046,
    "eps": 0.089,
    "epsdiluted": 0.089,
    "weightedAverageShsOut": 765767442,
    "weightedAverageShsOutDil": 765767442,
    "link": "https://www.sec.gov/Archives/edgar/data/38777/000003877702000444/0000038777-02-000444-index.htm",
    "finalLink": "https://www.sec.gov/Archives/edgar/data/38777/000003877702000444/form10k_2002.txt"
  },
  {
    "date": "2002-06-30",
    "symbol": "BEN",
    "reportedCurrency": "USD",
    "cik": "0000038777",
    "fillingDate": "2002-08-12",
    "acceptedDate": "2002-08-12 16:59:40",
    "calendarYear": "2002",
    "period": "Q3",
    "revenue": 666050000,
    "costOfRevenue": 0,
    "grossProfit": 666050000,
    "grossProfitRatio": 1,
    "researchAndDevelopmentExpenses": 75573000,
    "generalAndAdministrativeExpenses": 0,
    "sellingAndMarketingExpenses": 29268000,
    "sellingGeneralAndAdministrativeExpenses": 29268000,
    "otherExpenses": 407357000,
    "operatingExpenses": 512198000,
    "costAndExpenses": 512198000,
    "interestIncome": 0,
    "interestExpense": 0,
    "depreciationAndAmortization": 47371000,
    "ebitda": 392809000,
    "ebitdaratio": 0.5897590271,
    "operatingIncome": 153852000,
    "operatingIncomeRatio": 0.2309916673,
    "totalOtherIncomeExpensesNet": 14859000,
    "incomeBeforeTax": 168711000,
    "incomeBeforeTaxRatio": 0.2533008032,
    "incomeTaxExpense": 43021000,
    "netIncome": 125690000,
    "netIncomeRatio": 0.1887095563,
    "eps": 0.16,
    "epsdiluted": 0.16,
    "weightedAverageShsOut": 785562500,
    "weightedAverageShsOutDil": 785562500,
    "link": "https://www.sec.gov/Archives/edgar/data/38777/000003877702000340/0000038777-02-000340-index.htm",
    "finalLink": "https://www.sec.gov/Archives/edgar/data/38777/000003877702000340/form10q_3q02.txt"
  },
  {
    "date": "2002-03-31",
    "symbol": "BEN",
    "reportedCurrency": "USD",
    "cik": "0000038777",
    "fillingDate": "2002-05-15",
    "acceptedDate": "2002-05-14 19:18:19",
    "calendarYear": "2002",
    "period": "Q2",
    "revenue": 625968000,
    "costOfRevenue": 0,
    "grossProfit": 625968000,
    "grossProfitRatio": 1,
    "researchAndDevelopmentExpenses": 73197000,
    "generalAndAdministrativeExpenses": 0,
    "sellingAndMarketingExpenses": 25481000,
    "sellingGeneralAndAdministrativeExpenses": 25481000,
    "otherExpenses": 379271000,
    "operatingExpenses": 477949000,
    "costAndExpenses": 477949000,
    "interestIncome": 0,
    "interestExpense": 0,
    "depreciationAndAmortization": 45735000,
    "ebitda": 371081000,
    "ebitdaratio": 0.5928114536,
    "operatingIncome": 148019000,
    "operatingIncomeRatio": 0.2364641643,
    "totalOtherIncomeExpensesNet": 11974000,
    "incomeBeforeTax": 159993000,
    "incomeBeforeTaxRatio": 0.2555929377,
    "incomeTaxExpense": 39997000,
    "netIncome": 119996000,
    "netIncomeRatio": 0.1916967002,
    "eps": 0.15,
    "epsdiluted": 0.15,
    "weightedAverageShsOut": 782582609,
    "weightedAverageShsOutDil": 782582609,
    "link": "https://www.sec.gov/Archives/edgar/data/38777/000003877702000306/0000038777-02-000306-index.htm",
    "finalLink": "https://www.sec.gov/Archives/edgar/data/38777/000003877702000306/form10q_2q02.txt"
  },
  {
    "date": "2001-12-31",
    "symbol": "BEN",
    "reportedCurrency": "USD",
    "cik": "0000038777",
    "fillingDate": "2002-02-13",
    "acceptedDate": "2002-02-13 00:00:00",
    "calendarYear": "2002",
    "period": "Q1",
    "revenue": 618207000,
    "costOfRevenue": 0,
    "grossProfit": 618207000,
    "grossProfitRatio": 1,
    "researchAndDevelopmentExpenses": 74594000,
    "generalAndAdministrativeExpenses": 0,
    "sellingAndMarketingExpenses": 26425000,
    "sellingGeneralAndAdministrativeExpenses": 26425000,
    "otherExpenses": 374323000,
    "operatingExpenses": 475342000,
    "costAndExpenses": 475342000,
    "interestIncome": 0,
    "interestExpense": 0,
    "depreciationAndAmortization": 45399000,
    "ebitda": 360531000,
    "ebitdaratio": 0.5831881554,
    "operatingIncome": 142865000,
    "operatingIncomeRatio": 0.2310957333,
    "totalOtherIncomeExpensesNet": 15161000,
    "incomeBeforeTax": 158026000,
    "incomeBeforeTaxRatio": 0.2556198814,
    "incomeTaxExpense": 39507000,
    "netIncome": 118519000,
    "netIncomeRatio": 0.1917141022,
    "eps": 0.15,
    "epsdiluted": 0.15,
    "weightedAverageShsOut": 790126667,
    "weightedAverageShsOutDil": 790126667,
    "link": "https://www.sec.gov/Archives/edgar/data/38777/000003877702000087/0000038777-02-000087-index.htm",
    "finalLink": "https://www.sec.gov/Archives/edgar/data/38777/000003877702000087/form_10q.txt"
  },
  {
    "date": "2001-09-30",
    "symbol": "BEN",
    "reportedCurrency": "USD",
    "cik": "0000038777",
    "fillingDate": "2001-12-26",
    "acceptedDate": "2001-12-26 00:00:00",
    "calendarYear": "2001",
    "period": "Q4",
    "revenue": 603883000,
    "costOfRevenue": 0,
    "grossProfit": 603883000,
    "grossProfitRatio": 1,
    "researchAndDevelopmentExpenses": 76191000,
    "generalAndAdministrativeExpenses": 0,
    "sellingAndMarketingExpenses": 32388000,
    "sellingGeneralAndAdministrativeExpenses": 32388000,
    "otherExpenses": 401456000,
    "operatingExpenses": 510035000,
    "costAndExpenses": 510035000,
    "interestIncome": 0,
    "interestExpense": 0,
    "depreciationAndAmortization": 62016000,
    "ebitda": 321937000,
    "ebitdaratio": 0.5331115464,
    "operatingIncome": 93848000,
    "operatingIncomeRatio": 0.1554075872,
    "totalOtherIncomeExpensesNet": 16505000,
    "incomeBeforeTax": 110353000,
    "incomeBeforeTaxRatio": 0.1827390405,
    "incomeTaxExpense": 26484000,
    "netIncome": 83869000,
    "netIncomeRatio": 0.1388828631,
    "eps": 0.11,
    "epsdiluted": 0.11,
    "weightedAverageShsOut": 788718672,
    "weightedAverageShsOutDil": 790126667,
    "link": "https://www.sec.gov/Archives/edgar/data/38777/000003877701500097/0000038777-01-500097-index.htm",
    "finalLink": "https://www.sec.gov/Archives/edgar/data/38777/000003877701500097/form10k_2001.txt"
  },
  {
    "date": "2001-06-30",
    "symbol": "BEN",
    "reportedCurrency": "USD",
    "cik": "0000038777",
    "fillingDate": "2001-08-13",
    "acceptedDate": "2001-08-13 00:00:00",
    "calendarYear": "2001",
    "period": "Q3",
    "revenue": 609473000,
    "costOfRevenue": 0,
    "grossProfit": 609473000,
    "grossProfitRatio": 1,
    "researchAndDevelopmentExpenses": 70576000,
    "generalAndAdministrativeExpenses": 0,
    "sellingAndMarketingExpenses": 27314000,
    "sellingGeneralAndAdministrativeExpenses": 27314000,
    "otherExpenses": 386887000,
    "operatingExpenses": 484777000,
    "costAndExpenses": 484777000,
    "interestIncome": 0,
    "interestExpense": 0,
    "depreciationAndAmortization": 58617000,
    "ebitda": 346290000,
    "ebitdaratio": 0.5681793943,
    "operatingIncome": 124696000,
    "operatingIncomeRatio": 0.20459643,
    "totalOtherIncomeExpensesNet": 32809000,
    "incomeBeforeTax": 157505000,
    "incomeBeforeTaxRatio": 0.258428183,
    "incomeTaxExpense": 37802000,
    "netIncome": 119703000,
    "netIncomeRatio": 0.1964041065,
    "eps": 0.15,
    "epsdiluted": 0.15,
    "weightedAverageShsOut": 780671739,
    "weightedAverageShsOutDil": 780671739,
    "link": "https://www.sec.gov/Archives/edgar/data/38777/000003877701500046/0000038777-01-500046-index.htm",
    "finalLink": "https://www.sec.gov/Archives/edgar/data/38777/000003877701500046/form10q_jun01.txt"
  },
  {
    "date": "2001-03-31",
    "symbol": "BEN",
    "reportedCurrency": "USD",
    "cik": "0000038777",
    "fillingDate": "2001-05-15",
    "acceptedDate": "2001-05-15 00:00:00",
    "calendarYear": "2001",
    "period": "Q2",
    "revenue": 577413000,
    "costOfRevenue": 0,
    "grossProfit": 577413000,
    "grossProfitRatio": 1,
    "researchAndDevelopmentExpenses": 59002000,
    "generalAndAdministrativeExpenses": 0,
    "sellingAndMarketingExpenses": 24433000,
    "sellingGeneralAndAdministrativeExpenses": 24433000,
    "otherExpenses": 349505000,
    "operatingExpenses": 432940000,
    "costAndExpenses": 432940000,
    "interestIncome": 0,
    "interestExpense": 0,
    "depreciationAndAmortization": 52880000,
    "ebitda": 359487000,
    "ebitdaratio": 0.6225821033,
    "operatingIncome": 144473000,
    "operatingIncomeRatio": 0.2502073906,
    "totalOtherIncomeExpensesNet": 28795000,
    "incomeBeforeTax": 173268000,
    "incomeBeforeTaxRatio": 0.3000763751,
    "incomeTaxExpense": 41584000,
    "netIncome": 131684000,
    "netIncomeRatio": 0.2280585993,
    "eps": 0.18,
    "epsdiluted": 0.18,
    "weightedAverageShsOut": 731577778,
    "weightedAverageShsOutDil": 731577778,
    "link": "https://www.sec.gov/Archives/edgar/data/38777/000003877701500018/0000038777-01-500018-index.htm",
    "finalLink": "https://www.sec.gov/Archives/edgar/data/38777/000003877701500018/form10q_mar3101.txt"
  },
  {
    "date": "2000-12-31",
    "symbol": "BEN",
    "reportedCurrency": "USD",
    "cik": "0000038777",
    "fillingDate": "2001-02-14",
    "acceptedDate": "2001-02-14 00:00:00",
    "calendarYear": "2001",
    "period": "Q1",
    "revenue": 564074000,
    "costOfRevenue": 0,
    "grossProfit": 564074000,
    "grossProfitRatio": 1,
    "researchAndDevelopmentExpenses": 57528000,
    "generalAndAdministrativeExpenses": 0,
    "sellingAndMarketingExpenses": 22126000,
    "sellingGeneralAndAdministrativeExpenses": 22126000,
    "otherExpenses": 335442000,
    "operatingExpenses": 415096000,
    "costAndExpenses": 415096000,
    "interestIncome": 0,
    "interestExpense": 0,
    "depreciationAndAmortization": 50333000,
    "ebitda": 344995000,
    "ebitdaratio": 0.6116130153,
    "operatingIncome": 148978000,
    "operatingIncomeRatio": 0.2641107372,
    "totalOtherIncomeExpensesNet": 47686000,
    "incomeBeforeTax": 196664000,
    "incomeBeforeTaxRatio": 0.3486492907,
    "incomeTaxExpense": 47199000,
    "netIncome": 149465000,
    "netIncomeRatio": 0.2649740991,
    "eps": 0.2,
    "epsdiluted": 0.2,
    "weightedAverageShsOut": 735073770,
    "weightedAverageShsOutDil": 735073770,
    "link": "https://www.sec.gov/Archives/edgar/data/38777/000003877701000267/0000038777-01-000267-index.htm",
    "finalLink": "https://www.sec.gov/Archives/edgar/data/38777/000003877701000267/0000038777-01-000267-0001.txt"
  },
  {
    "date": "2000-09-30",
    "symbol": "BEN",
    "reportedCurrency": "USD",
    "cik": "0000038777",
    "fillingDate": "2000-12-07",
    "acceptedDate": "2000-12-07 00:00:00",
    "calendarYear": "2000",
    "period": "Q4",
    "revenue": 593050000,
    "costOfRevenue": 0,
    "grossProfit": 593050000,
    "grossProfitRatio": 1,
    "researchAndDevelopmentExpenses": 59890000,
    "generalAndAdministrativeExpenses": 0,
    "sellingAndMarketingExpenses": 27477000,
    "sellingGeneralAndAdministrativeExpenses": 27477000,
    "otherExpenses": 350784000,
    "operatingExpenses": 438151000,
    "costAndExpenses": 438151000,
    "interestIncome": 0,
    "interestExpense": 0,
    "depreciationAndAmortization": 50746000,
    "ebitda": 366061000,
    "ebitdaratio": 0.6172514965,
    "operatingIncome": 154899000,
    "operatingIncomeRatio": 0.2611904561,
    "totalOtherIncomeExpensesNet": 30423000,
    "incomeBeforeTax": 185322000,
    "incomeBeforeTaxRatio": 0.312489672,
    "incomeTaxExpense": 44499000,
    "netIncome": 140823000,
    "netIncomeRatio": 0.2374555265,
    "eps": 0.19,
    "epsdiluted": 0.19,
    "weightedAverageShsOut": 735073770,
    "weightedAverageShsOutDil": 735073770,
    "link": "https://www.sec.gov/Archives/edgar/data/38777/000003877700000380/0000038777-00-000380-index.htm",
    "finalLink": "https://www.sec.gov/Archives/edgar/data/38777/000003877700000380/0000038777-00-000380-0001.txt"
  },
  {
    "date": "2000-06-30",
    "symbol": "BEN",
    "reportedCurrency": "USD",
    "cik": "0000038777",
    "fillingDate": "2000-08-11",
    "acceptedDate": "2000-08-11 00:00:00",
    "calendarYear": "2000",
    "period": "Q3",
    "revenue": 568897000,
    "costOfRevenue": 0,
    "grossProfit": 568897000,
    "grossProfitRatio": 1,
    "researchAndDevelopmentExpenses": 50708000,
    "generalAndAdministrativeExpenses": 0,
    "sellingAndMarketingExpenses": 25279000,
    "sellingGeneralAndAdministrativeExpenses": 25279000,
    "otherExpenses": 324078000,
    "operatingExpenses": 400065000,
    "costAndExpenses": 400065000,
    "interestIncome": 0,
    "interestExpense": 0,
    "depreciationAndAmortization": 49343000,
    "ebitda": 360859000,
    "ebitdaratio": 0.634313417,
    "operatingIncome": 168832000,
    "operatingIncomeRatio": 0.2967707687,
    "totalOtherIncomeExpensesNet": 15838000,
    "incomeBeforeTax": 184670000,
    "incomeBeforeTaxRatio": 0.3246106061,
    "incomeTaxExpense": 44300000,
    "netIncome": 140370000,
    "netIncomeRatio": 0.2467406226,
    "eps": 0.19,
    "epsdiluted": 0.19,
    "weightedAverageShsOut": 726051724,
    "weightedAverageShsOutDil": 726051724,
    "link": "https://www.sec.gov/Archives/edgar/data/38777/000003877700000364/0000038777-00-000364-index.htm",
    "finalLink": "https://www.sec.gov/Archives/edgar/data/38777/000003877700000364/0000038777-00-000364-0001.txt"
  },
  {
    "date": "2000-03-31",
    "symbol": "BEN",
    "reportedCurrency": "USD",
    "cik": "0000038777",
    "fillingDate": "2000-05-15",
    "acceptedDate": "2000-05-15 00:00:00",
    "calendarYear": "2000",
    "period": "Q2",
    "revenue": 612526000,
    "costOfRevenue": 0,
    "grossProfit": 612526000,
    "grossProfitRatio": 1,
    "researchAndDevelopmentExpenses": 51441000,
    "generalAndAdministrativeExpenses": 0,
    "sellingAndMarketingExpenses": 25895000,
    "sellingGeneralAndAdministrativeExpenses": 25895000,
    "otherExpenses": 363113000,
    "operatingExpenses": 440449000,
    "costAndExpenses": 440449000,
    "interestIncome": 0,
    "interestExpense": 0,
    "depreciationAndAmortization": 50788000,
    "ebitda": 399741000,
    "ebitdaratio": 0.6526106647,
    "operatingIncome": 172077000,
    "operatingIncomeRatio": 0.2809301156,
    "totalOtherIncomeExpensesNet": 16572000,
    "incomeBeforeTax": 188649000,
    "incomeBeforeTaxRatio": 0.3079852937,
    "incomeTaxExpense": 45275000,
    "netIncome": 143374000,
    "netIncomeRatio": 0.234070064,
    "eps": 0.19,
    "epsdiluted": 0.19,
    "weightedAverageShsOut": 741589655,
    "weightedAverageShsOutDil": 750120000,
    "link": "https://www.sec.gov/Archives/edgar/data/38777/000003877700000343/0000038777-00-000343-index.htm",
    "finalLink": "https://www.sec.gov/Archives/edgar/data/38777/000003877700000343/0000038777-00-000343.txt"
  },
  {
    "date": "1999-12-31",
    "symbol": "BEN",
    "reportedCurrency": "USD",
    "cik": "0000038777",
    "fillingDate": "2000-02-14",
    "acceptedDate": "2000-02-14 00:00:00",
    "calendarYear": "2000",
    "period": "Q1",
    "revenue": 565667000,
    "costOfRevenue": 0,
    "grossProfit": 565667000,
    "grossProfitRatio": 1,
    "researchAndDevelopmentExpenses": 51631000,
    "generalAndAdministrativeExpenses": 0,
    "sellingAndMarketingExpenses": 22545000,
    "sellingGeneralAndAdministrativeExpenses": 22545000,
    "otherExpenses": 323856000,
    "operatingExpenses": 398032000,
    "costAndExpenses": 398032000,
    "interestIncome": 0,
    "interestExpense": 0,
    "depreciationAndAmortization": 48762000,
    "ebitda": 359565000,
    "ebitdaratio": 0.6356478281,
    "operatingIncome": 167635000,
    "operatingIncomeRatio": 0.2963492656,
    "totalOtherIncomeExpensesNet": 13315000,
    "incomeBeforeTax": 180950000,
    "incomeBeforeTaxRatio": 0.3198878492,
    "incomeTaxExpense": 43428000,
    "netIncome": 137522000,
    "netIncomeRatio": 0.2431147654,
    "eps": 0.18,
    "epsdiluted": 0.18,
    "weightedAverageShsOut": 750120000,
    "weightedAverageShsOutDil": 750120000,
    "link": "https://www.sec.gov/Archives/edgar/data/38777/000003877700000301/0000038777-00-000301-index.htm",
    "finalLink": "https://www.sec.gov/Archives/edgar/data/38777/000003877700000301/0000038777-00-000301.txt"
  },
  {
    "date": "1999-09-30",
    "symbol": "BEN",
    "reportedCurrency": "USD",
    "cik": "0000038777",
    "fillingDate": "1999-12-21",
    "acceptedDate": "1999-12-21 00:00:00",
    "calendarYear": "1999",
    "period": "Q4",
    "revenue": 536719000,
    "costOfRevenue": 0,
    "grossProfit": 536719000,
    "grossProfitRatio": 1,
    "researchAndDevelopmentExpenses": 0,
    "generalAndAdministrativeExpenses": -389451000,
    "sellingAndMarketingExpenses": 25925000,
    "sellingGeneralAndAdministrativeExpenses": -363526000,
    "otherExpenses": 2190631000,
    "operatingExpenses": 1827105000,
    "costAndExpenses": 1827105000,
    "interestIncome": 0,
    "interestExpense": 0,
    "depreciationAndAmortization": 50036000,
    "ebitda": -1240350000,
    "ebitdaratio": -2.3109858231,
    "operatingIncome": -1290386000,
    "operatingIncomeRatio": -2.4042115148,
    "totalOtherIncomeExpensesNet": 1464651000,
    "incomeBeforeTax": 174265000,
    "incomeBeforeTaxRatio": 0.3246857294,
    "incomeTaxExpense": 41824000,
    "netIncome": 132441000,
    "netIncomeRatio": 0.2467604091,
    "eps": 0.18,
    "epsdiluted": 0.18,
    "weightedAverageShsOut": 750120000,
    "weightedAverageShsOutDil": 750120000,
    "link": "https://www.sec.gov/Archives/edgar/data/38777/000003877799000471/0000038777-99-000471-index.htm",
    "finalLink": "https://www.sec.gov/Archives/edgar/data/38777/000003877799000471/0000038777-99-000471.txt"
  },
  {
    "date": "1999-06-30",
    "symbol": "BEN",
    "reportedCurrency": "USD",
    "cik": "0000038777",
    "fillingDate": "1999-08-12",
    "acceptedDate": "1999-08-12 00:00:00",
    "calendarYear": "1999",
    "period": "Q3",
    "revenue": 566775000,
    "costOfRevenue": 0,
    "grossProfit": 566775000,
    "grossProfitRatio": 1,
    "researchAndDevelopmentExpenses": 0,
    "generalAndAdministrativeExpenses": 126821000,
    "sellingAndMarketingExpenses": 26379000,
    "sellingGeneralAndAdministrativeExpenses": 26379000,
    "otherExpenses": 330061000,
    "operatingExpenses": 410269000,
    "costAndExpenses": 410269000,
    "interestIncome": 0,
    "interestExpense": 0,
    "depreciationAndAmortization": 35904000,
    "ebitda": 343763000,
    "ebitdaratio": 0.606524635,
    "operatingIncome": 156506000,
    "operatingIncomeRatio": 0.2761342684,
    "totalOtherIncomeExpensesNet": 7351000,
    "incomeBeforeTax": 163857000,
    "incomeBeforeTaxRatio": 0.2891041419,
    "incomeTaxExpense": 40550000,
    "netIncome": 123307000,
    "netIncomeRatio": 0.2175589961,
    "eps": 0.16,
    "epsdiluted": 0.16,
    "weightedAverageShsOut": 754940816,
    "weightedAverageShsOutDil": 754940816,
    "link": "https://www.sec.gov/Archives/edgar/data/38777/000003877799000437/0000038777-99-000437-index.htm",
    "finalLink": "https://www.sec.gov/Archives/edgar/data/38777/000003877799000437/0000038777-99-000437.txt"
  },
  {
    "date": "1999-03-31",
    "symbol": "BEN",
    "reportedCurrency": "USD",
    "cik": "0000038777",
    "fillingDate": "1999-05-12",
    "acceptedDate": "1999-05-12 00:00:00",
    "calendarYear": "1999",
    "period": "Q2",
    "revenue": 554071000,
    "costOfRevenue": 0,
    "grossProfit": 554071000,
    "grossProfitRatio": 1,
    "researchAndDevelopmentExpenses": 0,
    "generalAndAdministrativeExpenses": 128816000,
    "sellingAndMarketingExpenses": 25393000,
    "sellingGeneralAndAdministrativeExpenses": 25393000,
    "otherExpenses": 345447000,
    "operatingExpenses": 422951000,
    "costAndExpenses": 422951000,
    "interestIncome": 0,
    "interestExpense": 0,
    "depreciationAndAmortization": 62521000,
    "ebitda": 346941000,
    "ebitdaratio": 0.6261670436,
    "operatingIncome": 131120000,
    "operatingIncomeRatio": 0.2366483718,
    "totalOtherIncomeExpensesNet": 9714000,
    "incomeBeforeTax": 140834000,
    "incomeBeforeTaxRatio": 0.2541804209,
    "incomeTaxExpense": 38363000,
    "netIncome": 102471000,
    "netIncomeRatio": 0.184942002,
    "eps": 0.14,
    "epsdiluted": 0.14,
    "weightedAverageShsOut": 749787805,
    "weightedAverageShsOutDil": 749787805,
    "link": "https://www.sec.gov/Archives/edgar/data/38777/000003877799000398/0000038777-99-000398-index.htm",
    "finalLink": "https://www.sec.gov/Archives/edgar/data/38777/0000038777-99-000398.txt"
  },
  {
    "date": "1998-12-31",
    "symbol": "BEN",
    "reportedCurrency": "USD",
    "cik": "0000038777",
    "fillingDate": "1999-02-12",
    "acceptedDate": "1999-02-12 00:00:00",
    "calendarYear": "1999",
    "period": "Q1",
    "revenue": 567679000,
    "costOfRevenue": 0,
    "grossProfit": 567679000,
    "grossProfitRatio": 1,
    "researchAndDevelopmentExpenses": 0,
    "generalAndAdministrativeExpenses": 133814000,
    "sellingAndMarketingExpenses": 28238000,
    "sellingGeneralAndAdministrativeExpenses": 28238000,
    "otherExpenses": 400197000,
    "operatingExpenses": 476914000,
    "costAndExpenses": 476914000,
    "interestIncome": 0,
    "interestExpense": 0,
    "depreciationAndAmortization": 51553000,
    "ebitda": 305364000,
    "ebitdaratio": 0.5379166747,
    "operatingIncome": 90765000,
    "operatingIncomeRatio": 0.1598878944,
    "totalOtherIncomeExpensesNet": 4363000,
    "incomeBeforeTax": 95128000,
    "incomeBeforeTaxRatio": 0.1675735759,
    "incomeTaxExpense": 26636000,
    "netIncome": 68492000,
    "netIncomeRatio": 0.1206526928,
    "eps": 0.09,
    "epsdiluted": 0.09,
    "weightedAverageShsOut": 761022222,
    "weightedAverageShsOutDil": 761022222,
    "link": "https://www.sec.gov/Archives/edgar/data/38777/000003877799000370/0000038777-99-000370-index.htm",
    "finalLink": "https://www.sec.gov/Archives/edgar/data/38777/0000038777-99-000370.txt"
  },
  {
    "date": "1998-09-30",
    "symbol": "BEN",
    "reportedCurrency": "USD",
    "cik": "0000038777",
    "fillingDate": "1998-12-24",
    "acceptedDate": "1998-12-24 00:00:00",
    "calendarYear": "1998",
    "period": "Q4",
    "revenue": 556580000,
    "costOfRevenue": 0,
    "grossProfit": 556580000,
    "grossProfitRatio": 1,
    "researchAndDevelopmentExpenses": 0,
    "generalAndAdministrativeExpenses": -418723000,
    "sellingAndMarketingExpenses": 33538000,
    "sellingGeneralAndAdministrativeExpenses": -385185000,
    "otherExpenses": 2447146000,
    "operatingExpenses": 2061961000,
    "costAndExpenses": 2061961000,
    "interestIncome": 0,
    "interestExpense": 0,
    "depreciationAndAmortization": 51896000,
    "ebitda": -1453485000,
    "ebitdaratio": -2.6114574724,
    "operatingIncome": -1505381000,
    "operatingIncomeRatio": -2.7046983363,
    "totalOtherIncomeExpensesNet": 1657075000,
    "incomeBeforeTax": 151694000,
    "incomeBeforeTaxRatio": 0.272546624,
    "incomeTaxExpense": 39441000,
    "netIncome": 112253000,
    "netIncomeRatio": 0.2016834956,
    "eps": 0.15,
    "epsdiluted": 0.15,
    "weightedAverageShsOut": 755580000,
    "weightedAverageShsOutDil": 756165000,
    "link": "https://www.sec.gov/Archives/edgar/data/38777/000003877798000595/0000038777-98-000595-index.htm",
    "finalLink": "https://www.sec.gov/Archives/edgar/data/38777/0000038777-98-000595.txt"
  },
  {
    "date": "1998-06-30",
    "symbol": "BEN",
    "reportedCurrency": "USD",
    "cik": "0000038777",
    "fillingDate": "1998-08-14",
    "acceptedDate": "1998-08-14 00:00:00",
    "calendarYear": "1998",
    "period": "Q3",
    "revenue": 688031000,
    "costOfRevenue": 0,
    "grossProfit": 688031000,
    "grossProfitRatio": 1,
    "researchAndDevelopmentExpenses": 0,
    "generalAndAdministrativeExpenses": 152688000,
    "sellingAndMarketingExpenses": 33782000,
    "sellingGeneralAndAdministrativeExpenses": 186470000,
    "otherExpenses": -504377000,
    "operatingExpenses": -317907000,
    "costAndExpenses": -317907000,
    "interestIncome": 0,
    "interestExpense": 0,
    "depreciationAndAmortization": 50588000,
    "ebitda": 1056526000,
    "ebitdaratio": 1.5355790655,
    "operatingIncome": 1005938000,
    "operatingIncomeRatio": 1.4620533086,
    "totalOtherIncomeExpensesNet": -828807000,
    "incomeBeforeTax": 177131000,
    "incomeBeforeTaxRatio": 0.2574462488,
    "incomeTaxExpense": 46118000,
    "netIncome": 131013000,
    "netIncomeRatio": 0.1904172922,
    "eps": 0.17,
    "epsdiluted": 0.17,
    "weightedAverageShsOut": 758580000,
    "weightedAverageShsOutDil": 759285000,
    "link": "https://www.sec.gov/Archives/edgar/data/38777/000003877798000525/0000038777-98-000525-index.htm",
    "finalLink": "https://www.sec.gov/Archives/edgar/data/38777/0000038777-98-000525.txt"
  },
  {
    "date": "1998-03-31",
    "symbol": "BEN",
    "reportedCurrency": "USD",
    "cik": "0000038777",
    "fillingDate": "1998-05-15",
    "acceptedDate": "1998-05-15 00:00:00",
    "calendarYear": "1998",
    "period": "Q2",
    "revenue": 685287000,
    "costOfRevenue": 0,
    "grossProfit": 685287000,
    "grossProfitRatio": 1,
    "researchAndDevelopmentExpenses": 0,
    "generalAndAdministrativeExpenses": 132744000,
    "sellingAndMarketingExpenses": 31243000,
    "sellingGeneralAndAdministrativeExpenses": 163987000,
    "otherExpenses": -510267000,
    "operatingExpenses": -346280000,
    "costAndExpenses": -346280000,
    "interestIncome": 0,
    "interestExpense": 0,
    "depreciationAndAmortization": 46442000,
    "ebitda": 1078009000,
    "ebitdaratio": 1.5730766817,
    "operatingIncome": 1031567000,
    "operatingIncomeRatio": 1.5053065358,
    "totalOtherIncomeExpensesNet": -860373000,
    "incomeBeforeTax": 171194000,
    "incomeBeforeTaxRatio": 0.2498135818,
    "incomeTaxExpense": 44525000,
    "netIncome": 126669000,
    "netIncomeRatio": 0.1848408039,
    "eps": 0.17,
    "epsdiluted": 0.17,
    "weightedAverageShsOut": 758580000,
    "weightedAverageShsOutDil": 759174000,
    "link": "https://www.sec.gov/Archives/edgar/data/38777/000003877798000461/0000038777-98-000461-index.htm",
    "finalLink": "https://www.sec.gov/Archives/edgar/data/38777/0000038777-98-000461.txt"
  },
  {
    "date": "1997-12-31",
    "symbol": "BEN",
    "reportedCurrency": "USD",
    "cik": "0000038777",
    "fillingDate": "1998-02-13",
    "acceptedDate": "1998-02-13 00:00:00",
    "calendarYear": "1998",
    "period": "Q1",
    "revenue": 647374000,
    "costOfRevenue": 0,
    "grossProfit": 647374000,
    "grossProfitRatio": 1,
    "researchAndDevelopmentExpenses": 0,
    "generalAndAdministrativeExpenses": 133291000,
    "sellingAndMarketingExpenses": 27362000,
    "sellingGeneralAndAdministrativeExpenses": 160653000,
    "otherExpenses": -464957000,
    "operatingExpenses": -304304000,
    "costAndExpenses": -304304000,
    "interestIncome": 0,
    "interestExpense": 0,
    "depreciationAndAmortization": 42448000,
    "ebitda": 994126000,
    "ebitdaratio": 1.5356285547,
    "operatingIncome": 951678000,
    "operatingIncomeRatio": 1.4700590385,
    "totalOtherIncomeExpensesNet": -775413000,
    "incomeBeforeTax": 176265000,
    "incomeBeforeTaxRatio": 0.2722769218,
    "incomeTaxExpense": 45750000,
    "netIncome": 130515000,
    "netIncomeRatio": 0.2016067992,
    "eps": 0.17,
    "epsdiluted": 0.17,
    "weightedAverageShsOut": 758076000,
    "weightedAverageShsOutDil": 759555000,
    "link": "https://www.sec.gov/Archives/edgar/data/38777/000003877798000330/0000038777-98-000330-index.htm",
    "finalLink": "https://www.sec.gov/Archives/edgar/data/38777/0000038777-98-000330.txt"
  },
  {
    "date": "1997-09-30",
    "symbol": "BEN",
    "reportedCurrency": "USD",
    "cik": "0000038777",
    "fillingDate": "1997-12-22",
    "acceptedDate": "1997-12-22 00:00:00",
    "calendarYear": "1997",
    "period": "Q4",
    "revenue": 623475000,
    "costOfRevenue": 0,
    "grossProfit": 623475000,
    "grossProfitRatio": 1,
    "researchAndDevelopmentExpenses": 0,
    "generalAndAdministrativeExpenses": 0,
    "sellingAndMarketingExpenses": 0,
    "sellingGeneralAndAdministrativeExpenses": -456348000,
    "otherExpenses": 200835000,
    "operatingExpenses": -255513000,
    "costAndExpenses": -255513000,
    "interestIncome": 0,
    "interestExpense": 0,
    "depreciationAndAmortization": 170008000,
    "ebitda": 1048996000,
    "ebitdaratio": 1.6824988973,
    "operatingIncome": 878988000,
    "operatingIncomeRatio": 1.4098207627,
    "totalOtherIncomeExpensesNet": -702875000,
    "incomeBeforeTax": 176113000,
    "incomeBeforeTaxRatio": 0.2824700269,
    "incomeTaxExpense": 50850000,
    "netIncome": 125263000,
    "netIncomeRatio": 0.2009110229,
    "eps": 0.17,
    "epsdiluted": 0.16,
    "weightedAverageShsOut": 758076000,
    "weightedAverageShsOutDil": 759555000,
    "link": "https://www.sec.gov/Archives/edgar/data/38777/000003877797000384/0000038777-97-000384-index.htm",
    "finalLink": "https://www.sec.gov/Archives/edgar/data/38777/0000038777-97-000384.txt"
  },
  {
    "date": "1997-06-30",
    "symbol": "BEN",
    "reportedCurrency": "USD",
    "cik": "0000038777",
    "fillingDate": "1997-08-14",
    "acceptedDate": "1997-08-14 00:00:00",
    "calendarYear": "1997",
    "period": "Q3",
    "revenue": 577900000,
    "costOfRevenue": 202300000,
    "grossProfit": 375600000,
    "grossProfitRatio": 0.6499394359,
    "researchAndDevelopmentExpenses": 0,
    "generalAndAdministrativeExpenses": 0,
    "sellingAndMarketingExpenses": 0,
    "sellingGeneralAndAdministrativeExpenses": 204100000,
    "otherExpenses": 16300000,
    "operatingExpenses": 220400000,
    "costAndExpenses": 422700000,
    "interestIncome": 0,
    "interestExpense": 0,
    "depreciationAndAmortization": -16300000,
    "ebitda": 171500000,
    "ebitdaratio": 0.296764146,
    "operatingIncome": 155200000,
    "operatingIncomeRatio": 0.2685585741,
    "totalOtherIncomeExpensesNet": 3100000,
    "incomeBeforeTax": 158300000,
    "incomeBeforeTaxRatio": 0.273922824,
    "incomeTaxExpense": 47100000,
    "netIncome": 111200000,
    "netIncomeRatio": 0.1924208341,
    "eps": 0.15,
    "epsdiluted": 0.15,
    "weightedAverageShsOut": 758181818,
    "weightedAverageShsOutDil": 758181818,
    "link": "https://www.sec.gov/Archives/edgar/data/38777/000003877797000319/0000038777-97-000319-index.htm",
    "finalLink": "https://www.sec.gov/Archives/edgar/data/38777/0000038777-97-000319.txt"
  },
  {
    "date": "1997-03-31",
    "symbol": "BEN",
    "reportedCurrency": "USD",
    "cik": "0000038777",
    "fillingDate": "1997-05-14",
    "acceptedDate": "1997-05-14 00:00:00",
    "calendarYear": "1997",
    "period": "Q2",
    "revenue": 521900000,
    "costOfRevenue": 177000000,
    "grossProfit": 344900000,
    "grossProfitRatio": 0.6608545698,
    "researchAndDevelopmentExpenses": 0,
    "generalAndAdministrativeExpenses": 0,
    "sellingAndMarketingExpenses": 0,
    "sellingGeneralAndAdministrativeExpenses": 184600000,
    "otherExpenses": 16200000,
    "operatingExpenses": 200800000,
    "costAndExpenses": 377800000,
    "interestIncome": 0,
    "interestExpense": 0,
    "depreciationAndAmortization": -16200000,
    "ebitda": 160300000,
    "ebitdaratio": 0.307146963,
    "operatingIncome": 144100000,
    "operatingIncomeRatio": 0.2761065338,
    "totalOtherIncomeExpensesNet": 200000,
    "incomeBeforeTax": 144300000,
    "incomeBeforeTaxRatio": 0.276489749,
    "incomeTaxExpense": 42900000,
    "netIncome": 101400000,
    "netIncomeRatio": 0.1942900939,
    "eps": 0.13,
    "epsdiluted": 0.13,
    "weightedAverageShsOut": 760500000,
    "weightedAverageShsOutDil": 760500000,
    "link": "https://www.sec.gov/Archives/edgar/data/38777/000003877797000276/0000038777-97-000276-index.htm",
    "finalLink": "https://www.sec.gov/Archives/edgar/data/38777/0000038777-97-000276.txt"
  },
  {
    "date": "1996-12-31",
    "symbol": "BEN",
    "reportedCurrency": "USD",
    "cik": "0000038777",
    "fillingDate": "1997-02-14",
    "acceptedDate": "1997-02-14 00:00:00",
    "calendarYear": "1997",
    "period": "Q1",
    "revenue": 440000000,
    "costOfRevenue": 136700000,
    "grossProfit": 303300000,
    "grossProfitRatio": 0.6893181818,
    "researchAndDevelopmentExpenses": 0,
    "generalAndAdministrativeExpenses": 0,
    "sellingAndMarketingExpenses": 0,
    "sellingGeneralAndAdministrativeExpenses": 164200000,
    "otherExpenses": 13600000,
    "operatingExpenses": 177800000,
    "costAndExpenses": 314500000,
    "interestIncome": 0,
    "interestExpense": 0,
    "depreciationAndAmortization": -13600000,
    "ebitda": 139100000,
    "ebitdaratio": 0.3161363636,
    "operatingIncome": 125500000,
    "operatingIncomeRatio": 0.2852272727,
    "totalOtherIncomeExpensesNet": 11500000,
    "incomeBeforeTax": 137000000,
    "incomeBeforeTaxRatio": 0.3113636364,
    "incomeTaxExpense": 40800000,
    "netIncome": 96200000,
    "netIncomeRatio": 0.2186363636,
    "eps": 0.13,
    "epsdiluted": 0.13,
    "weightedAverageShsOut": 759473684,
    "weightedAverageShsOutDil": 759473684,
    "link": "https://www.sec.gov/Archives/edgar/data/38777/000003877797000240/0000038777-97-000240-index.htm",
    "finalLink": "https://www.sec.gov/Archives/edgar/data/38777/0000038777-97-000240.txt"
  },
  {
    "date": "1996-09-30",
    "symbol": "BEN",
    "reportedCurrency": "USD",
    "cik": "0000038777",
    "fillingDate": "1996-12-27",
    "acceptedDate": "1996-12-27 00:00:00",
    "calendarYear": "1996",
    "period": "Q4",
    "revenue": 390768000,
    "costOfRevenue": 127000000,
    "grossProfit": 263768000,
    "grossProfitRatio": 0.6749989764,
    "researchAndDevelopmentExpenses": 0,
    "generalAndAdministrativeExpenses": 0,
    "sellingAndMarketingExpenses": 0,
    "sellingGeneralAndAdministrativeExpenses": -180882000,
    "otherExpenses": 313483000,
    "operatingExpenses": 132601000,
    "costAndExpenses": 259601000,
    "interestIncome": 0,
    "interestExpense": 0,
    "depreciationAndAmortization": 70491000,
    "ebitda": 201658000,
    "ebitdaratio": 0.5160555624,
    "operatingIncome": 131167000,
    "operatingIncomeRatio": 0.3356646399,
    "totalOtherIncomeExpensesNet": -11437000,
    "incomeBeforeTax": 119730000,
    "incomeBeforeTaxRatio": 0.3063966343,
    "incomeTaxExpense": 35200000,
    "netIncome": 84530000,
    "netIncomeRatio": 0.2163176104,
    "eps": 0.11,
    "epsdiluted": 0.11,
    "weightedAverageShsOut": 742580645,
    "weightedAverageShsOutDil": 759473684,
    "link": "https://www.sec.gov/Archives/edgar/data/38777/000003877796000161/0000038777-96-000161-index.htm",
    "finalLink": "https://www.sec.gov/Archives/edgar/data/38777/0000038777-96-000161.txt"
  },
  {
    "date": "1996-06-30",
    "symbol": "BEN",
    "reportedCurrency": "USD",
    "cik": "0000038777",
    "fillingDate": "1996-08-14",
    "acceptedDate": "1996-08-14 00:00:00",
    "calendarYear": "1996",
    "period": "Q3",
    "revenue": 395400000,
    "costOfRevenue": 143000000,
    "grossProfit": 252400000,
    "grossProfitRatio": 0.6383409206,
    "researchAndDevelopmentExpenses": 0,
    "generalAndAdministrativeExpenses": 0,
    "sellingAndMarketingExpenses": 0,
    "sellingGeneralAndAdministrativeExpenses": 139500000,
    "otherExpenses": 5700000,
    "operatingExpenses": 145200000,
    "costAndExpenses": 288200000,
    "interestIncome": 0,
    "interestExpense": 0,
    "depreciationAndAmortization": -10200000,
    "ebitda": 112900000,
    "ebitdaratio": 0.2855336368,
    "operatingIncome": 107200000,
    "operatingIncomeRatio": 0.2711178553,
    "totalOtherIncomeExpensesNet": 13900000,
    "incomeBeforeTax": 121100000,
    "incomeBeforeTaxRatio": 0.3062721295,
    "incomeTaxExpense": 40000000,
    "netIncome": 81100000,
    "netIncomeRatio": 0.2051087506,
    "eps": 0.11,
    "epsdiluted": 0.11,
    "weightedAverageShsOut": 737272727,
    "weightedAverageShsOutDil": 737272727,
    "link": "https://www.sec.gov/Archives/edgar/data/38777/000003877796000126/0000038777-96-000126-index.htm",
    "finalLink": "https://www.sec.gov/Archives/edgar/data/38777/0000038777-96-000126.txt"
  },
  {
    "date": "1996-03-31",
    "symbol": "BEN",
    "reportedCurrency": "USD",
    "cik": "0000038777",
    "fillingDate": "1996-05-14",
    "acceptedDate": "1996-05-14 00:00:00",
    "calendarYear": "1996",
    "period": "Q2",
    "revenue": 244600000,
    "costOfRevenue": 5200000,
    "grossProfit": 239400000,
    "grossProfitRatio": 0.9787408013,
    "researchAndDevelopmentExpenses": 0,
    "generalAndAdministrativeExpenses": 0,
    "sellingAndMarketingExpenses": 0,
    "sellingGeneralAndAdministrativeExpenses": 138400000,
    "otherExpenses": 9700000,
    "operatingExpenses": 148100000,
    "costAndExpenses": 153300000,
    "interestIncome": 0,
    "interestExpense": 0,
    "depreciationAndAmortization": -9700000,
    "ebitda": 101000000,
    "ebitdaratio": 0.4129190515,
    "operatingIncome": 91300000,
    "operatingIncomeRatio": 0.3732624693,
    "totalOtherIncomeExpensesNet": 17000000,
    "incomeBeforeTax": 108300000,
    "incomeBeforeTaxRatio": 0.4427636958,
    "incomeTaxExpense": 33100000,
    "netIncome": 75200000,
    "netIncomeRatio": 0.3074407195,
    "eps": 0.1,
    "epsdiluted": 0.1,
    "weightedAverageShsOut": 727741935,
    "weightedAverageShsOutDil": 727741935,
    "link": "https://www.sec.gov/Archives/edgar/data/38777/000003877796000115/0000038777-96-000115-index.htm",
    "finalLink": "https://www.sec.gov/Archives/edgar/data/38777/0000038777-96-000115.txt"
  },
  {
    "date": "1995-12-31",
    "symbol": "BEN",
    "reportedCurrency": "USD",
    "cik": "0000038777",
    "fillingDate": "1996-02-13",
    "acceptedDate": "1996-02-13 00:00:00",
    "calendarYear": "1996",
    "period": "Q1",
    "revenue": 226600000,
    "costOfRevenue": 5300000,
    "grossProfit": 221300000,
    "grossProfitRatio": 0.9766107679,
    "researchAndDevelopmentExpenses": 0,
    "generalAndAdministrativeExpenses": 0,
    "sellingAndMarketingExpenses": 0,
    "sellingGeneralAndAdministrativeExpenses": 122600000,
    "otherExpenses": 10100000,
    "operatingExpenses": 132700000,
    "costAndExpenses": 138000000,
    "interestIncome": 0,
    "interestExpense": 0,
    "depreciationAndAmortization": -10100000,
    "ebitda": 98700000,
    "ebitdaratio": 0.4355692851,
    "operatingIncome": 88600000,
    "operatingIncomeRatio": 0.3909973522,
    "totalOtherIncomeExpensesNet": 18600000,
    "incomeBeforeTax": 107200000,
    "incomeBeforeTaxRatio": 0.4730803177,
    "incomeTaxExpense": 33200000,
    "netIncome": 74000000,
    "netIncomeRatio": 0.3265666372,
    "eps": 0.1,
    "epsdiluted": 0.1,
    "weightedAverageShsOut": 740000000,
    "weightedAverageShsOutDil": 740000000,
    "link": "https://www.sec.gov/Archives/edgar/data/38777/000003877796000104/0000038777-96-000104-index.htm",
    "finalLink": "https://www.sec.gov/Archives/edgar/data/38777/0000038777-96-000104.txt"
  },
  {
    "date": "1995-09-30",
    "symbol": "BEN",
    "reportedCurrency": "USD",
    "cik": "0000038777",
    "fillingDate": "1995-12-29",
    "acceptedDate": "1995-12-29 00:00:00",
    "calendarYear": "1995",
    "period": "Q4",
    "revenue": 196403000,
    "costOfRevenue": 5900000,
    "grossProfit": 190503000,
    "grossProfitRatio": 0.9699597257,
    "researchAndDevelopmentExpenses": 0,
    "generalAndAdministrativeExpenses": 0,
    "sellingAndMarketingExpenses": 0,
    "sellingGeneralAndAdministrativeExpenses": 119057000,
    "otherExpenses": -12195000,
    "operatingExpenses": 106862000,
    "costAndExpenses": 112762000,
    "interestIncome": 0,
    "interestExpense": 0,
    "depreciationAndAmortization": 71440000,
    "ebitda": 155081000,
    "ebitdaratio": 0.7896060651,
    "operatingIncome": 83641000,
    "operatingIncomeRatio": 0.425864167,
    "totalOtherIncomeExpensesNet": 16814000,
    "incomeBeforeTax": 100455000,
    "incomeBeforeTaxRatio": 0.5114738573,
    "incomeTaxExpense": 26910000,
    "netIncome": 73545000,
    "netIncomeRatio": 0.3744596569,
    "eps": 0.099,
    "epsdiluted": 0.099,
    "weightedAverageShsOut": 740000000,
    "weightedAverageShsOutDil": 740000000,
    "link": "https://www.sec.gov/Archives/edgar/data/38777/000003877795000111/0000038777-95-000111-index.htm",
    "finalLink": "https://www.sec.gov/Archives/edgar/data/38777/0000038777-95-000111.txt"
  }
]