[
  {
    "date": "2024-09-30",
    "symbol": "BEN",
    "reportedCurrency": "USD",
    "cik": "0000038777",
    "fillingDate": "2024-11-12",
    "acceptedDate": "2024-11-12 14:07:56",
    "calendarYear": "2024",
    "period": "FY",
    "revenue": 8478000000,
    "costOfRevenue": 1686600000,
    "grossProfit": 6791400000,
    "grossProfitRatio": 0.8010615711,
    "researchAndDevelopmentExpenses": 0,
    "generalAndAdministrativeExpenses": 2812100000,
    "sellingAndMarketingExpenses": 1863100000,
    "sellingGeneralAndAdministrativeExpenses": 4675200000,
    "otherExpenses": 1708600000,
    "operatingExpenses": 6383800000,
    "costAndExpenses": 8070400000,
    "interestIncome": 0,
    "interestExpense": 97200000,
    "depreciationAndAmortization": 454700000,
    "ebitda": 1375100000,
    "ebitdaratio": 0.1621962727,
    "operatingIncome": 407600000,
    "operatingIncomeRatio": 0.0480773767,
    "totalOtherIncomeExpensesNet": 415600000,
    "incomeBeforeTax": 823200000,
    "incomeBeforeTaxRatio": 0.0970983723,
    "incomeTaxExpense": 215300000,
    "netIncome": 464800000,
    "netIncomeRatio": 0.054824251,
    "eps": 0.85,
    "epsdiluted": 0.85,
    "weightedAverageShsOut": 509500000,
    "weightedAverageShsOutDil": 510300000,
    "link": "https://www.sec.gov/Archives/edgar/data/38777/000003877724000206/0000038777-24-000206-index.htm",
    "finalLink": "https://www.sec.gov/Archives/edgar/data/38777/000003877724000206/ben-20240930.htm"
  },
  {
    "date": "2023-09-30",
    "symbol": "BEN",
    "reportedCurrency": "USD",
    "cik": "0000038777",
    "fillingDate": "2023-11-14",
    "acceptedDate": "2023-11-13 18:13:39",
    "calendarYear": "2023",
    "period": "FY",
    "revenue": 7849400000,
    "costOfRevenue": 1499500000,
    "grossProfit": 6349900000,
    "grossProfitRatio": 0.8089662904,
    "researchAndDevelopmentExpenses": 0,
    "generalAndAdministrativeExpenses": 2453800000,
    "sellingAndMarketingExpenses": 1613100000,
    "sellingGeneralAndAdministrativeExpenses": 4066900000,
    "otherExpenses": 1180700000,
    "operatingExpenses": 5247600000,
    "costAndExpenses": 6747100000,
    "interestIncome": 0,
    "interestExpense": 123700000,
    "depreciationAndAmortization": 445400000,
    "ebitda": 1907100000,
    "ebitdaratio": 0.2429612454,
    "operatingIncome": 1102300000,
    "operatingIncomeRatio": 0.1404311158,
    "totalOtherIncomeExpensesNet": 235700000,
    "incomeBeforeTax": 1338000000,
    "incomeBeforeTaxRatio": 0.1704588886,
    "incomeTaxExpense": 312300000,
    "netIncome": 882800000,
    "netIncomeRatio": 0.1124671949,
    "eps": 1.72,
    "epsdiluted": 1.72,
    "weightedAverageShsOut": 490000000,
    "weightedAverageShsOutDil": 490800000,
    "link": "https://www.sec.gov/Archives/edgar/data/38777/000003877723000169/0000038777-23-000169-index.htm",
    "finalLink": "https://www.sec.gov/Archives/edgar/data/38777/000003877723000169/ben-20230930.htm"
  },
  {
    "date": "2022-09-30",
    "symbol": "BEN",
    "reportedCurrency": "USD",
    "cik": "0000038777",
    "fillingDate": "2022-11-14",
    "acceptedDate": "2022-11-14 17:11:49",
    "calendarYear": "2022",
    "period": "FY",
    "revenue": 8275300000,
    "costOfRevenue": 1426400000,
    "grossProfit": 6848900000,
    "grossProfitRatio": 0.8276316266,
    "researchAndDevelopmentExpenses": 0,
    "generalAndAdministrativeExpenses": 2275800000,
    "sellingAndMarketingExpenses": 1845600000,
    "sellingGeneralAndAdministrativeExpenses": 4121400000,
    "otherExpenses": 953600000,
    "operatingExpenses": 5075000000,
    "costAndExpenses": 6501400000,
    "interestIncome": 0,
    "interestExpense": 98200000,
    "depreciationAndAmortization": 377800000,
    "ebitda": 2205400000,
    "ebitdaratio": 0.2665039334,
    "operatingIncome": 1773900000,
    "operatingIncomeRatio": 0.2143608087,
    "totalOtherIncomeExpensesNet": -44500000,
    "incomeBeforeTax": 1729400000,
    "incomeBeforeTaxRatio": 0.2089833601,
    "incomeTaxExpense": 396200000,
    "netIncome": 1291900000,
    "netIncomeRatio": 0.1561151862,
    "eps": 2.53,
    "epsdiluted": 2.53,
    "weightedAverageShsOut": 488700000,
    "weightedAverageShsOutDil": 489300000,
    "link": "https://www.sec.gov/Archives/edgar/data/38777/000003877722000198/0000038777-22-000198-index.htm",
    "finalLink": "https://www.sec.gov/Archives/edgar/data/38777/000003877722000198/ben-20220930.htm"
  },
  {
    "date": "2021-09-30",
    "symbol": "BEN",
    "reportedCurrency": "USD",
    "cik": "0000038777",
    "fillingDate": "2021-11-19",
    "acceptedDate": "2021-11-19 14:47:37",
    "calendarYear": "2021",
    "period": "FY",
    "revenue": 8425500000,
    "costOfRevenue": 1428600000,
    "grossProfit": 6996900000,
    "grossProfitRatio": 0.8304432971,
    "researchAndDevelopmentExpenses": 0,
    "generalAndAdministrativeExpenses": 2109000000,
    "sellingAndMarketingExpenses": 2105800000,
    "sellingGeneralAndAdministrativeExpenses": 4214800000,
    "otherExpenses": 907100000,
    "operatingExpenses": 5121900000,
    "costAndExpenses": 6550500000,
    "interestIncome": 0,
    "interestExpense": 85400000,
    "depreciationAndAmortization": 310600000,
    "ebitda": 2840200000,
    "ebitdaratio": 0.3370957213,
    "operatingIncome": 1875000000,
    "operatingIncomeRatio": 0.2225387217,
    "totalOtherIncomeExpensesNet": 569200000,
    "incomeBeforeTax": 2444200000,
    "incomeBeforeTaxRatio": 0.2900955433,
    "incomeTaxExpense": 349600000,
    "netIncome": 1831200000,
    "netIncomeRatio": 0.2173402172,
    "eps": 3.58,
    "epsdiluted": 3.57,
    "weightedAverageShsOut": 489900000,
    "weightedAverageShsOutDil": 490600000,
    "link": "https://www.sec.gov/Archives/edgar/data/38777/000003877721000205/0000038777-21-000205-index.htm",
    "finalLink": "https://www.sec.gov/Archives/edgar/data/38777/000003877721000205/ben-20210930.htm"
  },
  {
    "date": "2020-09-30",
    "symbol": "BEN",
    "reportedCurrency": "USD",
    "cik": "0000038777",
    "fillingDate": "2020-11-23",
    "acceptedDate": "2020-11-20 20:08:41",
    "calendarYear": "2020",
    "period": "FY",
    "revenue": 5566500000,
    "costOfRevenue": 1062700000,
    "grossProfit": 4503800000,
    "grossProfitRatio": 0.8090900925,
    "researchAndDevelopmentExpenses": 0,
    "generalAndAdministrativeExpenses": 1213600000,
    "sellingAndMarketingExpenses": 1703100000,
    "sellingGeneralAndAdministrativeExpenses": 2916700000,
    "otherExpenses": 538200000,
    "operatingExpenses": 3454900000,
    "costAndExpenses": 4517600000,
    "interestIncome": 0,
    "interestExpense": 33400000,
    "depreciationAndAmortization": 128500000,
    "ebitda": 1179800000,
    "ebitdaratio": 0.2119464655,
    "operatingIncome": 1048900000,
    "operatingIncomeRatio": 0.1884307913,
    "totalOtherIncomeExpensesNet": -31000000,
    "incomeBeforeTax": 1017900000,
    "incomeBeforeTaxRatio": 0.1828617623,
    "incomeTaxExpense": 230800000,
    "netIncome": 798900000,
    "netIncomeRatio": 0.143519267,
    "eps": 1.59,
    "epsdiluted": 1.59,
    "weightedAverageShsOut": 491900000,
    "weightedAverageShsOutDil": 491900000,
    "link": "https://www.sec.gov/Archives/edgar/data/38777/000003877720000203/0000038777-20-000203-index.htm",
    "finalLink": "https://www.sec.gov/Archives/edgar/data/38777/000003877720000203/form10-k93020.htm"
  },
  {
    "date": "2019-09-30",
    "symbol": "BEN",
    "reportedCurrency": "USD",
    "cik": "0000038777",
    "fillingDate": "2019-11-12",
    "acceptedDate": "2019-11-12 13:53:09",
    "calendarYear": "2019",
    "period": "FY",
    "revenue": 5669400000,
    "costOfRevenue": 960600000,
    "grossProfit": 4708800000,
    "grossProfitRatio": 0.8305640809,
    "researchAndDevelopmentExpenses": 0,
    "generalAndAdministrativeExpenses": 1085400000,
    "sellingAndMarketingExpenses": 1819600000,
    "sellingGeneralAndAdministrativeExpenses": 2905000000,
    "otherExpenses": 336900000,
    "operatingExpenses": 3241900000,
    "costAndExpenses": 4202500000,
    "interestIncome": 31000000,
    "interestExpense": 22400000,
    "depreciationAndAmortization": 93400000,
    "ebitda": 1763600000,
    "ebitdaratio": 0.3110734822,
    "operatingIncome": 1466900000,
    "operatingIncomeRatio": 0.2587399019,
    "totalOtherIncomeExpensesNet": 180900000,
    "incomeBeforeTax": 1647800000,
    "incomeBeforeTaxRatio": 0.2906480404,
    "incomeTaxExpense": 442300000,
    "netIncome": 1195700000,
    "netIncomeRatio": 0.2109041521,
    "eps": 2.35,
    "epsdiluted": 2.35,
    "weightedAverageShsOut": 503600000,
    "weightedAverageShsOutDil": 504300000,
    "link": "https://www.sec.gov/Archives/edgar/data/38777/000003877719000186/0000038777-19-000186-index.htm",
    "finalLink": "https://www.sec.gov/Archives/edgar/data/38777/000003877719000186/form10k93019.htm"
  },
  {
    "date": "2018-09-30",
    "symbol": "BEN",
    "reportedCurrency": "USD",
    "cik": "0000038777",
    "fillingDate": "2018-11-09",
    "acceptedDate": "2018-11-09 12:53:07",
    "calendarYear": "2018",
    "period": "FY",
    "revenue": 6204500000,
    "costOfRevenue": 928400000,
    "grossProfit": 5276100000,
    "grossProfitRatio": 0.8503666694,
    "researchAndDevelopmentExpenses": 0,
    "generalAndAdministrativeExpenses": 954600000,
    "sellingAndMarketingExpenses": 2039700000,
    "sellingGeneralAndAdministrativeExpenses": 2994300000,
    "otherExpenses": 253600000,
    "operatingExpenses": 3247900000,
    "costAndExpenses": 4176300000,
    "interestIncome": 76500000,
    "interestExpense": 46300000,
    "depreciationAndAmortization": 76400000,
    "ebitda": 2337900000,
    "ebitdaratio": 0.3768071561,
    "operatingIncome": 2028200000,
    "operatingIncomeRatio": 0.3268917721,
    "totalOtherIncomeExpensesNet": 187000000,
    "incomeBeforeTax": 2215200000,
    "incomeBeforeTaxRatio": 0.357031187,
    "incomeTaxExpense": 1472500000,
    "netIncome": 764400000,
    "netIncomeRatio": 0.1232009026,
    "eps": 1.42,
    "epsdiluted": 1.42,
    "weightedAverageShsOut": 537400000,
    "weightedAverageShsOutDil": 538000000,
    "link": "https://www.sec.gov/Archives/edgar/data/38777/000003877718000233/0000038777-18-000233-index.htm",
    "finalLink": "https://www.sec.gov/Archives/edgar/data/38777/000003877718000233/form10k93018.htm"
  },
  {
    "date": "2017-09-30",
    "symbol": "BEN",
    "reportedCurrency": "USD",
    "cik": "0000038777",
    "fillingDate": "2017-11-13",
    "acceptedDate": "2017-11-13 14:01:00",
    "calendarYear": "2017",
    "period": "FY",
    "revenue": 6392200000,
    "costOfRevenue": 1333700000,
    "grossProfit": 5058500000,
    "grossProfitRatio": 0.791355089,
    "researchAndDevelopmentExpenses": 0,
    "generalAndAdministrativeExpenses": 443500000,
    "sellingAndMarketingExpenses": 2130900000,
    "sellingGeneralAndAdministrativeExpenses": 2574400000,
    "otherExpenses": 219800000,
    "operatingExpenses": 2794200000,
    "costAndExpenses": 4127900000,
    "interestIncome": 74900000,
    "interestExpense": 51500000,
    "depreciationAndAmortization": 80300000,
    "ebitda": 2680900000,
    "ebitdaratio": 0.4194017709,
    "operatingIncome": 2264300000,
    "operatingIncomeRatio": 0.3542285911,
    "totalOtherIncomeExpensesNet": 284800000,
    "incomeBeforeTax": 2549100000,
    "incomeBeforeTaxRatio": 0.3987828916,
    "incomeTaxExpense": 759400000,
    "netIncome": 1696700000,
    "netIncomeRatio": 0.2654328713,
    "eps": 3.01,
    "epsdiluted": 3.01,
    "weightedAverageShsOut": 558800000,
    "weightedAverageShsOutDil": 559100000,
    "link": "https://www.sec.gov/Archives/edgar/data/38777/000003877717000268/0000038777-17-000268-index.htm",
    "finalLink": "https://www.sec.gov/Archives/edgar/data/38777/000003877717000268/form10k93017.htm"
  },
  {
    "date": "2016-09-30",
    "symbol": "BEN",
    "reportedCurrency": "USD",
    "cik": "0000038777",
    "fillingDate": "2016-11-14",
    "acceptedDate": "2016-11-14 14:54:30",
    "calendarYear": "2016",
    "period": "FY",
    "revenue": 6618000000,
    "costOfRevenue": 1360900000,
    "grossProfit": 5257100000,
    "grossProfitRatio": 0.7943638561,
    "researchAndDevelopmentExpenses": 0,
    "generalAndAdministrativeExpenses": 474200000,
    "sellingAndMarketingExpenses": 2209900000,
    "sellingGeneralAndAdministrativeExpenses": 2684100000,
    "otherExpenses": 207300000,
    "operatingExpenses": 2891400000,
    "costAndExpenses": 4252300000,
    "interestIncome": 36500000,
    "interestExpense": 49900000,
    "depreciationAndAmortization": 87100000,
    "ebitda": 2636800000,
    "ebitdaratio": 0.3984285283,
    "operatingIncome": 2365700000,
    "operatingIncomeRatio": 0.3574644908,
    "totalOtherIncomeExpensesNet": 134100000,
    "incomeBeforeTax": 2499800000,
    "incomeBeforeTaxRatio": 0.3777274101,
    "incomeTaxExpense": 742100000,
    "netIncome": 1726700000,
    "netIncomeRatio": 0.2609096404,
    "eps": 2.94,
    "epsdiluted": 2.94,
    "weightedAverageShsOut": 583800000,
    "weightedAverageShsOutDil": 583800000,
    "link": "https://www.sec.gov/Archives/edgar/data/38777/000003877716000609/0000038777-16-000609-index.htm",
    "finalLink": "https://www.sec.gov/Archives/edgar/data/38777/000003877716000609/form10k93016.htm"
  },
  {
    "date": "2015-09-30",
    "symbol": "BEN",
    "reportedCurrency": "USD",
    "cik": "0000038777",
    "fillingDate": "2015-11-12",
    "acceptedDate": "2015-11-12 14:02:27",
    "calendarYear": "2015",
    "period": "FY",
    "revenue": 7948700000,
    "costOfRevenue": 1453300000,
    "grossProfit": 6495400000,
    "grossProfitRatio": 0.817165071,
    "researchAndDevelopmentExpenses": 0,
    "generalAndAdministrativeExpenses": 481200000,
    "sellingAndMarketingExpenses": 2762300000,
    "sellingGeneralAndAdministrativeExpenses": 3243500000,
    "otherExpenses": 224300000,
    "operatingExpenses": 3467800000,
    "costAndExpenses": 4921100000,
    "interestIncome": 10800000,
    "interestExpense": 39600000,
    "depreciationAndAmortization": 97400000,
    "ebitda": 3165400000,
    "ebitdaratio": 0.3982286412,
    "operatingIncome": 3027600000,
    "operatingIncomeRatio": 0.380892473,
    "totalOtherIncomeExpensesNet": 800000,
    "incomeBeforeTax": 3028400000,
    "incomeBeforeTaxRatio": 0.3809931184,
    "incomeTaxExpense": 923700000,
    "netIncome": 2035300000,
    "netIncomeRatio": 0.2560544492,
    "eps": 3.29,
    "epsdiluted": 3.29,
    "weightedAverageShsOut": 614800000,
    "weightedAverageShsOutDil": 614900000,
    "link": "https://www.sec.gov/Archives/edgar/data/38777/000003877715000278/0000038777-15-000278-index.htm",
    "finalLink": "https://www.sec.gov/Archives/edgar/data/38777/000003877715000278/form10k93015.htm"
  },
  {
    "date": "2014-09-30",
    "symbol": "BEN",
    "reportedCurrency": "USD",
    "cik": "0000038777",
    "fillingDate": "2014-11-12",
    "acceptedDate": "2014-11-12 13:53:24",
    "calendarYear": "2014",
    "period": "FY",
    "revenue": 8491400000,
    "costOfRevenue": 1467900000,
    "grossProfit": 7023500000,
    "grossProfitRatio": 0.8271309796,
    "researchAndDevelopmentExpenses": 0,
    "generalAndAdministrativeExpenses": 497800000,
    "sellingAndMarketingExpenses": 3088200000,
    "sellingGeneralAndAdministrativeExpenses": 3586000000,
    "otherExpenses": 216300000,
    "operatingExpenses": 3802300000,
    "costAndExpenses": 5270200000,
    "interestIncome": 9100000,
    "interestExpense": 47400000,
    "depreciationAndAmortization": 94600000,
    "ebitda": 3551600000,
    "ebitdaratio": 0.4182584733,
    "operatingIncome": 3221200000,
    "operatingIncomeRatio": 0.3793485173,
    "totalOtherIncomeExpensesNet": 188400000,
    "incomeBeforeTax": 3409600000,
    "incomeBeforeTaxRatio": 0.4015356714,
    "incomeTaxExpense": 997900000,
    "netIncome": 2384300000,
    "netIncomeRatio": 0.2807899757,
    "eps": 3.79,
    "epsdiluted": 3.79,
    "weightedAverageShsOut": 624800000,
    "weightedAverageShsOutDil": 625200000,
    "link": "https://www.sec.gov/Archives/edgar/data/38777/000003877714000259/0000038777-14-000259-index.htm",
    "finalLink": "https://www.sec.gov/Archives/edgar/data/38777/000003877714000259/form10k93014.htm"
  },
  {
    "date": "2013-09-30",
    "symbol": "BEN",
    "reportedCurrency": "USD",
    "cik": "0000038777",
    "fillingDate": "2013-11-12",
    "acceptedDate": "2013-11-12 15:38:49",
    "calendarYear": "2013",
    "period": "FY",
    "revenue": 7985000000,
    "costOfRevenue": 1384500000,
    "grossProfit": 6600500000,
    "grossProfitRatio": 0.8266123982,
    "researchAndDevelopmentExpenses": 0,
    "generalAndAdministrativeExpenses": 446000000,
    "sellingAndMarketingExpenses": 3042100000,
    "sellingGeneralAndAdministrativeExpenses": 3488100000,
    "otherExpenses": 191100000,
    "operatingExpenses": 3679200000,
    "costAndExpenses": 5063700000,
    "interestIncome": 7500000,
    "interestExpense": 46900000,
    "depreciationAndAmortization": 93500000,
    "ebitda": 3167000000,
    "ebitdaratio": 0.39661866,
    "operatingIncome": 2921300000,
    "operatingIncomeRatio": 0.3658484659,
    "totalOtherIncomeExpensesNet": 105300000,
    "incomeBeforeTax": 3026600000,
    "incomeBeforeTaxRatio": 0.3790356919,
    "incomeTaxExpense": 855900000,
    "netIncome": 2150200000,
    "netIncomeRatio": 0.2692798998,
    "eps": 3.37,
    "epsdiluted": 3.37,
    "weightedAverageShsOut": 633100000,
    "weightedAverageShsOutDil": 634100000,
    "link": "https://www.sec.gov/Archives/edgar/data/38777/000003877713000227/0000038777-13-000227-index.htm",
    "finalLink": "https://www.sec.gov/Archives/edgar/data/38777/000003877713000227/form10k93013.htm"
  },
  {
    "date": "2012-09-30",
    "symbol": "BEN",
    "reportedCurrency": "USD",
    "cik": "0000038777",
    "fillingDate": "2012-11-15",
    "acceptedDate": "2012-11-14 18:49:55",
    "calendarYear": "2012",
    "period": "FY",
    "revenue": 7101000000,
    "costOfRevenue": 1255500000,
    "grossProfit": 5845500000,
    "grossProfitRatio": 0.8231939163,
    "researchAndDevelopmentExpenses": 182900000,
    "generalAndAdministrativeExpenses": 407700000,
    "sellingAndMarketingExpenses": 2739700000,
    "sellingGeneralAndAdministrativeExpenses": 3147400000,
    "otherExpenses": 0,
    "operatingExpenses": 3330300000,
    "costAndExpenses": 4585800000,
    "interestIncome": 12500000,
    "interestExpense": 36700000,
    "depreciationAndAmortization": 82100000,
    "ebitda": 2797000000,
    "ebitdaratio": 0.3938881848,
    "operatingIncome": 2515200000,
    "operatingIncomeRatio": 0.3542036333,
    "totalOtherIncomeExpensesNet": 163000000,
    "incomeBeforeTax": 2678200000,
    "incomeBeforeTaxRatio": 0.3771581467,
    "incomeTaxExpense": 762700000,
    "netIncome": 1931400000,
    "netIncomeRatio": 0.2719898606,
    "eps": 2.99,
    "epsdiluted": 2.98,
    "weightedAverageShsOut": 641400000,
    "weightedAverageShsOutDil": 643200000,
    "link": "https://www.sec.gov/Archives/edgar/data/38777/000003877712000243/0000038777-12-000243-index.htm",
    "finalLink": "https://www.sec.gov/Archives/edgar/data/38777/000003877712000243/form10k93012.htm"
  },
  {
    "date": "2011-09-30",
    "symbol": "BEN",
    "reportedCurrency": "USD",
    "cik": "0000038777",
    "fillingDate": "2011-11-15",
    "acceptedDate": "2011-11-15 14:11:34",
    "calendarYear": "2011",
    "period": "FY",
    "revenue": 7140000000,
    "costOfRevenue": 1231200000,
    "grossProfit": 5908800000,
    "grossProfitRatio": 0.8275630252,
    "researchAndDevelopmentExpenses": 173138000,
    "generalAndAdministrativeExpenses": 363100000,
    "sellingAndMarketingExpenses": 2712800000,
    "sellingGeneralAndAdministrativeExpenses": 3075900000,
    "otherExpenses": -38000,
    "operatingExpenses": 3249000000,
    "costAndExpenses": 4480200000,
    "interestIncome": 11000000,
    "interestExpense": 37400000,
    "depreciationAndAmortization": 88400000,
    "ebitda": 2750000000,
    "ebitdaratio": 0.3851540616,
    "operatingIncome": 2659800000,
    "operatingIncomeRatio": 0.3725210084,
    "totalOtherIncomeExpensesNet": -35600000,
    "incomeBeforeTax": 2624200000,
    "incomeBeforeTaxRatio": 0.367535014,
    "incomeTaxExpense": 803400000,
    "netIncome": 1923580000,
    "netIncomeRatio": 0.2694089636,
    "eps": 2.89,
    "epsdiluted": 2.87,
    "weightedAverageShsOut": 663120000,
    "weightedAverageShsOutDil": 666252000,
    "link": "https://www.sec.gov/Archives/edgar/data/38777/000003877711000225/0000038777-11-000225-index.htm",
    "finalLink": "https://www.sec.gov/Archives/edgar/data/38777/000003877711000225/form10k.htm"
  },
  {
    "date": "2010-09-30",
    "symbol": "BEN",
    "reportedCurrency": "USD",
    "cik": "0000038777",
    "fillingDate": "2010-11-16",
    "acceptedDate": "2010-11-16 15:18:35",
    "calendarYear": "2010",
    "period": "FY",
    "revenue": 5853000000,
    "costOfRevenue": 2282900000,
    "grossProfit": 3570100000,
    "grossProfitRatio": 0.6099607039,
    "researchAndDevelopmentExpenses": 0,
    "generalAndAdministrativeExpenses": 1315800000,
    "sellingAndMarketingExpenses": 158458000,
    "sellingGeneralAndAdministrativeExpenses": 1315800000,
    "otherExpenses": 130000000,
    "operatingExpenses": 1611400000,
    "costAndExpenses": 3894300000,
    "interestIncome": 12900000,
    "interestExpense": 16500000,
    "depreciationAndAmortization": 267400000,
    "ebitda": 2353700000,
    "ebitdaratio": 0.4021356569,
    "operatingIncome": 1958700000,
    "operatingIncomeRatio": 0.334648898,
    "totalOtherIncomeExpensesNet": 111100000,
    "incomeBeforeTax": 2069800000,
    "incomeBeforeTaxRatio": 0.3536306168,
    "incomeTaxExpense": 618300000,
    "netIncome": 1445689000,
    "netIncomeRatio": 0.2469996583,
    "eps": 2.12,
    "epsdiluted": 2.11,
    "weightedAverageShsOut": 678312000,
    "weightedAverageShsOutDil": 682059000,
    "link": "https://www.sec.gov/Archives/edgar/data/38777/000119312510261858/0001193125-10-261858-index.htm",
    "finalLink": "https://www.sec.gov/Archives/edgar/data/38777/000119312510261858/d10k.htm"
  },
  {
    "date": "2009-09-30",
    "symbol": "BEN",
    "reportedCurrency": "USD",
    "cik": "0000038777",
    "fillingDate": "2009-11-24",
    "acceptedDate": "2009-11-24 15:26:03",
    "calendarYear": "2009",
    "period": "FY",
    "revenue": 4194087000,
    "costOfRevenue": 1352022000,
    "grossProfit": 2842065000,
    "grossProfitRatio": 0.6776361578,
    "researchAndDevelopmentExpenses": 0,
    "generalAndAdministrativeExpenses": 1232709000,
    "sellingAndMarketingExpenses": 116129000,
    "sellingGeneralAndAdministrativeExpenses": 1348838000,
    "otherExpenses": 290633000,
    "operatingExpenses": 1639471000,
    "costAndExpenses": 2991493000,
    "interestIncome": 31918000,
    "interestExpense": 3771000,
    "depreciationAndAmortization": 181272000,
    "ebitda": 1473648000,
    "ebitdaratio": 0.3513632407,
    "operatingIncome": 1202594000,
    "operatingIncomeRatio": 0.2867355875,
    "totalOtherIncomeExpensesNet": 86011000,
    "incomeBeforeTax": 1288605000,
    "incomeBeforeTaxRatio": 0.3072432689,
    "incomeTaxExpense": 384314000,
    "netIncome": 896778000,
    "netIncomeRatio": 0.2138195989,
    "eps": 1.3,
    "epsdiluted": 1.29,
    "weightedAverageShsOut": 691002000,
    "weightedAverageShsOutDil": 694362000,
    "link": "https://www.sec.gov/Archives/edgar/data/38777/000119312509241304/0001193125-09-241304-index.htm",
    "finalLink": "https://www.sec.gov/Archives/edgar/data/38777/000119312509241304/d10k.htm"
  },
  {
    "date": "2008-09-30",
    "symbol": "BEN",
    "reportedCurrency": "USD",
    "cik": "0000038777",
    "fillingDate": "2008-11-25",
    "acceptedDate": "2008-11-25 16:23:24",
    "calendarYear": "2008",
    "period": "FY",
    "revenue": 6032386000,
    "costOfRevenue": 1937113000,
    "grossProfit": 4095273000,
    "grossProfitRatio": 0.678881126,
    "researchAndDevelopmentExpenses": 0,
    "generalAndAdministrativeExpenses": 1441643000,
    "sellingAndMarketingExpenses": 184309000,
    "sellingGeneralAndAdministrativeExpenses": 1625952000,
    "otherExpenses": 370319000,
    "operatingExpenses": 1996271000,
    "costAndExpenses": 3933384000,
    "interestIncome": 100428000,
    "interestExpense": 15758000,
    "depreciationAndAmortization": 215222000,
    "ebitda": 2467569000,
    "ebitdaratio": 0.4090535652,
    "operatingIncome": 2099002000,
    "operatingIncomeRatio": 0.3479555188,
    "totalOtherIncomeExpensesNet": 137587000,
    "incomeBeforeTax": 2236589000,
    "incomeBeforeTaxRatio": 0.3707635751,
    "incomeTaxExpense": 648376000,
    "netIncome": 1588213000,
    "netIncomeRatio": 0.2632810632,
    "eps": 2.24,
    "epsdiluted": 2.22,
    "weightedAverageShsOut": 709188000,
    "weightedAverageShsOutDil": 714843000,
    "link": "https://www.sec.gov/Archives/edgar/data/38777/000119312508243375/0001193125-08-243375-index.htm",
    "finalLink": "https://www.sec.gov/Archives/edgar/data/38777/000119312508243375/d10k.htm"
  },
  {
    "date": "2007-09-30",
    "symbol": "BEN",
    "reportedCurrency": "USD",
    "cik": "0000038777",
    "fillingDate": "2007-11-29",
    "acceptedDate": "2007-11-28 18:58:42",
    "calendarYear": "2007",
    "period": "FY",
    "revenue": 6205769000,
    "costOfRevenue": 2160631000,
    "grossProfit": 4045138000,
    "grossProfitRatio": 0.6518350909,
    "researchAndDevelopmentExpenses": 317938000,
    "generalAndAdministrativeExpenses": 1398572000,
    "sellingAndMarketingExpenses": 189382000,
    "sellingGeneralAndAdministrativeExpenses": 1587954000,
    "otherExpenses": 71699000,
    "operatingExpenses": 1977591000,
    "costAndExpenses": 4138222000,
    "interestIncome": 133398000,
    "interestExpense": 23220000,
    "depreciationAndAmortization": 198619000,
    "ebitda": 2687140000,
    "ebitdaratio": 0.4330067716,
    "operatingIncome": 2067547000,
    "operatingIncomeRatio": 0.3331653176,
    "totalOtherIncomeExpensesNet": 397754000,
    "incomeBeforeTax": 2465301000,
    "incomeBeforeTaxRatio": 0.3972595499,
    "incomeTaxExpense": 692363000,
    "netIncome": 1772938000,
    "netIncomeRatio": 0.2856919102,
    "eps": 2.37,
    "epsdiluted": 2.34,
    "weightedAverageShsOut": 747591000,
    "weightedAverageShsOutDil": 756354000,
    "link": "https://www.sec.gov/Archives/edgar/data/38777/000119312507255169/0001193125-07-255169-index.htm",
    "finalLink": "https://www.sec.gov/Archives/edgar/data/38777/000119312507255169/d10k.htm"
  },
  {
    "date": "2006-09-30",
    "symbol": "BEN",
    "reportedCurrency": "USD",
    "cik": "0000038777",
    "fillingDate": "2006-12-20",
    "acceptedDate": "2006-12-20 17:04:12",
    "calendarYear": "2006",
    "period": "FY",
    "revenue": 5050726000,
    "costOfRevenue": 0,
    "grossProfit": 5050726000,
    "grossProfitRatio": 1,
    "researchAndDevelopmentExpenses": 302341000,
    "generalAndAdministrativeExpenses": 0,
    "sellingAndMarketingExpenses": 156460000,
    "sellingGeneralAndAdministrativeExpenses": 156460000,
    "otherExpenses": 2958544000,
    "operatingExpenses": 3417345000,
    "costAndExpenses": 3417345000,
    "interestIncome": 0,
    "interestExpense": 0,
    "depreciationAndAmortization": 215271000,
    "ebitda": 3490053000,
    "ebitdaratio": 0.6910002641,
    "operatingIncome": 1633381000,
    "operatingIncomeRatio": 0.3233952901,
    "totalOtherIncomeExpensesNet": 202185000,
    "incomeBeforeTax": 1835566000,
    "incomeBeforeTaxRatio": 0.3634261688,
    "incomeTaxExpense": 567998000,
    "netIncome": 1267568000,
    "netIncomeRatio": 0.2509674847,
    "eps": 1.66,
    "epsdiluted": 1.62,
    "weightedAverageShsOut": 765131590,
    "weightedAverageShsOutDil": 782449383,
    "link": "https://www.sec.gov/Archives/edgar/data/38777/000119312506257302/0001193125-06-257302-index.htm",
    "finalLink": "https://www.sec.gov/Archives/edgar/data/38777/000119312506257302/d10k.htm"
  },
  {
    "date": "2005-09-30",
    "symbol": "BEN",
    "reportedCurrency": "USD",
    "cik": "0000038777",
    "fillingDate": "2005-12-14",
    "acceptedDate": "2005-12-14 16:43:02",
    "calendarYear": "2005",
    "period": "FY",
    "revenue": 4310098000,
    "costOfRevenue": 0,
    "grossProfit": 4310098000,
    "grossProfitRatio": 1,
    "researchAndDevelopmentExpenses": 286866000,
    "generalAndAdministrativeExpenses": 0,
    "sellingAndMarketingExpenses": 137298000,
    "sellingGeneralAndAdministrativeExpenses": 137298000,
    "otherExpenses": 2597558000,
    "operatingExpenses": 3021722000,
    "costAndExpenses": 3021722000,
    "interestIncome": 0,
    "interestExpense": 0,
    "depreciationAndAmortization": 212173000,
    "ebitda": 2906686000,
    "ebitdaratio": 0.6743897703,
    "operatingIncome": 1288376000,
    "operatingIncomeRatio": 0.2989203494,
    "totalOtherIncomeExpensesNet": 132479000,
    "incomeBeforeTax": 1420855000,
    "incomeBeforeTaxRatio": 0.3296572375,
    "incomeTaxExpense": 363224000,
    "netIncome": 1057631000,
    "netIncomeRatio": 0.2453844437,
    "eps": 1.41,
    "epsdiluted": 1.35,
    "weightedAverageShsOut": 751870379,
    "weightedAverageShsOutDil": 781500739,
    "link": "https://www.sec.gov/Archives/edgar/data/38777/000119312505242624/0001193125-05-242624-index.htm",
    "finalLink": "https://www.sec.gov/Archives/edgar/data/38777/000119312505242624/d10k.htm"
  },
  {
    "date": "2004-09-30",
    "symbol": "BEN",
    "reportedCurrency": "USD",
    "cik": "0000038777",
    "fillingDate": "2004-12-14",
    "acceptedDate": "2004-12-14 15:17:58",
    "calendarYear": "2004",
    "period": "FY",
    "revenue": 3438208000,
    "costOfRevenue": 0,
    "grossProfit": 3438208000,
    "grossProfitRatio": 1,
    "researchAndDevelopmentExpenses": 273540000,
    "generalAndAdministrativeExpenses": 0,
    "sellingAndMarketingExpenses": 112017000,
    "sellingGeneralAndAdministrativeExpenses": 112017000,
    "otherExpenses": 2121826000,
    "operatingExpenses": 2507383000,
    "costAndExpenses": 2507383000,
    "interestIncome": 0,
    "interestExpense": 0,
    "depreciationAndAmortization": 183437000,
    "ebitda": 2149373000,
    "ebitdaratio": 0.6251433886,
    "operatingIncome": 930825000,
    "operatingIncomeRatio": 0.2707296941,
    "totalOtherIncomeExpensesNet": 63041000,
    "incomeBeforeTax": 993866000,
    "incomeBeforeTaxRatio": 0.2890651176,
    "incomeTaxExpense": 291981000,
    "netIncome": 706664000,
    "netIncomeRatio": 0.2055326496,
    "eps": 0.95,
    "epsdiluted": 0.92,
    "weightedAverageShsOut": 746476056,
    "weightedAverageShsOutDil": 770906182,
    "link": "https://www.sec.gov/Archives/edgar/data/38777/000003877704000612/0000038777-04-000612-index.htm",
    "finalLink": "https://www.sec.gov/Archives/edgar/data/38777/000003877704000612/form10k_2004.txt"
  },
  {
    "date": "2003-09-30",
    "symbol": "BEN",
    "reportedCurrency": "USD",
    "cik": "0000038777",
    "fillingDate": "2003-12-22",
    "acceptedDate": "2003-12-19 21:36:26",
    "calendarYear": "2003",
    "period": "FY",
    "revenue": 2632124000,
    "costOfRevenue": 0,
    "grossProfit": 2632124000,
    "grossProfitRatio": 1,
    "researchAndDevelopmentExpenses": 285329000,
    "generalAndAdministrativeExpenses": 0,
    "sellingAndMarketingExpenses": 92399000,
    "sellingGeneralAndAdministrativeExpenses": 92399000,
    "otherExpenses": 1606320000,
    "operatingExpenses": 1984048000,
    "costAndExpenses": 1984048000,
    "interestIncome": 0,
    "interestExpense": 0,
    "depreciationAndAmortization": 177420000,
    "ebitda": 1594015000,
    "ebitdaratio": 0.6056002681,
    "operatingIncome": 648076000,
    "operatingIncomeRatio": 0.2462178834,
    "totalOtherIncomeExpensesNet": 52127000,
    "incomeBeforeTax": 700203000,
    "incomeBeforeTaxRatio": 0.2660220415,
    "incomeTaxExpense": 197373000,
    "netIncome": 502830000,
    "netIncomeRatio": 0.1910358327,
    "eps": 0.66,
    "epsdiluted": 0.66,
    "weightedAverageShsOut": 761863636,
    "weightedAverageShsOutDil": 765730964,
    "link": "https://www.sec.gov/Archives/edgar/data/38777/000003877703000693/0000038777-03-000693-index.htm",
    "finalLink": "https://www.sec.gov/Archives/edgar/data/38777/000003877703000693/form10k_03.txt"
  },
  {
    "date": "2002-09-30",
    "symbol": "BEN",
    "reportedCurrency": "USD",
    "cik": "0000038777",
    "fillingDate": "2002-12-18",
    "acceptedDate": "2002-12-18 14:37:08",
    "calendarYear": "2002",
    "period": "FY",
    "revenue": 2522900000,
    "costOfRevenue": 0,
    "grossProfit": 2522900000,
    "grossProfitRatio": 1,
    "researchAndDevelopmentExpenses": 294161000,
    "generalAndAdministrativeExpenses": 0,
    "sellingAndMarketingExpenses": 106877000,
    "sellingGeneralAndAdministrativeExpenses": 106877000,
    "otherExpenses": 1536360000,
    "operatingExpenses": 1937398000,
    "costAndExpenses": 1937398000,
    "interestIncome": 0,
    "interestExpense": 0,
    "depreciationAndAmortization": 183121000,
    "ebitda": 2522900000,
    "ebitdaratio": 1,
    "operatingIncome": 585502000,
    "operatingIncomeRatio": 0.2320749931,
    "totalOtherIncomeExpensesNet": -7227000,
    "incomeBeforeTax": 578275000,
    "incomeBeforeTaxRatio": 0.2292104324,
    "incomeTaxExpense": 145552000,
    "netIncome": 432723000,
    "netIncomeRatio": 0.1715180943,
    "eps": 0.55,
    "epsdiluted": 0.55,
    "weightedAverageShsOut": 781987952,
    "weightedAverageShsOutDil": 786053957,
    "link": "https://www.sec.gov/Archives/edgar/data/38777/000003877702000444/0000038777-02-000444-index.htm",
    "finalLink": "https://www.sec.gov/Archives/edgar/data/38777/000003877702000444/form10k_2002.txt"
  },
  {
    "date": "2001-09-30",
    "symbol": "BEN",
    "reportedCurrency": "USD",
    "cik": "0000038777",
    "fillingDate": "2001-12-26",
    "acceptedDate": "2001-12-26 00:00:00",
    "calendarYear": "2001",
    "period": "FY",
    "revenue": 2354843000,
    "costOfRevenue": 0,
    "grossProfit": 2354843000,
    "grossProfitRatio": 1,
    "researchAndDevelopmentExpenses": 263297000,
    "generalAndAdministrativeExpenses": 0,
    "sellingAndMarketingExpenses": 106261000,
    "sellingGeneralAndAdministrativeExpenses": 106261000,
    "otherExpenses": 1473290000,
    "operatingExpenses": 1842848000,
    "costAndExpenses": 1842848000,
    "interestIncome": 0,
    "interestExpense": 0,
    "depreciationAndAmortization": 223846000,
    "ebitda": 1372709000,
    "ebitdaratio": 0.5829301571,
    "operatingIncome": 511995000,
    "operatingIncomeRatio": 0.2174221381,
    "totalOtherIncomeExpensesNet": 125795000,
    "incomeBeforeTax": 637790000,
    "incomeBeforeTaxRatio": 0.2708418353,
    "incomeTaxExpense": 153069000,
    "netIncome": 484721000,
    "netIncomeRatio": 0.2058400496,
    "eps": 0.64,
    "epsdiluted": 0.64,
    "weightedAverageShsOut": 757376562,
    "weightedAverageShsOutDil": 761341885,
    "link": "https://www.sec.gov/Archives/edgar/data/38777/000003877701500097/0000038777-01-500097-index.htm",
    "finalLink": "https://www.sec.gov/Archives/edgar/data/38777/000003877701500097/form10k_2001.txt"
  },
  {
    "date": "2000-09-30",
    "symbol": "BEN",
    "reportedCurrency": "USD",
    "cik": "0000038777",
    "fillingDate": "2000-12-07",
    "acceptedDate": "2000-12-07 00:00:00",
    "calendarYear": "2000",
    "period": "FY",
    "revenue": 2340140000,
    "costOfRevenue": 0,
    "grossProfit": 2340140000,
    "grossProfitRatio": 1,
    "researchAndDevelopmentExpenses": 213670000,
    "generalAndAdministrativeExpenses": 0,
    "sellingAndMarketingExpenses": 101196000,
    "sellingGeneralAndAdministrativeExpenses": 101196000,
    "otherExpenses": 1361831000,
    "operatingExpenses": 1676697000,
    "costAndExpenses": 1676697000,
    "interestIncome": 0,
    "interestExpense": 0,
    "depreciationAndAmortization": 199639000,
    "ebitda": 1486226000,
    "ebitdaratio": 0.6351013187,
    "operatingIncome": 663443000,
    "operatingIncomeRatio": 0.2835056877,
    "totalOtherIncomeExpensesNet": 76148000,
    "incomeBeforeTax": 739591000,
    "incomeBeforeTaxRatio": 0.3160456212,
    "incomeTaxExpense": 177502000,
    "netIncome": 562089000,
    "netIncomeRatio": 0.2401946037,
    "eps": 0.76,
    "epsdiluted": 0.76,
    "weightedAverageShsOut": 739590789,
    "weightedAverageShsOutDil": 739590789,
    "link": "https://www.sec.gov/Archives/edgar/data/38777/000003877700000380/0000038777-00-000380-index.htm",
    "finalLink": "https://www.sec.gov/Archives/edgar/data/38777/000003877700000380/0000038777-00-000380-0001.txt"
  },
  {
    "date": "1999-09-30",
    "symbol": "BEN",
    "reportedCurrency": "USD",
    "cik": "0000038777",
    "fillingDate": "1999-12-21",
    "acceptedDate": "1999-12-21 00:00:00",
    "calendarYear": "1999",
    "period": "FY",
    "revenue": 2262497000,
    "costOfRevenue": 0,
    "grossProfit": 2262497000,
    "grossProfitRatio": 1,
    "researchAndDevelopmentExpenses": 212495000,
    "generalAndAdministrativeExpenses": 0,
    "sellingAndMarketingExpenses": 105935000,
    "sellingGeneralAndAdministrativeExpenses": 105935000,
    "otherExpenses": 1404959000,
    "operatingExpenses": 1723389000,
    "costAndExpenses": 1723389000,
    "interestIncome": 0,
    "interestExpense": 0,
    "depreciationAndAmortization": 200014000,
    "ebitda": 1359169000,
    "ebitdaratio": 0.6007384761,
    "operatingIncome": 539108000,
    "operatingIncomeRatio": 0.238280095,
    "totalOtherIncomeExpensesNet": 34976000,
    "incomeBeforeTax": 574084000,
    "incomeBeforeTaxRatio": 0.253739121,
    "incomeTaxExpense": 147373000,
    "netIncome": 426711000,
    "netIncomeRatio": 0.188601797,
    "eps": 0.56,
    "epsdiluted": 0.56,
    "weightedAverageShsOut": 757475148,
    "weightedAverageShsOutDil": 758055000,
    "link": "https://www.sec.gov/Archives/edgar/data/38777/000003877799000471/0000038777-99-000471-index.htm",
    "finalLink": "https://www.sec.gov/Archives/edgar/data/38777/000003877799000471/0000038777-99-000471.txt"
  },
  {
    "date": "1998-09-30",
    "symbol": "BEN",
    "reportedCurrency": "USD",
    "cik": "0000038777",
    "fillingDate": "1998-12-24",
    "acceptedDate": "1998-12-24 00:00:00",
    "calendarYear": "1998",
    "period": "FY",
    "revenue": 2577272000,
    "costOfRevenue": 0,
    "grossProfit": 2577272000,
    "grossProfitRatio": 1,
    "researchAndDevelopmentExpenses": 181665000,
    "generalAndAdministrativeExpenses": 0,
    "sellingAndMarketingExpenses": 125925000,
    "sellingGeneralAndAdministrativeExpenses": 125925000,
    "otherExpenses": 1627586000,
    "operatingExpenses": 1935176000,
    "costAndExpenses": 1935176000,
    "interestIncome": 0,
    "interestExpense": 0,
    "depreciationAndAmortization": 191374000,
    "ebitda": 1675176000,
    "ebitdaratio": 0.6499802892,
    "operatingIncome": 642096000,
    "operatingIncomeRatio": 0.2491378481,
    "totalOtherIncomeExpensesNet": 34188000,
    "incomeBeforeTax": 676284000,
    "incomeBeforeTaxRatio": 0.262403037,
    "incomeTaxExpense": 175834000,
    "netIncome": 500450000,
    "netIncomeRatio": 0.1941781853,
    "eps": 0.66,
    "epsdiluted": 0.66,
    "weightedAverageShsOut": 758257576,
    "weightedAverageShsOutDil": 758257576,
    "link": "https://www.sec.gov/Archives/edgar/data/38777/000003877798000595/0000038777-98-000595-index.htm",
    "finalLink": "https://www.sec.gov/Archives/edgar/data/38777/0000038777-98-000595.txt"
  },
  {
    "date": "1997-09-30",
    "symbol": "BEN",
    "reportedCurrency": "USD",
    "cik": "0000038777",
    "fillingDate": "1997-12-22",
    "acceptedDate": "1997-12-22 00:00:00",
    "calendarYear": "1997",
    "period": "FY",
    "revenue": 2163275000,
    "costOfRevenue": 0,
    "grossProfit": 2163275000,
    "grossProfitRatio": 1,
    "researchAndDevelopmentExpenses": 135391000,
    "generalAndAdministrativeExpenses": 0,
    "sellingAndMarketingExpenses": 96552000,
    "sellingGeneralAndAdministrativeExpenses": 96552000,
    "otherExpenses": 1339872000,
    "operatingExpenses": 1571815000,
    "costAndExpenses": 1571815000,
    "interestIncome": 0,
    "interestExpense": 0,
    "depreciationAndAmortization": 123908000,
    "ebitda": 1427696000,
    "ebitdaratio": 0.6599697218,
    "operatingIncome": 591460000,
    "operatingIncomeRatio": 0.2734095295,
    "totalOtherIncomeExpensesNet": 24253000,
    "incomeBeforeTax": 615713000,
    "incomeBeforeTaxRatio": 0.2846207717,
    "incomeTaxExpense": 181650000,
    "netIncome": 434063000,
    "netIncomeRatio": 0.200650865,
    "eps": 0.57,
    "epsdiluted": 0.57,
    "weightedAverageShsOut": 757086628,
    "weightedAverageShsOutDil": 761514035,
    "link": "https://www.sec.gov/Archives/edgar/data/38777/000003877797000384/0000038777-97-000384-index.htm",
    "finalLink": "https://www.sec.gov/Archives/edgar/data/38777/0000038777-97-000384.txt"
  },
  {
    "date": "1996-09-30",
    "symbol": "BEN",
    "reportedCurrency": "USD",
    "cik": "0000038777",
    "fillingDate": "1996-12-27",
    "acceptedDate": "1996-12-27 00:00:00",
    "calendarYear": "1996",
    "period": "FY",
    "revenue": 1519473000,
    "costOfRevenue": 520200000,
    "grossProfit": 1002368000,
    "grossProfitRatio": 0.65968135,
    "researchAndDevelopmentExpenses": 0,
    "generalAndAdministrativeExpenses": 147963000,
    "sellingAndMarketingExpenses": 71655000,
    "sellingGeneralAndAdministrativeExpenses": 71655000,
    "otherExpenses": 422010000,
    "operatingExpenses": 582165000,
    "costAndExpenses": 1102365000,
    "interestIncome": 0,
    "interestExpense": 0,
    "depreciationAndAmortization": 64728000,
    "ebitda": 999958000,
    "ebitdaratio": 0.6580952738,
    "operatingIncome": 417108000,
    "operatingIncomeRatio": 0.2745083328,
    "totalOtherIncomeExpensesNet": 39122000,
    "incomeBeforeTax": 456230000,
    "incomeBeforeTaxRatio": 0.3002554175,
    "incomeTaxExpense": 141500000,
    "netIncome": 314730000,
    "netIncomeRatio": 0.207131025,
    "eps": 0.42,
    "epsdiluted": 0.42,
    "weightedAverageShsOut": 742580645,
    "weightedAverageShsOutDil": 750652174,
    "link": "https://www.sec.gov/Archives/edgar/data/38777/000003877796000161/0000038777-96-000161-index.htm",
    "finalLink": "https://www.sec.gov/Archives/edgar/data/38777/0000038777-96-000161.txt"
  },
  {
    "date": "1995-09-30",
    "symbol": "BEN",
    "reportedCurrency": "USD",
    "cik": "0000038777",
    "fillingDate": "1995-12-29",
    "acceptedDate": "1995-12-29 00:00:00",
    "calendarYear": "1995",
    "period": "FY",
    "revenue": 1257797000,
    "costOfRevenue": 383500000,
    "grossProfit": 874297000,
    "grossProfitRatio": 0.6951018328,
    "researchAndDevelopmentExpenses": 0,
    "generalAndAdministrativeExpenses": 129122000,
    "sellingAndMarketingExpenses": 70138000,
    "sellingGeneralAndAdministrativeExpenses": 199260000,
    "otherExpenses": 306896000,
    "operatingExpenses": 506156000,
    "costAndExpenses": 889656000,
    "interestIncome": 0,
    "interestExpense": 0,
    "depreciationAndAmortization": 40940000,
    "ebitda": 437575000,
    "ebitdaratio": 0.3478900013,
    "operatingIncome": 368141000,
    "operatingIncomeRatio": 0.2926871347,
    "totalOtherIncomeExpensesNet": 18514000,
    "incomeBeforeTax": 386655000,
    "incomeBeforeTaxRatio": 0.3074065211,
    "incomeTaxExpense": 117710000,
    "netIncome": 268945000,
    "netIncomeRatio": 0.2138222623,
    "eps": 0.36,
    "epsdiluted": 0.36,
    "weightedAverageShsOut": 747069444,
    "weightedAverageShsOutDil": 756407812,
    "link": "https://www.sec.gov/Archives/edgar/data/38777/000003877795000111/0000038777-95-000111-index.htm",
    "finalLink": "https://www.sec.gov/Archives/edgar/data/38777/0000038777-95-000111.txt"
  },
  {
    "date": "1994-09-30",
    "symbol": "BEN",
    "reportedCurrency": "USD",
    "cik": "0000038777",
    "fillingDate": "1994-12-29",
    "acceptedDate": "1994-12-29 00:00:00",
    "calendarYear": "1994",
    "period": "FY",
    "revenue": 812770000,
    "costOfRevenue": 18400000,
    "grossProfit": 808471000,
    "grossProfitRatio": 0.9947106808,
    "researchAndDevelopmentExpenses": 0,
    "generalAndAdministrativeExpenses": 358685000,
    "sellingAndMarketingExpenses": 69073000,
    "sellingGeneralAndAdministrativeExpenses": 427758000,
    "otherExpenses": -89000,
    "operatingExpenses": 427669000,
    "costAndExpenses": 446069000,
    "interestIncome": 0,
    "interestExpense": 0,
    "depreciationAndAmortization": 36693000,
    "ebitda": 403394000,
    "ebitdaratio": 0.4963199921,
    "operatingIncome": 366701000,
    "operatingIncomeRatio": 0.451174379,
    "totalOtherIncomeExpensesNet": -4180000,
    "incomeBeforeTax": 362521000,
    "incomeBeforeTaxRatio": 0.4460314726,
    "incomeTaxExpense": 111213000,
    "netIncome": 251308000,
    "netIncomeRatio": 0.3091994045,
    "eps": 0.33,
    "epsdiluted": 0.33,
    "weightedAverageShsOut": 753924000,
    "weightedAverageShsOutDil": 753924000,
    "link": "https://www.sec.gov/Archives/edgar/data/38777/000003877794000129/0000038777-94-000129-index.htm",
    "finalLink": "https://www.sec.gov/Archives/edgar/data/38777/0000038777-94-000129.txt"
  },
  {
    "date": "1993-09-30",
    "symbol": "BEN",
    "reportedCurrency": "USD",
    "cik": "0000038777",
    "fillingDate": "1994-01-06",
    "acceptedDate": "1994-01-06 00:00:00",
    "calendarYear": "1993",
    "period": "FY",
    "revenue": 640744000,
    "costOfRevenue": 7300000,
    "grossProfit": 633400000,
    "grossProfitRatio": 0.9885383242,
    "researchAndDevelopmentExpenses": 0,
    "generalAndAdministrativeExpenses": 277413000,
    "sellingAndMarketingExpenses": 52119000,
    "sellingGeneralAndAdministrativeExpenses": 329532000,
    "otherExpenses": 19044000,
    "operatingExpenses": 348576000,
    "costAndExpenses": 355876000,
    "interestIncome": 0,
    "interestExpense": 0,
    "depreciationAndAmortization": 24286000,
    "ebitda": 309154000,
    "ebitdaratio": 0.4824922278,
    "operatingIncome": 284868000,
    "operatingIncomeRatio": 0.4445894148,
    "totalOtherIncomeExpensesNet": -10470000,
    "incomeBeforeTax": 274398000,
    "incomeBeforeTaxRatio": 0.4282490355,
    "incomeTaxExpense": 98876000,
    "netIncome": 175500000,
    "netIncomeRatio": 0.2739003409,
    "eps": 0.24,
    "epsdiluted": 0.23,
    "weightedAverageShsOut": 745140566,
    "weightedAverageShsOutDil": 752237143,
    "link": "https://www.sec.gov/Archives/edgar/data/38777/000003877794000002/0000038777-94-000002-index.htm",
    "finalLink": "https://www.sec.gov/Archives/edgar/data/38777/0000038777-94-000002.txt"
  },
  {
    "date": "1992-09-30",
    "symbol": "BEN",
    "reportedCurrency": "USD",
    "cik": "0000038777",
    "fillingDate": "1992-09-30",
    "acceptedDate": "1992-09-29 20:00:00",
    "calendarYear": "1992",
    "period": "FY",
    "revenue": 385000000,
    "costOfRevenue": 0,
    "grossProfit": 385000000,
    "grossProfitRatio": 1,
    "researchAndDevelopmentExpenses": 0,
    "generalAndAdministrativeExpenses": 120700000,
    "sellingAndMarketingExpenses": 0,
    "sellingGeneralAndAdministrativeExpenses": 120700000,
    "otherExpenses": -167500000,
    "operatingExpenses": -46800000,
    "costAndExpenses": -46800000,
    "interestIncome": 0,
    "interestExpense": 0,
    "depreciationAndAmortization": 4300000,
    "ebitda": 436100000,
    "ebitdaratio": 1.1327272727,
    "operatingIncome": 431800000,
    "operatingIncomeRatio": 1.1215584416,
    "totalOtherIncomeExpensesNet": -227000000,
    "incomeBeforeTax": 204800000,
    "incomeBeforeTaxRatio": 0.5319480519,
    "incomeTaxExpense": 80700000,
    "netIncome": 124100000,
    "netIncomeRatio": 0.3223376623,
    "eps": 0.18,
    "epsdiluted": 0.18,
    "weightedAverageShsOut": 702452830,
    "weightedAverageShsOutDil": 702452830,
    "link": "",
    "finalLink": ""
  },
  {
    "date": "1991-09-30",
    "symbol": "BEN",
    "reportedCurrency": "USD",
    "cik": "0000038777",
    "fillingDate": "1991-09-30",
    "acceptedDate": "1991-09-29 20:00:00",
    "calendarYear": "1991",
    "period": "FY",
    "revenue": 318400000,
    "costOfRevenue": 36600000,
    "grossProfit": 281800000,
    "grossProfitRatio": 0.8850502513,
    "researchAndDevelopmentExpenses": 0,
    "generalAndAdministrativeExpenses": 0,
    "sellingAndMarketingExpenses": 0,
    "sellingGeneralAndAdministrativeExpenses": 102800000,
    "otherExpenses": 4700000,
    "operatingExpenses": 107500000,
    "costAndExpenses": 144100000,
    "interestIncome": 0,
    "interestExpense": 0,
    "depreciationAndAmortization": -4700000,
    "ebitda": 179000000,
    "ebitdaratio": 0.5621859296,
    "operatingIncome": 174300000,
    "operatingIncomeRatio": 0.5474246231,
    "totalOtherIncomeExpensesNet": -11600000,
    "incomeBeforeTax": 162700000,
    "incomeBeforeTaxRatio": 0.5109924623,
    "incomeTaxExpense": 64500000,
    "netIncome": 98200000,
    "netIncomeRatio": 0.3084170854,
    "eps": 0.14,
    "epsdiluted": 0.14,
    "weightedAverageShsOut": 701428571,
    "weightedAverageShsOutDil": 701428571,
    "link": "",
    "finalLink": ""
  },
  {
    "date": "1990-09-30",
    "symbol": "BEN",
    "reportedCurrency": "USD",
    "cik": "0000038777",
    "fillingDate": "1990-09-30",
    "acceptedDate": "1990-09-29 20:00:00",
    "calendarYear": "1990",
    "period": "FY",
    "revenue": 287900000,
    "costOfRevenue": 33200000,
    "grossProfit": 254700000,
    "grossProfitRatio": 0.8846821813,
    "researchAndDevelopmentExpenses": 0,
    "generalAndAdministrativeExpenses": 0,
    "sellingAndMarketingExpenses": 0,
    "sellingGeneralAndAdministrativeExpenses": 93800000,
    "otherExpenses": 4400000,
    "operatingExpenses": 98200000,
    "costAndExpenses": 131400000,
    "interestIncome": 0,
    "interestExpense": 0,
    "depreciationAndAmortization": -4400000,
    "ebitda": 160900000,
    "ebitdaratio": 0.5588746092,
    "operatingIncome": 156500000,
    "operatingIncomeRatio": 0.5435915248,
    "totalOtherIncomeExpensesNet": -12100000,
    "incomeBeforeTax": 144400000,
    "incomeBeforeTaxRatio": 0.5015630427,
    "incomeTaxExpense": 55000000,
    "netIncome": 89400000,
    "netIncomeRatio": 0.3105244877,
    "eps": 0.13,
    "epsdiluted": 0.13,
    "weightedAverageShsOut": 705789474,
    "weightedAverageShsOutDil": 705789474,
    "link": "",
    "finalLink": ""
  },
  {
    "date": "1989-09-30",
    "symbol": "BEN",
    "reportedCurrency": "USD",
    "cik": "0000038777",
    "fillingDate": "1989-09-30",
    "acceptedDate": "1989-09-29 20:00:00",
    "calendarYear": "1989",
    "period": "FY",
    "revenue": 253300000,
    "costOfRevenue": 0,
    "grossProfit": 253300000,
    "grossProfitRatio": 1,
    "researchAndDevelopmentExpenses": 0,
    "generalAndAdministrativeExpenses": 0,
    "sellingAndMarketingExpenses": 0,
    "sellingGeneralAndAdministrativeExpenses": 0,
    "otherExpenses": -112100000,
    "operatingExpenses": -112100000,
    "costAndExpenses": -112100000,
    "interestIncome": 0,
    "interestExpense": 0,
    "depreciationAndAmortization": 0,
    "ebitda": 365400000,
    "ebitdaratio": 1.4425582313,
    "operatingIncome": 365400000,
    "operatingIncomeRatio": 1.4425582313,
    "totalOtherIncomeExpensesNet": -235700000,
    "incomeBeforeTax": 129700000,
    "incomeBeforeTaxRatio": 0.512041058,
    "incomeTaxExpense": 51100000,
    "netIncome": 78600000,
    "netIncomeRatio": 0.3103039874,
    "eps": 0.11,
    "epsdiluted": 0.11,
    "weightedAverageShsOut": 693529412,
    "weightedAverageShsOutDil": 693529412,
    "link": "",
    "finalLink": ""
  },
  {
    "date": "1988-09-30",
    "symbol": "BEN",
    "reportedCurrency": "USD",
    "cik": "0000038777",
    "fillingDate": "1988-09-30",
    "acceptedDate": "1988-09-29 20:00:00",
    "calendarYear": "1988",
    "period": "FY",
    "revenue": 202600000,
    "costOfRevenue": 0,
    "grossProfit": 202600000,
    "grossProfitRatio": 1,
    "researchAndDevelopmentExpenses": 0,
    "generalAndAdministrativeExpenses": 0,
    "sellingAndMarketingExpenses": 0,
    "sellingGeneralAndAdministrativeExpenses": 0,
    "otherExpenses": -92900000,
    "operatingExpenses": -92900000,
    "costAndExpenses": -92900000,
    "interestIncome": 0,
    "interestExpense": 0,
    "depreciationAndAmortization": 0,
    "ebitda": 295500000,
    "ebitdaratio": 1.4585389931,
    "operatingIncome": 295500000,
    "operatingIncomeRatio": 1.4585389931,
    "totalOtherIncomeExpensesNet": -186200000,
    "incomeBeforeTax": 109300000,
    "incomeBeforeTaxRatio": 0.5394866732,
    "incomeTaxExpense": 43000000,
    "netIncome": 66300000,
    "netIncomeRatio": 0.3272458045,
    "eps": 0.0933,
    "epsdiluted": 0.0933,
    "weightedAverageShsOut": 710357143,
    "weightedAverageShsOutDil": 710357143,
    "link": "",
    "finalLink": ""
  },
  {
    "date": "1987-09-30",
    "symbol": "BEN",
    "reportedCurrency": "USD",
    "cik": "0000038777",
    "fillingDate": "1987-09-30",
    "acceptedDate": "1987-09-29 20:00:00",
    "calendarYear": "1987",
    "period": "FY",
    "revenue": 206700000,
    "costOfRevenue": 0,
    "grossProfit": 206700000,
    "grossProfitRatio": 1,
    "researchAndDevelopmentExpenses": 0,
    "generalAndAdministrativeExpenses": 0,
    "sellingAndMarketingExpenses": 0,
    "sellingGeneralAndAdministrativeExpenses": 0,
    "otherExpenses": -92600000,
    "operatingExpenses": -92600000,
    "costAndExpenses": -92600000,
    "interestIncome": 0,
    "interestExpense": 0,
    "depreciationAndAmortization": 0,
    "ebitda": 299300000,
    "ebitdaratio": 1.4479922593,
    "operatingIncome": 299300000,
    "operatingIncomeRatio": 1.4479922593,
    "totalOtherIncomeExpensesNet": -185900000,
    "incomeBeforeTax": 113400000,
    "incomeBeforeTaxRatio": 0.5486211901,
    "incomeTaxExpense": 54500000,
    "netIncome": 58900000,
    "netIncomeRatio": 0.2849540397,
    "eps": 0.0833,
    "epsdiluted": 0.0833,
    "weightedAverageShsOut": 706800000,
    "weightedAverageShsOutDil": 706800000,
    "link": "",
    "finalLink": ""
  },
  {
    "date": "1986-09-30",
    "symbol": "BEN",
    "reportedCurrency": "USD",
    "cik": "0000038777",
    "fillingDate": "1986-09-30",
    "acceptedDate": "1986-09-29 20:00:00",
    "calendarYear": "1986",
    "period": "FY",
    "revenue": 143100000,
    "costOfRevenue": 0,
    "grossProfit": 143100000,
    "grossProfitRatio": 1,
    "researchAndDevelopmentExpenses": 0,
    "generalAndAdministrativeExpenses": 0,
    "sellingAndMarketingExpenses": 0,
    "sellingGeneralAndAdministrativeExpenses": 0,
    "otherExpenses": -76400000,
    "operatingExpenses": -76400000,
    "costAndExpenses": -76400000,
    "interestIncome": 0,
    "interestExpense": 0,
    "depreciationAndAmortization": 0,
    "ebitda": 219500000,
    "ebitdaratio": 1.5338923829,
    "operatingIncome": 219500000,
    "operatingIncomeRatio": 1.5338923829,
    "totalOtherIncomeExpensesNet": -153200000,
    "incomeBeforeTax": 66300000,
    "incomeBeforeTaxRatio": 0.463312369,
    "incomeTaxExpense": 34200000,
    "netIncome": 32100000,
    "netIncomeRatio": 0.2243186583,
    "eps": 0.0467,
    "epsdiluted": 0.0467,
    "weightedAverageShsOut": 687857143,
    "weightedAverageShsOutDil": 687857143,
    "link": "",
    "finalLink": ""
  },
  {
    "date": "1985-09-30",
    "symbol": "BEN",
    "reportedCurrency": "USD",
    "cik": "0000038777",
    "fillingDate": "1985-09-30",
    "acceptedDate": "1985-09-29 20:00:00",
    "calendarYear": "1985",
    "period": "FY",
    "revenue": 63300000,
    "costOfRevenue": 0,
    "grossProfit": 63300000,
    "grossProfitRatio": 1,
    "researchAndDevelopmentExpenses": 0,
    "generalAndAdministrativeExpenses": 0,
    "sellingAndMarketingExpenses": 0,
    "sellingGeneralAndAdministrativeExpenses": 0,
    "otherExpenses": -37200000,
    "operatingExpenses": -37200000,
    "costAndExpenses": -37200000,
    "interestIncome": 0,
    "interestExpense": 0,
    "depreciationAndAmortization": 0,
    "ebitda": 100500000,
    "ebitdaratio": 1.5876777251,
    "operatingIncome": 100500000,
    "operatingIncomeRatio": 1.5876777251,
    "totalOtherIncomeExpensesNet": -74300000,
    "incomeBeforeTax": 26200000,
    "incomeBeforeTaxRatio": 0.4139020537,
    "incomeTaxExpense": 12700000,
    "netIncome": 13500000,
    "netIncomeRatio": 0.2132701422,
    "eps": 0.02,
    "epsdiluted": 0.02,
    "weightedAverageShsOut": 675000000,
    "weightedAverageShsOutDil": 675000000,
    "link": "",
    "finalLink": ""
  }
]