[
  {
    "date": "2025-07-31",
    "symbol": "BF-B",
    "reportedCurrency": "USD",
    "cik": "0000014693",
    "fillingDate": "2025-08-28",
    "acceptedDate": "2025-08-28 16:04:16",
    "calendarYear": "2026",
    "period": "Q1",
    "revenue": 924000000,
    "costOfRevenue": 372000000,
    "grossProfit": 552000000,
    "grossProfitRatio": 0.5974025974,
    "researchAndDevelopmentExpenses": 0,
    "generalAndAdministrativeExpenses": 177000000,
    "sellingAndMarketingExpenses": 120000000,
    "sellingGeneralAndAdministrativeExpenses": 297000000,
    "otherExpenses": -5000000,
    "operatingExpenses": 292000000,
    "costAndExpenses": 664000000,
    "interestIncome": 4000000,
    "interestExpense": 25000000,
    "depreciationAndAmortization": 22000000,
    "ebitda": 267000000,
    "ebitdaratio": 0.288961039,
    "operatingIncome": 260000000,
    "operatingIncomeRatio": 0.2813852814,
    "totalOtherIncomeExpensesNet": -40000000,
    "incomeBeforeTax": 220000000,
    "incomeBeforeTaxRatio": 0.2380952381,
    "incomeTaxExpense": 50000000,
    "netIncome": 170000000,
    "netIncomeRatio": 0.183982684,
    "eps": 0.36,
    "epsdiluted": 0.36,
    "weightedAverageShsOut": 472724000,
    "weightedAverageShsOutDil": 472963000,
    "link": "https://www.sec.gov/Archives/edgar/data/14693/000001469325000096/0000014693-25-000096-index.htm",
    "finalLink": "https://www.sec.gov/Archives/edgar/data/14693/000001469325000096/bfb-20250731.htm"
  },
  {
    "date": "2025-04-30",
    "symbol": "BF-B",
    "reportedCurrency": "USD",
    "cik": "0000014693",
    "fillingDate": "2025-06-13",
    "acceptedDate": "2025-06-13 16:05:22",
    "calendarYear": "2025",
    "period": "Q4",
    "revenue": 894000000,
    "costOfRevenue": 381000000,
    "grossProfit": 513000000,
    "grossProfitRatio": 0.5738255034,
    "researchAndDevelopmentExpenses": 0,
    "generalAndAdministrativeExpenses": 193000000,
    "sellingAndMarketingExpenses": 107000000,
    "sellingGeneralAndAdministrativeExpenses": 300000000,
    "otherExpenses": 8000000,
    "operatingExpenses": 308000000,
    "costAndExpenses": 689000000,
    "interestIncome": 5000000,
    "interestExpense": 27000000,
    "depreciationAndAmortization": 21000000,
    "ebitda": 231000000,
    "ebitdaratio": 0.2583892617,
    "operatingIncome": 205000000,
    "operatingIncomeRatio": 0.2293064877,
    "totalOtherIncomeExpensesNet": -22000000,
    "incomeBeforeTax": 183000000,
    "incomeBeforeTaxRatio": 0.2046979866,
    "incomeTaxExpense": 37000000,
    "netIncome": 146000000,
    "netIncomeRatio": 0.163310962,
    "eps": 0.31,
    "epsdiluted": 0.31,
    "weightedAverageShsOut": 472667000,
    "weightedAverageShsOutDil": 472884000,
    "link": "https://www.sec.gov/Archives/edgar/data/14693/000001469325000062/0000014693-25-000062-index.htm",
    "finalLink": "https://www.sec.gov/Archives/edgar/data/14693/000001469325000062/bfb-20250430.htm"
  },
  {
    "date": "2025-01-31",
    "symbol": "BF-B",
    "reportedCurrency": "USD",
    "cik": "0000014693",
    "fillingDate": "2025-03-05",
    "acceptedDate": "2025-03-05 16:28:59",
    "calendarYear": "2025",
    "period": "Q3",
    "revenue": 1035000000,
    "costOfRevenue": 416000000,
    "grossProfit": 619000000,
    "grossProfitRatio": 0.5980676329,
    "researchAndDevelopmentExpenses": 0,
    "generalAndAdministrativeExpenses": 178000000,
    "sellingAndMarketingExpenses": 125000000,
    "sellingGeneralAndAdministrativeExpenses": 303000000,
    "otherExpenses": 36000000,
    "operatingExpenses": 339000000,
    "costAndExpenses": 755000000,
    "interestIncome": 5000000,
    "interestExpense": 31000000,
    "depreciationAndAmortization": 22000000,
    "ebitda": 385000000,
    "ebitdaratio": 0.3719806763,
    "operatingIncome": 280000000,
    "operatingIncomeRatio": 0.270531401,
    "totalOtherIncomeExpensesNet": 52000000,
    "incomeBeforeTax": 332000000,
    "incomeBeforeTaxRatio": 0.3207729469,
    "incomeTaxExpense": 62000000,
    "netIncome": 270000000,
    "netIncomeRatio": 0.2608695652,
    "eps": 0.57,
    "epsdiluted": 0.57,
    "weightedAverageShsOut": 472660000,
    "weightedAverageShsOutDil": 472886000,
    "link": "https://www.sec.gov/Archives/edgar/data/14693/000001469325000018/0000014693-25-000018-index.htm",
    "finalLink": "https://www.sec.gov/Archives/edgar/data/14693/000001469325000018/bfb-20250131.htm"
  },
  {
    "date": "2024-10-31",
    "symbol": "BF-B",
    "reportedCurrency": "USD",
    "cik": "0000014693",
    "fillingDate": "2024-12-05",
    "acceptedDate": "2024-12-05 16:02:46",
    "calendarYear": "2025",
    "period": "Q2",
    "revenue": 1095000000,
    "costOfRevenue": 449000000,
    "grossProfit": 646000000,
    "grossProfitRatio": 0.5899543379,
    "researchAndDevelopmentExpenses": 0,
    "generalAndAdministrativeExpenses": 187000000,
    "sellingAndMarketingExpenses": 126000000,
    "sellingGeneralAndAdministrativeExpenses": 313000000,
    "otherExpenses": -8000000,
    "operatingExpenses": 305000000,
    "costAndExpenses": 754000000,
    "interestIncome": 3000000,
    "interestExpense": 32000000,
    "depreciationAndAmortization": 22000000,
    "ebitda": 367000000,
    "ebitdaratio": 0.3351598174,
    "operatingIncome": 341000000,
    "operatingIncomeRatio": 0.3114155251,
    "totalOtherIncomeExpensesNet": -28000000,
    "incomeBeforeTax": 313000000,
    "incomeBeforeTaxRatio": 0.2858447489,
    "incomeTaxExpense": 55000000,
    "netIncome": 258000000,
    "netIncomeRatio": 0.2356164384,
    "eps": 0.55,
    "epsdiluted": 0.55,
    "weightedAverageShsOut": 472660000,
    "weightedAverageShsOutDil": 473057000,
    "link": "https://www.sec.gov/Archives/edgar/data/14693/000001469324000175/0000014693-24-000175-index.htm",
    "finalLink": "https://www.sec.gov/Archives/edgar/data/14693/000001469324000175/bfb-20241031.htm"
  },
  {
    "date": "2024-07-31",
    "symbol": "BF-B",
    "reportedCurrency": "USD",
    "cik": "0000014693",
    "fillingDate": "2024-08-29",
    "acceptedDate": "2024-08-29 16:14:57",
    "calendarYear": "2025",
    "period": "Q1",
    "revenue": 951000000,
    "costOfRevenue": 386000000,
    "grossProfit": 565000000,
    "grossProfitRatio": 0.5941114616,
    "researchAndDevelopmentExpenses": 0,
    "generalAndAdministrativeExpenses": 188000000,
    "sellingAndMarketingExpenses": 126000000,
    "sellingGeneralAndAdministrativeExpenses": 314000000,
    "otherExpenses": -30000000,
    "operatingExpenses": 284000000,
    "costAndExpenses": 670000000,
    "interestIncome": 4000000,
    "interestExpense": 32000000,
    "depreciationAndAmortization": 22000000,
    "ebitda": 307000000,
    "ebitdaratio": 0.3228180862,
    "operatingIncome": 281000000,
    "operatingIncomeRatio": 0.2954784437,
    "totalOtherIncomeExpensesNet": -28000000,
    "incomeBeforeTax": 253000000,
    "incomeBeforeTaxRatio": 0.2660357518,
    "incomeTaxExpense": 58000000,
    "netIncome": 195000000,
    "netIncomeRatio": 0.2050473186,
    "eps": 0.41,
    "epsdiluted": 0.41,
    "weightedAverageShsOut": 472637000,
    "weightedAverageShsOutDil": 472941000,
    "link": "https://www.sec.gov/Archives/edgar/data/14693/000001469324000156/0000014693-24-000156-index.htm",
    "finalLink": "https://www.sec.gov/Archives/edgar/data/14693/000001469324000156/bfb-20240731.htm"
  },
  {
    "date": "2024-04-30",
    "symbol": "BF-B",
    "reportedCurrency": "USD",
    "cik": "0000014693",
    "fillingDate": "2024-06-14",
    "acceptedDate": "2024-06-14 16:01:37",
    "calendarYear": "2024",
    "period": "Q4",
    "revenue": 964000000,
    "costOfRevenue": 395000000,
    "grossProfit": 569000000,
    "grossProfitRatio": 0.5902489627,
    "researchAndDevelopmentExpenses": 0,
    "generalAndAdministrativeExpenses": 231000000,
    "sellingAndMarketingExpenses": 115000000,
    "sellingGeneralAndAdministrativeExpenses": 346000000,
    "otherExpenses": -152000000,
    "operatingExpenses": 194000000,
    "costAndExpenses": 589000000,
    "interestIncome": 7000000,
    "interestExpense": 34000000,
    "depreciationAndAmortization": 21000000,
    "ebitda": 402000000,
    "ebitdaratio": 0.4170124481,
    "operatingIncome": 375000000,
    "operatingIncomeRatio": 0.3890041494,
    "totalOtherIncomeExpensesNet": -28000000,
    "incomeBeforeTax": 347000000,
    "incomeBeforeTaxRatio": 0.3599585062,
    "incomeTaxExpense": 81000000,
    "netIncome": 266000000,
    "netIncomeRatio": 0.27593361,
    "eps": 0.56,
    "epsdiluted": 0.56,
    "weightedAverageShsOut": 475600000,
    "weightedAverageShsOutDil": 476393000,
    "link": "https://www.sec.gov/Archives/edgar/data/14693/000001469324000086/0000014693-24-000086-index.htm",
    "finalLink": "https://www.sec.gov/Archives/edgar/data/14693/000001469324000086/bfb-20240430.htm"
  },
  {
    "date": "2024-01-31",
    "symbol": "BF-B",
    "reportedCurrency": "USD",
    "cik": "0000014693",
    "fillingDate": "2024-03-06",
    "acceptedDate": "2024-03-06 16:59:56",
    "calendarYear": "2024",
    "period": "Q3",
    "revenue": 1069000000,
    "costOfRevenue": 434000000,
    "grossProfit": 635000000,
    "grossProfitRatio": 0.5940130964,
    "researchAndDevelopmentExpenses": 0,
    "generalAndAdministrativeExpenses": 203000000,
    "sellingAndMarketingExpenses": 143000000,
    "sellingGeneralAndAdministrativeExpenses": 346000000,
    "otherExpenses": -84000000,
    "operatingExpenses": 262000000,
    "costAndExpenses": 696000000,
    "interestIncome": 3000000,
    "interestExpense": 33000000,
    "depreciationAndAmortization": 25000000,
    "ebitda": 400000000,
    "ebitdaratio": 0.374181478,
    "operatingIncome": 373000000,
    "operatingIncomeRatio": 0.3489242283,
    "totalOtherIncomeExpensesNet": -31000000,
    "incomeBeforeTax": 342000000,
    "incomeBeforeTaxRatio": 0.3199251637,
    "incomeTaxExpense": 57000000,
    "netIncome": 285000000,
    "netIncomeRatio": 0.2666043031,
    "eps": 0.6,
    "epsdiluted": 0.6,
    "weightedAverageShsOut": 474806000,
    "weightedAverageShsOutDil": 475566000,
    "link": "https://www.sec.gov/Archives/edgar/data/14693/000001469324000016/0000014693-24-000016-index.htm",
    "finalLink": "https://www.sec.gov/Archives/edgar/data/14693/000001469324000016/bfb-20240131.htm"
  },
  {
    "date": "2023-10-31",
    "symbol": "BF-B",
    "reportedCurrency": "USD",
    "cik": "0000014693",
    "fillingDate": "2023-12-06",
    "acceptedDate": "2023-12-06 16:20:51",
    "calendarYear": "2024",
    "period": "Q2",
    "revenue": 1107000000,
    "costOfRevenue": 436000000,
    "grossProfit": 671000000,
    "grossProfitRatio": 0.6061427281,
    "researchAndDevelopmentExpenses": 0,
    "generalAndAdministrativeExpenses": 192000000,
    "sellingAndMarketingExpenses": 140000000,
    "sellingGeneralAndAdministrativeExpenses": 332000000,
    "otherExpenses": 0,
    "operatingExpenses": 332000000,
    "costAndExpenses": 768000000,
    "interestIncome": 2000000,
    "interestExpense": 31000000,
    "depreciationAndAmortization": 20000000,
    "ebitda": 361000000,
    "ebitdaratio": 0.3261065944,
    "operatingIncome": 339000000,
    "operatingIncomeRatio": 0.3062330623,
    "totalOtherIncomeExpensesNet": -29000000,
    "incomeBeforeTax": 310000000,
    "incomeBeforeTaxRatio": 0.2800361337,
    "incomeTaxExpense": 68000000,
    "netIncome": 242000000,
    "netIncomeRatio": 0.2186088528,
    "eps": 0.51,
    "epsdiluted": 0.5,
    "weightedAverageShsOut": 479200000,
    "weightedAverageShsOutDil": 480115000,
    "link": "https://www.sec.gov/Archives/edgar/data/14693/000001469323000165/0000014693-23-000165-index.htm",
    "finalLink": "https://www.sec.gov/Archives/edgar/data/14693/000001469323000165/bfb-20231031.htm"
  },
  {
    "date": "2023-07-31",
    "symbol": "BF-B",
    "reportedCurrency": "USD",
    "cik": "0000014693",
    "fillingDate": "2023-08-30",
    "acceptedDate": "2023-08-30 16:31:47",
    "calendarYear": "2024",
    "period": "Q1",
    "revenue": 1038000000,
    "costOfRevenue": 387000000,
    "grossProfit": 651000000,
    "grossProfitRatio": 0.6271676301,
    "researchAndDevelopmentExpenses": 0,
    "generalAndAdministrativeExpenses": 200000000,
    "sellingAndMarketingExpenses": 131000000,
    "sellingGeneralAndAdministrativeExpenses": 331000000,
    "otherExpenses": -7000000,
    "operatingExpenses": 324000000,
    "costAndExpenses": 711000000,
    "interestIncome": 2000000,
    "interestExpense": 29000000,
    "depreciationAndAmortization": 21000000,
    "ebitda": 349000000,
    "ebitdaratio": 0.3362235067,
    "operatingIncome": 327000000,
    "operatingIncomeRatio": 0.3150289017,
    "totalOtherIncomeExpensesNet": -28000000,
    "incomeBeforeTax": 299000000,
    "incomeBeforeTaxRatio": 0.2880539499,
    "incomeTaxExpense": 68000000,
    "netIncome": 231000000,
    "netIncomeRatio": 0.2225433526,
    "eps": 0.48,
    "epsdiluted": 0.48,
    "weightedAverageShsOut": 479353000,
    "weightedAverageShsOutDil": 480383000,
    "link": "https://www.sec.gov/Archives/edgar/data/14693/000001469323000153/0000014693-23-000153-index.htm",
    "finalLink": "https://www.sec.gov/Archives/edgar/data/14693/000001469323000153/bfb-20230731.htm"
  },
  {
    "date": "2023-04-30",
    "symbol": "BF-B",
    "reportedCurrency": "USD",
    "cik": "0000014693",
    "fillingDate": "2023-06-16",
    "acceptedDate": "2023-06-16 16:03:20",
    "calendarYear": "2023",
    "period": "Q4",
    "revenue": 1046000000,
    "costOfRevenue": 411000000,
    "grossProfit": 635000000,
    "grossProfitRatio": 0.6070745698,
    "researchAndDevelopmentExpenses": 0,
    "generalAndAdministrativeExpenses": 201000000,
    "sellingAndMarketingExpenses": 134000000,
    "sellingGeneralAndAdministrativeExpenses": 335000000,
    "otherExpenses": 2000000,
    "operatingExpenses": 337000000,
    "costAndExpenses": 748000000,
    "interestIncome": 2000000,
    "interestExpense": 29000000,
    "depreciationAndAmortization": 21000000,
    "ebitda": 319000000,
    "ebitdaratio": 0.3049713193,
    "operatingIncome": 298000000,
    "operatingIncomeRatio": 0.2848948375,
    "totalOtherIncomeExpensesNet": -29000000,
    "incomeBeforeTax": 269000000,
    "incomeBeforeTaxRatio": 0.2571701721,
    "incomeTaxExpense": 62000000,
    "netIncome": 207000000,
    "netIncomeRatio": 0.1978967495,
    "eps": 0.43,
    "epsdiluted": 0.43,
    "weightedAverageShsOut": 479243000,
    "weightedAverageShsOutDil": 480397000,
    "link": "https://www.sec.gov/Archives/edgar/data/14693/000001469323000074/0000014693-23-000074-index.htm",
    "finalLink": "https://www.sec.gov/Archives/edgar/data/14693/000001469323000074/bfb-20230430.htm"
  },
  {
    "date": "2023-01-31",
    "symbol": "BF-B",
    "reportedCurrency": "USD",
    "cik": "0000014693",
    "fillingDate": "2023-03-08",
    "acceptedDate": "2023-03-08 16:28:00",
    "calendarYear": "2023",
    "period": "Q3",
    "revenue": 1081000000,
    "costOfRevenue": 457000000,
    "grossProfit": 624000000,
    "grossProfitRatio": 0.5772432932,
    "researchAndDevelopmentExpenses": 0,
    "generalAndAdministrativeExpenses": 186000000,
    "sellingAndMarketingExpenses": 141000000,
    "sellingGeneralAndAdministrativeExpenses": 327000000,
    "otherExpenses": 124000000,
    "operatingExpenses": 451000000,
    "costAndExpenses": 908000000,
    "interestIncome": 2000000,
    "interestExpense": 24000000,
    "depreciationAndAmortization": 20000000,
    "ebitda": 168000000,
    "ebitdaratio": 0.1554116559,
    "operatingIncome": 173000000,
    "operatingIncomeRatio": 0.1600370028,
    "totalOtherIncomeExpensesNet": -49000000,
    "incomeBeforeTax": 124000000,
    "incomeBeforeTaxRatio": 0.1147086031,
    "incomeTaxExpense": 24000000,
    "netIncome": 100000000,
    "netIncomeRatio": 0.092506938,
    "eps": 0.21,
    "epsdiluted": 0.21,
    "weightedAverageShsOut": 479152000,
    "weightedAverageShsOutDil": 480460000,
    "link": "https://www.sec.gov/Archives/edgar/data/14693/000001469323000024/0000014693-23-000024-index.htm",
    "finalLink": "https://www.sec.gov/Archives/edgar/data/14693/000001469323000024/bfb-20230131.htm"
  },
  {
    "date": "2022-10-31",
    "symbol": "BF-B",
    "reportedCurrency": "USD",
    "cik": "0000014693",
    "fillingDate": "2022-12-07",
    "acceptedDate": "2022-12-07 16:33:49",
    "calendarYear": "2023",
    "period": "Q2",
    "revenue": 1094000000,
    "costOfRevenue": 481000000,
    "grossProfit": 613000000,
    "grossProfitRatio": 0.5603290676,
    "researchAndDevelopmentExpenses": 0,
    "generalAndAdministrativeExpenses": 180000000,
    "sellingAndMarketingExpenses": 121000000,
    "sellingGeneralAndAdministrativeExpenses": 301000000,
    "otherExpenses": -1000000,
    "operatingExpenses": 300000000,
    "costAndExpenses": 781000000,
    "interestIncome": 3000000,
    "interestExpense": 18000000,
    "depreciationAndAmortization": 19000000,
    "ebitda": 335000000,
    "ebitdaratio": 0.3062157221,
    "operatingIncome": 313000000,
    "operatingIncomeRatio": 0.2861060329,
    "totalOtherIncomeExpensesNet": -15000000,
    "incomeBeforeTax": 298000000,
    "incomeBeforeTaxRatio": 0.2723948812,
    "incomeTaxExpense": 71000000,
    "netIncome": 227000000,
    "netIncomeRatio": 0.2074954296,
    "eps": 0.47,
    "epsdiluted": 0.47,
    "weightedAverageShsOut": 479138000,
    "weightedAverageShsOutDil": 480549000,
    "link": "https://www.sec.gov/Archives/edgar/data/14693/000001469322000151/0000014693-22-000151-index.htm",
    "finalLink": "https://www.sec.gov/Archives/edgar/data/14693/000001469322000151/bfb-20221031.htm"
  },
  {
    "date": "2022-07-31",
    "symbol": "BF-B",
    "reportedCurrency": "USD",
    "cik": "0000014693",
    "fillingDate": "2022-08-31",
    "acceptedDate": "2022-08-31 16:31:24",
    "calendarYear": "2023",
    "period": "Q1",
    "revenue": 1007000000,
    "costOfRevenue": 385000000,
    "grossProfit": 622000000,
    "grossProfitRatio": 0.6176762661,
    "researchAndDevelopmentExpenses": 0,
    "generalAndAdministrativeExpenses": 175000000,
    "sellingAndMarketingExpenses": 110000000,
    "sellingGeneralAndAdministrativeExpenses": 285000000,
    "otherExpenses": -6000000,
    "operatingExpenses": 279000000,
    "costAndExpenses": 664000000,
    "interestIncome": 2000000,
    "interestExpense": 19000000,
    "depreciationAndAmortization": 20000000,
    "ebitda": 365000000,
    "ebitdaratio": 0.3624627607,
    "operatingIncome": 343000000,
    "operatingIncomeRatio": 0.3406156902,
    "totalOtherIncomeExpensesNet": -17000000,
    "incomeBeforeTax": 326000000,
    "incomeBeforeTaxRatio": 0.323733863,
    "incomeTaxExpense": 77000000,
    "netIncome": 249000000,
    "netIncomeRatio": 0.2472691162,
    "eps": 0.52,
    "epsdiluted": 0.52,
    "weightedAverageShsOut": 479079000,
    "weightedAverageShsOutDil": 480444000,
    "link": "https://www.sec.gov/Archives/edgar/data/14693/000001469322000125/0000014693-22-000125-index.htm",
    "finalLink": "https://www.sec.gov/Archives/edgar/data/14693/000001469322000125/bfb-20220731.htm"
  },
  {
    "date": "2022-04-30",
    "symbol": "BF-B",
    "reportedCurrency": "USD",
    "cik": "0000014693",
    "fillingDate": "2022-06-17",
    "acceptedDate": "2022-06-17 12:47:26",
    "calendarYear": "2022",
    "period": "Q4",
    "revenue": 996000000,
    "costOfRevenue": 370000000,
    "grossProfit": 626000000,
    "grossProfitRatio": 0.6285140562,
    "researchAndDevelopmentExpenses": 0,
    "generalAndAdministrativeExpenses": 195000000,
    "sellingAndMarketingExpenses": 127000000,
    "sellingGeneralAndAdministrativeExpenses": 322000000,
    "otherExpenses": 58000000,
    "operatingExpenses": 380000000,
    "costAndExpenses": 750000000,
    "interestIncome": 2000000,
    "interestExpense": 21000000,
    "depreciationAndAmortization": 19000000,
    "ebitda": 256000000,
    "ebitdaratio": 0.2570281124,
    "operatingIncome": 246000000,
    "operatingIncomeRatio": 0.2469879518,
    "totalOtherIncomeExpensesNet": -30000000,
    "incomeBeforeTax": 216000000,
    "incomeBeforeTaxRatio": 0.2168674699,
    "incomeTaxExpense": 65000000,
    "netIncome": 151000000,
    "netIncomeRatio": 0.1516064257,
    "eps": 0.32,
    "epsdiluted": 0.31,
    "weightedAverageShsOut": 478984000,
    "weightedAverageShsOutDil": 480456000,
    "link": "https://www.sec.gov/Archives/edgar/data/14693/000001469322000069/0000014693-22-000069-index.htm",
    "finalLink": "https://www.sec.gov/Archives/edgar/data/14693/000001469322000069/bfb-20220430.htm"
  },
  {
    "date": "2022-01-31",
    "symbol": "BF-B",
    "reportedCurrency": "USD",
    "cik": "0000014693",
    "fillingDate": "2022-03-03",
    "acceptedDate": "2022-03-03 16:17:50",
    "calendarYear": "2022",
    "period": "Q3",
    "revenue": 1037000000,
    "costOfRevenue": 415000000,
    "grossProfit": 622000000,
    "grossProfitRatio": 0.599807136,
    "researchAndDevelopmentExpenses": 0,
    "generalAndAdministrativeExpenses": 162000000,
    "sellingAndMarketingExpenses": 117000000,
    "sellingGeneralAndAdministrativeExpenses": 279000000,
    "otherExpenses": -4000000,
    "operatingExpenses": 275000000,
    "costAndExpenses": 690000000,
    "interestIncome": 1000000,
    "interestExpense": 20000000,
    "depreciationAndAmortization": 20000000,
    "ebitda": 368000000,
    "ebitdaratio": 0.3548698168,
    "operatingIncome": 347000000,
    "operatingIncomeRatio": 0.3346190935,
    "totalOtherIncomeExpensesNet": -19000000,
    "incomeBeforeTax": 328000000,
    "incomeBeforeTaxRatio": 0.3162970106,
    "incomeTaxExpense": 69000000,
    "netIncome": 259000000,
    "netIncomeRatio": 0.24975892,
    "eps": 0.54,
    "epsdiluted": 0.54,
    "weightedAverageShsOut": 478887000,
    "weightedAverageShsOutDil": 480567000,
    "link": "https://www.sec.gov/Archives/edgar/data/14693/000001469322000022/0000014693-22-000022-index.htm",
    "finalLink": "https://www.sec.gov/Archives/edgar/data/14693/000001469322000022/bfb-20220131.htm"
  },
  {
    "date": "2021-10-31",
    "symbol": "BF-B",
    "reportedCurrency": "USD",
    "cik": "0000014693",
    "fillingDate": "2021-12-08",
    "acceptedDate": "2021-12-08 16:42:57",
    "calendarYear": "2022",
    "period": "Q2",
    "revenue": 994000000,
    "costOfRevenue": 404000000,
    "grossProfit": 590000000,
    "grossProfitRatio": 0.5935613682,
    "researchAndDevelopmentExpenses": 0,
    "generalAndAdministrativeExpenses": 165000000,
    "sellingAndMarketingExpenses": 104000000,
    "sellingGeneralAndAdministrativeExpenses": 269000000,
    "otherExpenses": -1000000,
    "operatingExpenses": 268000000,
    "costAndExpenses": 672000000,
    "interestIncome": 1000000,
    "interestExpense": 20000000,
    "depreciationAndAmortization": 21000000,
    "ebitda": 342000000,
    "ebitdaratio": 0.3440643863,
    "operatingIncome": 322000000,
    "operatingIncomeRatio": 0.323943662,
    "totalOtherIncomeExpensesNet": -21000000,
    "incomeBeforeTax": 301000000,
    "incomeBeforeTaxRatio": 0.3028169014,
    "incomeTaxExpense": 65000000,
    "netIncome": 236000000,
    "netIncomeRatio": 0.2374245473,
    "eps": 0.49,
    "epsdiluted": 0.49,
    "weightedAverageShsOut": 478857000,
    "weightedAverageShsOutDil": 480518000,
    "link": "https://www.sec.gov/Archives/edgar/data/14693/000001469321000179/0000014693-21-000179-index.htm",
    "finalLink": "https://www.sec.gov/Archives/edgar/data/14693/000001469321000179/bfb-20211031.htm"
  },
  {
    "date": "2021-07-31",
    "symbol": "BF-B",
    "reportedCurrency": "USD",
    "cik": "0000014693",
    "fillingDate": "2021-09-01",
    "acceptedDate": "2021-09-01 16:11:45",
    "calendarYear": "2022",
    "period": "Q1",
    "revenue": 906000000,
    "costOfRevenue": 353000000,
    "grossProfit": 553000000,
    "grossProfitRatio": 0.6103752759,
    "researchAndDevelopmentExpenses": 0,
    "generalAndAdministrativeExpenses": 168000000,
    "sellingAndMarketingExpenses": 90000000,
    "sellingGeneralAndAdministrativeExpenses": 258000000,
    "otherExpenses": 6000000,
    "operatingExpenses": 264000000,
    "costAndExpenses": 617000000,
    "interestIncome": 1000000,
    "interestExpense": 21000000,
    "depreciationAndAmortization": 19000000,
    "ebitda": 309000000,
    "ebitdaratio": 0.3410596026,
    "operatingIncome": 289000000,
    "operatingIncomeRatio": 0.3189845475,
    "totalOtherIncomeExpensesNet": -20000000,
    "incomeBeforeTax": 269000000,
    "incomeBeforeTaxRatio": 0.2969094923,
    "incomeTaxExpense": 77000000,
    "netIncome": 192000000,
    "netIncomeRatio": 0.2119205298,
    "eps": 0.4,
    "epsdiluted": 0.4,
    "weightedAverageShsOut": 478793000,
    "weightedAverageShsOutDil": 480718000,
    "link": "https://www.sec.gov/Archives/edgar/data/14693/000001469321000158/0000014693-21-000158-index.htm",
    "finalLink": "https://www.sec.gov/Archives/edgar/data/14693/000001469321000158/bfb-20210731.htm"
  },
  {
    "date": "2021-04-30",
    "symbol": "BF-B",
    "reportedCurrency": "USD",
    "cik": "0000014693",
    "fillingDate": "2021-06-21",
    "acceptedDate": "2021-06-21 09:21:56",
    "calendarYear": "2021",
    "period": "Q4",
    "revenue": 812000000,
    "costOfRevenue": 314000000,
    "grossProfit": 498000000,
    "grossProfitRatio": 0.6133004926,
    "researchAndDevelopmentExpenses": 0,
    "generalAndAdministrativeExpenses": 211000000,
    "sellingAndMarketingExpenses": 121000000,
    "sellingGeneralAndAdministrativeExpenses": 332000000,
    "otherExpenses": -2000000,
    "operatingExpenses": 330000000,
    "costAndExpenses": 644000000,
    "interestIncome": 1000000,
    "interestExpense": 20000000,
    "depreciationAndAmortization": 19000000,
    "ebitda": 186000000,
    "ebitdaratio": 0.2290640394,
    "operatingIncome": 168000000,
    "operatingIncomeRatio": 0.2068965517,
    "totalOtherIncomeExpensesNet": -21000000,
    "incomeBeforeTax": 147000000,
    "incomeBeforeTaxRatio": 0.1810344828,
    "incomeTaxExpense": 27000000,
    "netIncome": 120000000,
    "netIncomeRatio": 0.1477832512,
    "eps": 0.25,
    "epsdiluted": 0.25,
    "weightedAverageShsOut": 478696000,
    "weightedAverageShsOutDil": 480713000,
    "link": "https://www.sec.gov/Archives/edgar/data/14693/000001469321000091/0000014693-21-000091-index.htm",
    "finalLink": "https://www.sec.gov/Archives/edgar/data/14693/000001469321000091/bfb-20210430.htm"
  },
  {
    "date": "2021-01-31",
    "symbol": "BF-B",
    "reportedCurrency": "USD",
    "cik": "0000014693",
    "fillingDate": "2021-03-03",
    "acceptedDate": "2021-03-03 16:03:14",
    "calendarYear": "2021",
    "period": "Q3",
    "revenue": 911000000,
    "costOfRevenue": 361000000,
    "grossProfit": 550000000,
    "grossProfitRatio": 0.6037321625,
    "researchAndDevelopmentExpenses": 0,
    "generalAndAdministrativeExpenses": 157000000,
    "sellingAndMarketingExpenses": 121000000,
    "sellingGeneralAndAdministrativeExpenses": 278000000,
    "otherExpenses": -9000000,
    "operatingExpenses": 269000000,
    "costAndExpenses": 630000000,
    "interestIncome": 0,
    "interestExpense": 21000000,
    "depreciationAndAmortization": 19000000,
    "ebitda": 299000000,
    "ebitdaratio": 0.3282107574,
    "operatingIncome": 281000000,
    "operatingIncomeRatio": 0.3084522503,
    "totalOtherIncomeExpensesNet": -22000000,
    "incomeBeforeTax": 259000000,
    "incomeBeforeTaxRatio": 0.2843029638,
    "incomeTaxExpense": 40000000,
    "netIncome": 219000000,
    "netIncomeRatio": 0.2403951701,
    "eps": 0.46,
    "epsdiluted": 0.45,
    "weightedAverageShsOut": 478599000,
    "weightedAverageShsOutDil": 480836000,
    "link": "https://www.sec.gov/Archives/edgar/data/14693/000001469321000019/0000014693-21-000019-index.htm",
    "finalLink": "https://www.sec.gov/Archives/edgar/data/14693/000001469321000019/bfb-20210131.htm"
  },
  {
    "date": "2020-10-31",
    "symbol": "BF-B",
    "reportedCurrency": "USD",
    "cik": "0000014693",
    "fillingDate": "2020-12-08",
    "acceptedDate": "2020-12-08 16:38:53",
    "calendarYear": "2021",
    "period": "Q2",
    "revenue": 985000000,
    "costOfRevenue": 404000000,
    "grossProfit": 581000000,
    "grossProfitRatio": 0.5898477157,
    "researchAndDevelopmentExpenses": 0,
    "generalAndAdministrativeExpenses": 155000000,
    "sellingAndMarketingExpenses": 95000000,
    "sellingGeneralAndAdministrativeExpenses": 250000000,
    "otherExpenses": 1000000,
    "operatingExpenses": 251000000,
    "costAndExpenses": 655000000,
    "interestIncome": 1000000,
    "interestExpense": 20000000,
    "depreciationAndAmortization": 20000000,
    "ebitda": 349000000,
    "ebitdaratio": 0.3543147208,
    "operatingIncome": 330000000,
    "operatingIncomeRatio": 0.3350253807,
    "totalOtherIncomeExpensesNet": -21000000,
    "incomeBeforeTax": 309000000,
    "incomeBeforeTaxRatio": 0.3137055838,
    "incomeTaxExpense": 69000000,
    "netIncome": 240000000,
    "netIncomeRatio": 0.2436548223,
    "eps": 0.5,
    "epsdiluted": 0.5,
    "weightedAverageShsOut": 478506000,
    "weightedAverageShsOutDil": 480748000,
    "link": "https://www.sec.gov/Archives/edgar/data/14693/000001469320000162/0000014693-20-000162-index.htm",
    "finalLink": "https://www.sec.gov/Archives/edgar/data/14693/000001469320000162/bfb-20201031.htm"
  },
  {
    "date": "2020-07-31",
    "symbol": "BF-B",
    "reportedCurrency": "USD",
    "cik": "0000014693",
    "fillingDate": "2020-09-02",
    "acceptedDate": "2020-09-02 16:02:48",
    "calendarYear": "2021",
    "period": "Q1",
    "revenue": 753000000,
    "costOfRevenue": 288000000,
    "grossProfit": 465000000,
    "grossProfitRatio": 0.6175298805,
    "researchAndDevelopmentExpenses": 0,
    "generalAndAdministrativeExpenses": 148000000,
    "sellingAndMarketingExpenses": 62000000,
    "sellingGeneralAndAdministrativeExpenses": 210000000,
    "otherExpenses": -132000000,
    "operatingExpenses": 78000000,
    "costAndExpenses": 366000000,
    "interestIncome": 0,
    "interestExpense": 20000000,
    "depreciationAndAmortization": 19000000,
    "ebitda": 405000000,
    "ebitdaratio": 0.5378486056,
    "operatingIncome": 387000000,
    "operatingIncomeRatio": 0.5139442231,
    "totalOtherIncomeExpensesNet": -21000000,
    "incomeBeforeTax": 366000000,
    "incomeBeforeTaxRatio": 0.4860557769,
    "incomeTaxExpense": 42000000,
    "netIncome": 324000000,
    "netIncomeRatio": 0.4302788845,
    "eps": 0.68,
    "epsdiluted": 0.67,
    "weightedAverageShsOut": 478327000,
    "weightedAverageShsOutDil": 480429000,
    "link": "https://www.sec.gov/Archives/edgar/data/14693/000001469320000137/0000014693-20-000137-index.htm",
    "finalLink": "https://www.sec.gov/Archives/edgar/data/14693/000001469320000137/bfb-7312020x10qjulyxcl.htm"
  },
  {
    "date": "2020-04-30",
    "symbol": "BF-B",
    "reportedCurrency": "USD",
    "cik": "0000014693",
    "fillingDate": "2020-06-19",
    "acceptedDate": "2020-06-19 17:20:14",
    "calendarYear": "2020",
    "period": "Q4",
    "revenue": 709000000,
    "costOfRevenue": 256000000,
    "grossProfit": 453000000,
    "grossProfitRatio": 0.6389280677,
    "researchAndDevelopmentExpenses": 0,
    "generalAndAdministrativeExpenses": 167000000,
    "sellingAndMarketingExpenses": 75000000,
    "sellingGeneralAndAdministrativeExpenses": 242000000,
    "otherExpenses": 24000000,
    "operatingExpenses": 266000000,
    "costAndExpenses": 522000000,
    "interestIncome": 1000000,
    "interestExpense": 20000000,
    "depreciationAndAmortization": 19000000,
    "ebitda": 205000000,
    "ebitdaratio": 0.2891396333,
    "operatingIncome": 187000000,
    "operatingIncomeRatio": 0.263751763,
    "totalOtherIncomeExpensesNet": -21000000,
    "incomeBeforeTax": 166000000,
    "incomeBeforeTaxRatio": 0.2341325811,
    "incomeTaxExpense": 38000000,
    "netIncome": 128000000,
    "netIncomeRatio": 0.1805359661,
    "eps": 0.27,
    "epsdiluted": 0.27,
    "weightedAverageShsOut": 478148000,
    "weightedAverageShsOutDil": 480342000,
    "link": "https://www.sec.gov/Archives/edgar/data/14693/000001469320000066/0000014693-20-000066-index.htm",
    "finalLink": "https://www.sec.gov/Archives/edgar/data/14693/000001469320000066/bfb-2020430x10kapril.htm"
  },
  {
    "date": "2020-01-31",
    "symbol": "BF-B",
    "reportedCurrency": "USD",
    "cik": "0000014693",
    "fillingDate": "2020-03-04",
    "acceptedDate": "2020-03-04 16:37:12",
    "calendarYear": "2020",
    "period": "Q3",
    "revenue": 899000000,
    "costOfRevenue": 342000000,
    "grossProfit": 557000000,
    "grossProfitRatio": 0.6195773081,
    "researchAndDevelopmentExpenses": 0,
    "generalAndAdministrativeExpenses": 153000000,
    "sellingAndMarketingExpenses": 104000000,
    "sellingGeneralAndAdministrativeExpenses": 257000000,
    "otherExpenses": -4000000,
    "operatingExpenses": 253000000,
    "costAndExpenses": 595000000,
    "interestIncome": 1000000,
    "interestExpense": 20000000,
    "depreciationAndAmortization": 19000000,
    "ebitda": 323000000,
    "ebitdaratio": 0.3592880979,
    "operatingIncome": 304000000,
    "operatingIncomeRatio": 0.3381535039,
    "totalOtherIncomeExpensesNet": -20000000,
    "incomeBeforeTax": 284000000,
    "incomeBeforeTaxRatio": 0.3159065628,
    "incomeTaxExpense": 53000000,
    "netIncome": 231000000,
    "netIncomeRatio": 0.2569521691,
    "eps": 0.48,
    "epsdiluted": 0.48,
    "weightedAverageShsOut": 477898000,
    "weightedAverageShsOutDil": 480757000,
    "link": "https://www.sec.gov/Archives/edgar/data/14693/000001469320000019/0000014693-20-000019-index.htm",
    "finalLink": "https://www.sec.gov/Archives/edgar/data/14693/000001469320000019/bfb-1312020x10qjanuary.htm"
  },
  {
    "date": "2019-10-31",
    "symbol": "BF-B",
    "reportedCurrency": "USD",
    "cik": "0000014693",
    "fillingDate": "2019-12-05",
    "acceptedDate": "2019-12-05 14:10:54",
    "calendarYear": "2020",
    "period": "Q2",
    "revenue": 989000000,
    "costOfRevenue": 370000000,
    "grossProfit": 619000000,
    "grossProfitRatio": 0.6258847321,
    "researchAndDevelopmentExpenses": 0,
    "generalAndAdministrativeExpenses": 158000000,
    "sellingAndMarketingExpenses": 112000000,
    "sellingGeneralAndAdministrativeExpenses": 270000000,
    "otherExpenses": -3000000,
    "operatingExpenses": 267000000,
    "costAndExpenses": 637000000,
    "interestIncome": 1000000,
    "interestExpense": 21000000,
    "depreciationAndAmortization": 18000000,
    "ebitda": 370000000,
    "ebitdaratio": 0.3741152679,
    "operatingIncome": 352000000,
    "operatingIncomeRatio": 0.3559150657,
    "totalOtherIncomeExpensesNet": -21000000,
    "incomeBeforeTax": 331000000,
    "incomeBeforeTaxRatio": 0.3346814965,
    "incomeTaxExpense": 49000000,
    "netIncome": 282000000,
    "netIncomeRatio": 0.2851365015,
    "eps": 0.59,
    "epsdiluted": 0.59,
    "weightedAverageShsOut": 477680000,
    "weightedAverageShsOutDil": 480481000,
    "link": "https://www.sec.gov/Archives/edgar/data/14693/000001469319000188/0000014693-19-000188-index.htm",
    "finalLink": "https://www.sec.gov/Archives/edgar/data/14693/000001469319000188/bfb-10312019x10qoctober.htm"
  },
  {
    "date": "2019-07-31",
    "symbol": "BF-B",
    "reportedCurrency": "USD",
    "cik": "0000014693",
    "fillingDate": "2019-08-28",
    "acceptedDate": "2019-08-28 15:29:50",
    "calendarYear": "2020",
    "period": "Q1",
    "revenue": 766000000,
    "costOfRevenue": 268000000,
    "grossProfit": 498000000,
    "grossProfitRatio": 0.6501305483,
    "researchAndDevelopmentExpenses": 0,
    "generalAndAdministrativeExpenses": 164000000,
    "sellingAndMarketingExpenses": 92000000,
    "sellingGeneralAndAdministrativeExpenses": 256000000,
    "otherExpenses": -6000000,
    "operatingExpenses": 250000000,
    "costAndExpenses": 518000000,
    "interestIncome": 2000000,
    "interestExpense": 21000000,
    "depreciationAndAmortization": 18000000,
    "ebitda": 267000000,
    "ebitdaratio": 0.3485639687,
    "operatingIncome": 248000000,
    "operatingIncomeRatio": 0.3237597911,
    "totalOtherIncomeExpensesNet": -20000000,
    "incomeBeforeTax": 228000000,
    "incomeBeforeTaxRatio": 0.2976501305,
    "incomeTaxExpense": 42000000,
    "netIncome": 186000000,
    "netIncomeRatio": 0.2428198433,
    "eps": 0.39,
    "epsdiluted": 0.39,
    "weightedAverageShsOut": 477369000,
    "weightedAverageShsOutDil": 480088000,
    "link": "https://www.sec.gov/Archives/edgar/data/14693/000001469319000164/0000014693-19-000164-index.htm",
    "finalLink": "https://www.sec.gov/Archives/edgar/data/14693/000001469319000164/bfb-7312019x10qjuly.htm"
  },
  {
    "date": "2019-04-30",
    "symbol": "BF-B",
    "reportedCurrency": "USD",
    "cik": "0000014693",
    "fillingDate": "2019-06-13",
    "acceptedDate": "2019-06-13 10:34:03",
    "calendarYear": "2019",
    "period": "Q4",
    "revenue": 744000000,
    "costOfRevenue": 262000000,
    "grossProfit": 482000000,
    "grossProfitRatio": 0.6478494624,
    "researchAndDevelopmentExpenses": 0,
    "generalAndAdministrativeExpenses": 163000000,
    "sellingAndMarketingExpenses": 93000000,
    "sellingGeneralAndAdministrativeExpenses": 256000000,
    "otherExpenses": -2000000,
    "operatingExpenses": 254000000,
    "costAndExpenses": 516000000,
    "interestIncome": 2000000,
    "interestExpense": 21000000,
    "depreciationAndAmortization": 20000000,
    "ebitda": 247000000,
    "ebitdaratio": 0.3319892473,
    "operatingIncome": 228000000,
    "operatingIncomeRatio": 0.3064516129,
    "totalOtherIncomeExpensesNet": -22000000,
    "incomeBeforeTax": 206000000,
    "incomeBeforeTaxRatio": 0.2768817204,
    "incomeTaxExpense": 47000000,
    "netIncome": 159000000,
    "netIncomeRatio": 0.2137096774,
    "eps": 0.33,
    "epsdiluted": 0.33,
    "weightedAverageShsOut": 477369000,
    "weightedAverageShsOutDil": 480088000,
    "link": "https://www.sec.gov/Archives/edgar/data/14693/000001469319000099/0000014693-19-000099-index.htm",
    "finalLink": "https://www.sec.gov/Archives/edgar/data/14693/000001469319000099/bfb-2019430x10kapril.htm"
  },
  {
    "date": "2019-01-31",
    "symbol": "BF-B",
    "reportedCurrency": "USD",
    "cik": "0000014693",
    "fillingDate": "2019-03-06",
    "acceptedDate": "2019-03-06 17:02:14",
    "calendarYear": "2019",
    "period": "Q3",
    "revenue": 904000000,
    "costOfRevenue": 333000000,
    "grossProfit": 571000000,
    "grossProfitRatio": 0.6316371681,
    "researchAndDevelopmentExpenses": 0,
    "generalAndAdministrativeExpenses": 149000000,
    "sellingAndMarketingExpenses": 103000000,
    "sellingGeneralAndAdministrativeExpenses": 252000000,
    "otherExpenses": -1000000,
    "operatingExpenses": 251000000,
    "costAndExpenses": 584000000,
    "interestIncome": 2000000,
    "interestExpense": 23000000,
    "depreciationAndAmortization": 16000000,
    "ebitda": 323000000,
    "ebitdaratio": 0.357300885,
    "operatingIncome": 320000000,
    "operatingIncomeRatio": 0.3539823009,
    "totalOtherIncomeExpensesNet": -36000000,
    "incomeBeforeTax": 284000000,
    "incomeBeforeTaxRatio": 0.314159292,
    "incomeTaxExpense": 57000000,
    "netIncome": 227000000,
    "netIncomeRatio": 0.2511061947,
    "eps": 0.47,
    "epsdiluted": 0.47,
    "weightedAverageShsOut": 477301000,
    "weightedAverageShsOutDil": 480099000,
    "link": "https://www.sec.gov/Archives/edgar/data/14693/000001469319000014/0000014693-19-000014-index.htm",
    "finalLink": "https://www.sec.gov/Archives/edgar/data/14693/000001469319000014/bfb-1312019x10qjanuary.htm"
  },
  {
    "date": "2018-10-31",
    "symbol": "BF-B",
    "reportedCurrency": "USD",
    "cik": "0000014693",
    "fillingDate": "2018-12-06",
    "acceptedDate": "2018-12-06 06:03:06",
    "calendarYear": "2019",
    "period": "Q2",
    "revenue": 910000000,
    "costOfRevenue": 320000000,
    "grossProfit": 590000000,
    "grossProfitRatio": 0.6483516484,
    "researchAndDevelopmentExpenses": 0,
    "generalAndAdministrativeExpenses": 161000000,
    "sellingAndMarketingExpenses": 102000000,
    "sellingGeneralAndAdministrativeExpenses": 263000000,
    "otherExpenses": -5000000,
    "operatingExpenses": 258000000,
    "costAndExpenses": 578000000,
    "interestIncome": 2000000,
    "interestExpense": 22000000,
    "depreciationAndAmortization": 18000000,
    "ebitda": 350000000,
    "ebitdaratio": 0.3846153846,
    "operatingIncome": 332000000,
    "operatingIncomeRatio": 0.3648351648,
    "totalOtherIncomeExpensesNet": -22000000,
    "incomeBeforeTax": 310000000,
    "incomeBeforeTaxRatio": 0.3406593407,
    "incomeTaxExpense": 61000000,
    "netIncome": 249000000,
    "netIncomeRatio": 0.2736263736,
    "eps": 0.52,
    "epsdiluted": 0.52,
    "weightedAverageShsOut": 480436000,
    "weightedAverageShsOutDil": 483591000,
    "link": "https://www.sec.gov/Archives/edgar/data/14693/000001469318000176/0000014693-18-000176-index.htm",
    "finalLink": "https://www.sec.gov/Archives/edgar/data/14693/000001469318000176/bfb-10312018x10qoctober.htm"
  },
  {
    "date": "2018-07-31",
    "symbol": "BF-B",
    "reportedCurrency": "USD",
    "cik": "0000014693",
    "fillingDate": "2018-08-29",
    "acceptedDate": "2018-08-29 16:44:48",
    "calendarYear": "2019",
    "period": "Q1",
    "revenue": 766000000,
    "costOfRevenue": 243000000,
    "grossProfit": 523000000,
    "grossProfitRatio": 0.682767624,
    "researchAndDevelopmentExpenses": 0,
    "generalAndAdministrativeExpenses": 168000000,
    "sellingAndMarketingExpenses": 98000000,
    "sellingGeneralAndAdministrativeExpenses": 266000000,
    "otherExpenses": -7000000,
    "operatingExpenses": 259000000,
    "costAndExpenses": 502000000,
    "interestIncome": 2000000,
    "interestExpense": 22000000,
    "depreciationAndAmortization": 18000000,
    "ebitda": 282000000,
    "ebitdaratio": 0.3681462141,
    "operatingIncome": 264000000,
    "operatingIncomeRatio": 0.3446475196,
    "totalOtherIncomeExpensesNet": -22000000,
    "incomeBeforeTax": 242000000,
    "incomeBeforeTaxRatio": 0.315926893,
    "incomeTaxExpense": 42000000,
    "netIncome": 200000000,
    "netIncomeRatio": 0.2610966057,
    "eps": 0.42,
    "epsdiluted": 0.41,
    "weightedAverageShsOut": 480964000,
    "weightedAverageShsOutDil": 484441000,
    "link": "https://www.sec.gov/Archives/edgar/data/14693/000001469318000165/0000014693-18-000165-index.htm",
    "finalLink": "https://www.sec.gov/Archives/edgar/data/14693/000001469318000165/bfb-7312018x10qjuly.htm"
  },
  {
    "date": "2018-04-30",
    "symbol": "BF-B",
    "reportedCurrency": "USD",
    "cik": "0000014693",
    "fillingDate": "2018-06-13",
    "acceptedDate": "2018-06-13 16:56:47",
    "calendarYear": "2018",
    "period": "Q4",
    "revenue": 733000000,
    "costOfRevenue": 221000000,
    "grossProfit": 512000000,
    "grossProfitRatio": 0.6984993179,
    "researchAndDevelopmentExpenses": 0,
    "generalAndAdministrativeExpenses": 268000000,
    "sellingAndMarketingExpenses": 100000000,
    "sellingGeneralAndAdministrativeExpenses": 368000000,
    "otherExpenses": -1000000,
    "operatingExpenses": 367000000,
    "costAndExpenses": 588000000,
    "interestIncome": 2000000,
    "interestExpense": 19000000,
    "depreciationAndAmortization": 16000000,
    "ebitda": 163000000,
    "ebitdaratio": 0.2223738063,
    "operatingIncome": 145000000,
    "operatingIncomeRatio": 0.1978171896,
    "totalOtherIncomeExpensesNet": -17000000,
    "incomeBeforeTax": 128000000,
    "incomeBeforeTaxRatio": 0.1746248295,
    "incomeTaxExpense": 18000000,
    "netIncome": 110000000,
    "netIncomeRatio": 0.1500682128,
    "eps": 0.23,
    "epsdiluted": 0.23,
    "weightedAverageShsOut": 480964000,
    "weightedAverageShsOutDil": 484441000,
    "link": "https://www.sec.gov/Archives/edgar/data/14693/000001469318000084/0000014693-18-000084-index.htm",
    "finalLink": "https://www.sec.gov/Archives/edgar/data/14693/000001469318000084/bfb-2018430x10kapril.htm"
  },
  {
    "date": "2018-01-31",
    "symbol": "BF-B",
    "reportedCurrency": "USD",
    "cik": "0000014693",
    "fillingDate": "2018-03-07",
    "acceptedDate": "2018-03-07 16:52:40",
    "calendarYear": "2018",
    "period": "Q3",
    "revenue": 878000000,
    "costOfRevenue": 291000000,
    "grossProfit": 587000000,
    "grossProfitRatio": 0.6685649203,
    "researchAndDevelopmentExpenses": 0,
    "generalAndAdministrativeExpenses": 173000000,
    "sellingAndMarketingExpenses": 114000000,
    "sellingGeneralAndAdministrativeExpenses": 285000000,
    "otherExpenses": -4000000,
    "operatingExpenses": 281000000,
    "costAndExpenses": 574000000,
    "interestIncome": 2000000,
    "interestExpense": 17000000,
    "depreciationAndAmortization": 17000000,
    "ebitda": 323000000,
    "ebitdaratio": 0.367881549,
    "operatingIncome": 306000000,
    "operatingIncomeRatio": 0.3485193622,
    "totalOtherIncomeExpensesNet": -17000000,
    "incomeBeforeTax": 289000000,
    "incomeBeforeTaxRatio": 0.3291571754,
    "incomeTaxExpense": 99000000,
    "netIncome": 190000000,
    "netIncomeRatio": 0.2164009112,
    "eps": 0.39,
    "epsdiluted": 0.39,
    "weightedAverageShsOut": 480361000,
    "weightedAverageShsOutDil": 484244000,
    "link": "https://www.sec.gov/Archives/edgar/data/14693/000001469318000016/0000014693-18-000016-index.htm",
    "finalLink": "https://www.sec.gov/Archives/edgar/data/14693/000001469318000016/bfb-1312018x10qjanuary.htm"
  },
  {
    "date": "2017-10-31",
    "symbol": "BF-B",
    "reportedCurrency": "USD",
    "cik": "0000014693",
    "fillingDate": "2017-12-06",
    "acceptedDate": "2017-12-06 16:39:43",
    "calendarYear": "2018",
    "period": "Q2",
    "revenue": 914000000,
    "costOfRevenue": 304000000,
    "grossProfit": 610000000,
    "grossProfitRatio": 0.6673960613,
    "researchAndDevelopmentExpenses": 0,
    "generalAndAdministrativeExpenses": 163000000,
    "sellingAndMarketingExpenses": 111000000,
    "sellingGeneralAndAdministrativeExpenses": 271000000,
    "otherExpenses": -10000000,
    "operatingExpenses": 261000000,
    "costAndExpenses": 568000000,
    "interestIncome": 1000000,
    "interestExpense": 16000000,
    "depreciationAndAmortization": 16000000,
    "ebitda": 363000000,
    "ebitdaratio": 0.3971553611,
    "operatingIncome": 349000000,
    "operatingIncomeRatio": 0.3818380744,
    "totalOtherIncomeExpensesNet": -18000000,
    "incomeBeforeTax": 331000000,
    "incomeBeforeTaxRatio": 0.3621444201,
    "incomeTaxExpense": 92000000,
    "netIncome": 239000000,
    "netIncomeRatio": 0.261487965,
    "eps": 0.5,
    "epsdiluted": 0.49,
    "weightedAverageShsOut": 480150000,
    "weightedAverageShsOutDil": 483284000,
    "link": "https://www.sec.gov/Archives/edgar/data/14693/000001469317000197/0000014693-17-000197-index.htm",
    "finalLink": "https://www.sec.gov/Archives/edgar/data/14693/000001469317000197/bfb-10312017x10qoctober.htm"
  },
  {
    "date": "2017-07-31",
    "symbol": "BF-B",
    "reportedCurrency": "USD",
    "cik": "0000014693",
    "fillingDate": "2017-08-30",
    "acceptedDate": "2017-08-30 15:49:16",
    "calendarYear": "2018",
    "period": "Q1",
    "revenue": 723000000,
    "costOfRevenue": 230000000,
    "grossProfit": 493000000,
    "grossProfitRatio": 0.6818810512,
    "researchAndDevelopmentExpenses": 0,
    "generalAndAdministrativeExpenses": 161000000,
    "sellingAndMarketingExpenses": 89000000,
    "sellingGeneralAndAdministrativeExpenses": 248000000,
    "otherExpenses": -1000000,
    "operatingExpenses": 247000000,
    "costAndExpenses": 479000000,
    "interestIncome": 1000000,
    "interestExpense": 16000000,
    "depreciationAndAmortization": 15000000,
    "ebitda": 260000000,
    "ebitdaratio": 0.3596127248,
    "operatingIncome": 246000000,
    "operatingIncomeRatio": 0.3402489627,
    "totalOtherIncomeExpensesNet": -15000000,
    "incomeBeforeTax": 229000000,
    "incomeBeforeTaxRatio": 0.316735823,
    "incomeTaxExpense": 51000000,
    "netIncome": 178000000,
    "netIncomeRatio": 0.2461964039,
    "eps": 0.37,
    "epsdiluted": 0.37,
    "weightedAverageShsOut": 480048000,
    "weightedAverageShsOutDil": 482984000,
    "link": "https://www.sec.gov/Archives/edgar/data/14693/000001469317000179/0000014693-17-000179-index.htm",
    "finalLink": "https://www.sec.gov/Archives/edgar/data/14693/000001469317000179/bfb-07312017x10qjuly.htm"
  },
  {
    "date": "2017-04-30",
    "symbol": "BF-B",
    "reportedCurrency": "USD",
    "cik": "0000014693",
    "fillingDate": "2017-06-15",
    "acceptedDate": "2017-06-14 17:45:42",
    "calendarYear": "2017",
    "period": "Q4",
    "revenue": 694000000,
    "costOfRevenue": 214000000,
    "grossProfit": 480000000,
    "grossProfitRatio": 0.6916426513,
    "researchAndDevelopmentExpenses": 0,
    "generalAndAdministrativeExpenses": 179000000,
    "sellingAndMarketingExpenses": 91000000,
    "sellingGeneralAndAdministrativeExpenses": 271000000,
    "otherExpenses": -2000000,
    "operatingExpenses": 269000000,
    "costAndExpenses": 482000000,
    "interestIncome": 1000000,
    "interestExpense": 15000000,
    "depreciationAndAmortization": 16000000,
    "ebitda": 228000000,
    "ebitdaratio": 0.3285302594,
    "operatingIncome": 211000000,
    "operatingIncomeRatio": 0.3040345821,
    "totalOtherIncomeExpensesNet": -14000000,
    "incomeBeforeTax": 197000000,
    "incomeBeforeTaxRatio": 0.2838616715,
    "incomeTaxExpense": 53000000,
    "netIncome": 144000000,
    "netIncomeRatio": 0.2074927954,
    "eps": 0.3,
    "epsdiluted": 0.3,
    "weightedAverageShsOut": 479700000,
    "weightedAverageShsOutDil": 482923750,
    "link": "https://www.sec.gov/Archives/edgar/data/14693/000001469317000119/0000014693-17-000119-index.htm",
    "finalLink": "https://www.sec.gov/Archives/edgar/data/14693/000001469317000119/bfb-2017430x10k.htm"
  },
  {
    "date": "2017-01-31",
    "symbol": "BF-B",
    "reportedCurrency": "USD",
    "cik": "0000014693",
    "fillingDate": "2017-03-07",
    "acceptedDate": "2017-03-07 16:38:38",
    "calendarYear": "2017",
    "period": "Q3",
    "revenue": 808000000,
    "costOfRevenue": 272000000,
    "grossProfit": 536000000,
    "grossProfitRatio": 0.6633663366,
    "researchAndDevelopmentExpenses": 0,
    "generalAndAdministrativeExpenses": 162000000,
    "sellingAndMarketingExpenses": 102000000,
    "sellingGeneralAndAdministrativeExpenses": 264000000,
    "otherExpenses": -1000000,
    "operatingExpenses": 263000000,
    "costAndExpenses": 535000000,
    "interestIncome": 1000000,
    "interestExpense": 16000000,
    "depreciationAndAmortization": 14000000,
    "ebitda": 288000000,
    "ebitdaratio": 0.3564356436,
    "operatingIncome": 273000000,
    "operatingIncomeRatio": 0.3378712871,
    "totalOtherIncomeExpensesNet": -15000000,
    "incomeBeforeTax": 258000000,
    "incomeBeforeTaxRatio": 0.3193069307,
    "incomeTaxExpense": 76000000,
    "netIncome": 182000000,
    "netIncomeRatio": 0.2252475248,
    "eps": 0.38,
    "epsdiluted": 0.38,
    "weightedAverageShsOut": 480650000,
    "weightedAverageShsOutDil": 483958000,
    "link": "https://www.sec.gov/Archives/edgar/data/14693/000001469317000014/0000014693-17-000014-index.htm",
    "finalLink": "https://www.sec.gov/Archives/edgar/data/14693/000001469317000014/bfb-01312017x10q.htm"
  },
  {
    "date": "2016-10-31",
    "symbol": "BF-B",
    "reportedCurrency": "USD",
    "cik": "0000014693",
    "fillingDate": "2016-12-07",
    "acceptedDate": "2016-12-07 16:46:50",
    "calendarYear": "2017",
    "period": "Q2",
    "revenue": 830000000,
    "costOfRevenue": 278000000,
    "grossProfit": 552000000,
    "grossProfitRatio": 0.665060241,
    "researchAndDevelopmentExpenses": 0,
    "generalAndAdministrativeExpenses": 163000000,
    "sellingAndMarketingExpenses": 107000000,
    "sellingGeneralAndAdministrativeExpenses": 270000000,
    "otherExpenses": -9000000,
    "operatingExpenses": 261000000,
    "costAndExpenses": 539000000,
    "interestIncome": 1000000,
    "interestExpense": 16000000,
    "depreciationAndAmortization": 13000000,
    "ebitda": 305000000,
    "ebitdaratio": 0.3674698795,
    "operatingIncome": 291000000,
    "operatingIncomeRatio": 0.3506024096,
    "totalOtherIncomeExpensesNet": -15000000,
    "incomeBeforeTax": 276000000,
    "incomeBeforeTaxRatio": 0.3325301205,
    "incomeTaxExpense": 79000000,
    "netIncome": 197000000,
    "netIncomeRatio": 0.2373493976,
    "eps": 0.41,
    "epsdiluted": 0.4,
    "weightedAverageShsOut": 486312500,
    "weightedAverageShsOutDil": 489810000,
    "link": "https://www.sec.gov/Archives/edgar/data/14693/000001469316000251/0000014693-16-000251-index.htm",
    "finalLink": "https://www.sec.gov/Archives/edgar/data/14693/000001469316000251/bfb-10312016x10q.htm"
  },
  {
    "date": "2016-07-31",
    "symbol": "BF-B",
    "reportedCurrency": "USD",
    "cik": "0000014693",
    "fillingDate": "2016-08-31",
    "acceptedDate": "2016-08-31 17:18:40",
    "calendarYear": "2017",
    "period": "Q1",
    "revenue": 661000000,
    "costOfRevenue": 208000000,
    "grossProfit": 453000000,
    "grossProfitRatio": 0.6853252648,
    "researchAndDevelopmentExpenses": 0,
    "generalAndAdministrativeExpenses": 163000000,
    "sellingAndMarketingExpenses": 82000000,
    "sellingGeneralAndAdministrativeExpenses": 245000000,
    "otherExpenses": -5000000,
    "operatingExpenses": 240000000,
    "costAndExpenses": 448000000,
    "interestIncome": 1000000,
    "interestExpense": 13000000,
    "depreciationAndAmortization": 15000000,
    "ebitda": 229000000,
    "ebitdaratio": 0.3464447806,
    "operatingIncome": 213000000,
    "operatingIncomeRatio": 0.3222390318,
    "totalOtherIncomeExpensesNet": -12000000,
    "incomeBeforeTax": 201000000,
    "incomeBeforeTaxRatio": 0.3040847201,
    "incomeTaxExpense": 57000000,
    "netIncome": 144000000,
    "netIncomeRatio": 0.2178517398,
    "eps": 0.3,
    "epsdiluted": 0.29,
    "weightedAverageShsOut": 491272500,
    "weightedAverageShsOutDil": 495011250,
    "link": "https://www.sec.gov/Archives/edgar/data/14693/000001469316000239/0000014693-16-000239-index.htm",
    "finalLink": "https://www.sec.gov/Archives/edgar/data/14693/000001469316000239/bfb-07312016x10q.htm"
  },
  {
    "date": "2016-04-30",
    "symbol": "BF-B",
    "reportedCurrency": "USD",
    "cik": "0000014693",
    "fillingDate": "2016-06-16",
    "acceptedDate": "2016-06-15 17:49:15",
    "calendarYear": "2016",
    "period": "Q4",
    "revenue": 729000000,
    "costOfRevenue": 216000000,
    "grossProfit": 513000000,
    "grossProfitRatio": 0.7037037037,
    "researchAndDevelopmentExpenses": 0,
    "generalAndAdministrativeExpenses": 181000000,
    "sellingAndMarketingExpenses": 101000000,
    "sellingGeneralAndAdministrativeExpenses": 281000000,
    "otherExpenses": -494000000,
    "operatingExpenses": -213000000,
    "costAndExpenses": 488000000,
    "interestIncome": 1000000,
    "interestExpense": 11000000,
    "depreciationAndAmortization": 16000000,
    "ebitda": 743000000,
    "ebitdaratio": 1.0192043896,
    "operatingIncome": 726000000,
    "operatingIncomeRatio": 0.9958847737,
    "totalOtherIncomeExpensesNet": -11000000,
    "incomeBeforeTax": 715000000,
    "incomeBeforeTaxRatio": 0.9807956104,
    "incomeTaxExpense": 193000000,
    "netIncome": 522000000,
    "netIncomeRatio": 0.7160493827,
    "eps": 1.05,
    "epsdiluted": 1.04,
    "weightedAverageShsOut": 498320000,
    "weightedAverageShsOutDil": 501265000,
    "link": "https://www.sec.gov/Archives/edgar/data/14693/000001469316000160/0000014693-16-000160-index.htm",
    "finalLink": "https://www.sec.gov/Archives/edgar/data/14693/000001469316000160/bfb-2016430x10k.htm"
  },
  {
    "date": "2016-01-31",
    "symbol": "BF-B",
    "reportedCurrency": "USD",
    "cik": "0000014693",
    "fillingDate": "2016-03-02",
    "acceptedDate": "2016-03-02 13:18:32",
    "calendarYear": "2016",
    "period": "Q3",
    "revenue": 809000000,
    "costOfRevenue": 254000000,
    "grossProfit": 555000000,
    "grossProfitRatio": 0.6860321384,
    "researchAndDevelopmentExpenses": 0,
    "generalAndAdministrativeExpenses": 167000000,
    "sellingAndMarketingExpenses": 107000000,
    "sellingGeneralAndAdministrativeExpenses": 274000000,
    "otherExpenses": 3000000,
    "operatingExpenses": 277000000,
    "costAndExpenses": 531000000,
    "interestIncome": 0,
    "interestExpense": 12000000,
    "depreciationAndAmortization": 13000000,
    "ebitda": 291000000,
    "ebitdaratio": 0.3597033375,
    "operatingIncome": 278000000,
    "operatingIncomeRatio": 0.3436341162,
    "totalOtherIncomeExpensesNet": -12000000,
    "incomeBeforeTax": 266000000,
    "incomeBeforeTaxRatio": 0.3288009889,
    "incomeTaxExpense": 76000000,
    "netIncome": 190000000,
    "netIncomeRatio": 0.2348578492,
    "eps": 0.38,
    "epsdiluted": 0.38,
    "weightedAverageShsOut": 502955000,
    "weightedAverageShsOutDil": 505975000,
    "link": "https://www.sec.gov/Archives/edgar/data/14693/000001469316000059/0000014693-16-000059-index.htm",
    "finalLink": "https://www.sec.gov/Archives/edgar/data/14693/000001469316000059/bfb-01312016x10q.htm"
  },
  {
    "date": "2015-10-31",
    "symbol": "BF-B",
    "reportedCurrency": "USD",
    "cik": "0000014693",
    "fillingDate": "2015-12-02",
    "acceptedDate": "2015-12-02 16:37:44",
    "calendarYear": "2016",
    "period": "Q2",
    "revenue": 854000000,
    "costOfRevenue": 268000000,
    "grossProfit": 586000000,
    "grossProfitRatio": 0.6861826698,
    "researchAndDevelopmentExpenses": 0,
    "generalAndAdministrativeExpenses": 171000000,
    "sellingAndMarketingExpenses": 115000000,
    "sellingGeneralAndAdministrativeExpenses": 286000000,
    "otherExpenses": -2000000,
    "operatingExpenses": 284000000,
    "costAndExpenses": 552000000,
    "interestIncome": 0,
    "interestExpense": 12000000,
    "depreciationAndAmortization": 14000000,
    "ebitda": 316000000,
    "ebitdaratio": 0.3700234192,
    "operatingIncome": 302000000,
    "operatingIncomeRatio": 0.3536299766,
    "totalOtherIncomeExpensesNet": -12000000,
    "incomeBeforeTax": 290000000,
    "incomeBeforeTaxRatio": 0.3395784543,
    "incomeTaxExpense": 90000000,
    "netIncome": 200000000,
    "netIncomeRatio": 0.2341920375,
    "eps": 0.39,
    "epsdiluted": 0.39,
    "weightedAverageShsOut": 510137500,
    "weightedAverageShsOutDil": 513576250,
    "link": "https://www.sec.gov/Archives/edgar/data/14693/000001469315000033/0000014693-15-000033-index.htm",
    "finalLink": "https://www.sec.gov/Archives/edgar/data/14693/000001469315000033/bfb-10312015x10q.htm"
  },
  {
    "date": "2015-07-31",
    "symbol": "BF-B",
    "reportedCurrency": "USD",
    "cik": "0000014693",
    "fillingDate": "2015-08-26",
    "acceptedDate": "2015-08-26 15:22:34",
    "calendarYear": "2016",
    "period": "Q1",
    "revenue": 699000000,
    "costOfRevenue": 208000000,
    "grossProfit": 491000000,
    "grossProfitRatio": 0.7024320458,
    "researchAndDevelopmentExpenses": 0,
    "generalAndAdministrativeExpenses": 169000000,
    "sellingAndMarketingExpenses": 95000000,
    "sellingGeneralAndAdministrativeExpenses": 264000000,
    "otherExpenses": 0,
    "operatingExpenses": 264000000,
    "costAndExpenses": 472000000,
    "interestIncome": 0,
    "interestExpense": 9000000,
    "depreciationAndAmortization": 13000000,
    "ebitda": 240000000,
    "ebitdaratio": 0.3433476395,
    "operatingIncome": 227000000,
    "operatingIncomeRatio": 0.3247496423,
    "totalOtherIncomeExpensesNet": -9000000,
    "incomeBeforeTax": 218000000,
    "incomeBeforeTaxRatio": 0.3118741059,
    "incomeTaxExpense": 62000000,
    "netIncome": 156000000,
    "netIncomeRatio": 0.2231759657,
    "eps": 0.3,
    "epsdiluted": 0.3,
    "weightedAverageShsOut": 518157500,
    "weightedAverageShsOutDil": 521595000,
    "link": "https://www.sec.gov/Archives/edgar/data/14693/000001469315000025/0000014693-15-000025-index.htm",
    "finalLink": "https://www.sec.gov/Archives/edgar/data/14693/000001469315000025/bfb-07312015x10q.htm"
  },
  {
    "date": "2015-04-30",
    "symbol": "BF-B",
    "reportedCurrency": "USD",
    "cik": "0000014693",
    "fillingDate": "2015-06-18",
    "acceptedDate": "2015-06-17 20:14:25",
    "calendarYear": "2015",
    "period": "Q4",
    "revenue": 740000000,
    "costOfRevenue": 213000000,
    "grossProfit": 527000000,
    "grossProfitRatio": 0.7121621622,
    "researchAndDevelopmentExpenses": 0,
    "generalAndAdministrativeExpenses": 186000000,
    "sellingAndMarketingExpenses": 103000000,
    "sellingGeneralAndAdministrativeExpenses": 288000000,
    "otherExpenses": 6000000,
    "operatingExpenses": 294000000,
    "costAndExpenses": 508000000,
    "interestIncome": 1000000,
    "interestExpense": 6000000,
    "depreciationAndAmortization": 13000000,
    "ebitda": 246000000,
    "ebitdaratio": 0.3324324324,
    "operatingIncome": 232000000,
    "operatingIncomeRatio": 0.3135135135,
    "totalOtherIncomeExpensesNet": -5000000,
    "incomeBeforeTax": 226000000,
    "incomeBeforeTaxRatio": 0.3054054054,
    "incomeTaxExpense": 86000000,
    "netIncome": 140000000,
    "netIncomeRatio": 0.1891891892,
    "eps": 0.27,
    "epsdiluted": 0.26,
    "weightedAverageShsOut": 524652500,
    "weightedAverageShsOutDil": 528210000,
    "link": "https://www.sec.gov/Archives/edgar/data/14693/000001469315000014/0000014693-15-000014-index.htm",
    "finalLink": "https://www.sec.gov/Archives/edgar/data/14693/000001469315000014/bfb-2015430x10k.htm"
  },
  {
    "date": "2015-01-31",
    "symbol": "BF-B",
    "reportedCurrency": "USD",
    "cik": "0000014693",
    "fillingDate": "2015-03-05",
    "acceptedDate": "2015-03-04 17:58:36",
    "calendarYear": "2015",
    "period": "Q3",
    "revenue": 813000000,
    "costOfRevenue": 260000000,
    "grossProfit": 553000000,
    "grossProfitRatio": 0.680196802,
    "researchAndDevelopmentExpenses": 0,
    "generalAndAdministrativeExpenses": 163000000,
    "sellingAndMarketingExpenses": 112000000,
    "sellingGeneralAndAdministrativeExpenses": 275000000,
    "otherExpenses": 6000000,
    "operatingExpenses": 281000000,
    "costAndExpenses": 541000000,
    "interestIncome": 0,
    "interestExpense": 6000000,
    "depreciationAndAmortization": 13000000,
    "ebitda": 285000000,
    "ebitdaratio": 0.3505535055,
    "operatingIncome": 272000000,
    "operatingIncomeRatio": 0.3345633456,
    "totalOtherIncomeExpensesNet": -6000000,
    "incomeBeforeTax": 266000000,
    "incomeBeforeTaxRatio": 0.3271832718,
    "incomeTaxExpense": 80000000,
    "netIncome": 186000000,
    "netIncomeRatio": 0.2287822878,
    "eps": 0.35,
    "epsdiluted": 0.35,
    "weightedAverageShsOut": 527815000,
    "weightedAverageShsOutDil": 531515000,
    "link": "https://www.sec.gov/Archives/edgar/data/14693/000001469315000006/0000014693-15-000006-index.htm",
    "finalLink": "https://www.sec.gov/Archives/edgar/data/14693/000001469315000006/bfb-01312015x10q.htm"
  },
  {
    "date": "2014-10-31",
    "symbol": "BF-B",
    "reportedCurrency": "USD",
    "cik": "0000014693",
    "fillingDate": "2014-12-03",
    "acceptedDate": "2014-12-03 16:55:08",
    "calendarYear": "2015",
    "period": "Q2",
    "revenue": 877000000,
    "costOfRevenue": 268000000,
    "grossProfit": 609000000,
    "grossProfitRatio": 0.6944127708,
    "researchAndDevelopmentExpenses": 0,
    "generalAndAdministrativeExpenses": 178000000,
    "sellingAndMarketingExpenses": 123000000,
    "sellingGeneralAndAdministrativeExpenses": 301000000,
    "otherExpenses": 5000000,
    "operatingExpenses": 306000000,
    "costAndExpenses": 574000000,
    "interestIncome": 0,
    "interestExpense": 7000000,
    "depreciationAndAmortization": 12000000,
    "ebitda": 315000000,
    "ebitdaratio": 0.3591790194,
    "operatingIncome": 303000000,
    "operatingIncomeRatio": 0.3454960091,
    "totalOtherIncomeExpensesNet": -7000000,
    "incomeBeforeTax": 296000000,
    "incomeBeforeTaxRatio": 0.3375142531,
    "incomeTaxExpense": 88000000,
    "netIncome": 208000000,
    "netIncomeRatio": 0.2371721779,
    "eps": 0.39,
    "epsdiluted": 0.39,
    "weightedAverageShsOut": 530217500,
    "weightedAverageShsOutDil": 533922500,
    "link": "https://www.sec.gov/Archives/edgar/data/14693/000001469314000030/0000014693-14-000030-index.htm",
    "finalLink": "https://www.sec.gov/Archives/edgar/data/14693/000001469314000030/bfb-10312014x10q.htm"
  },
  {
    "date": "2014-07-31",
    "symbol": "BF-B",
    "reportedCurrency": "USD",
    "cik": "0000014693",
    "fillingDate": "2014-08-28",
    "acceptedDate": "2014-08-27 17:38:10",
    "calendarYear": "2015",
    "period": "Q1",
    "revenue": 705000000,
    "costOfRevenue": 210000000,
    "grossProfit": 495000000,
    "grossProfitRatio": 0.7021276596,
    "researchAndDevelopmentExpenses": 0,
    "generalAndAdministrativeExpenses": 170000000,
    "sellingAndMarketingExpenses": 99000000,
    "sellingGeneralAndAdministrativeExpenses": 269000000,
    "otherExpenses": 5000000,
    "operatingExpenses": 274000000,
    "costAndExpenses": 484000000,
    "interestIncome": 0,
    "interestExpense": 7000000,
    "depreciationAndAmortization": 13000000,
    "ebitda": 234000000,
    "ebitdaratio": 0.3319148936,
    "operatingIncome": 221000000,
    "operatingIncomeRatio": 0.3134751773,
    "totalOtherIncomeExpensesNet": -7000000,
    "incomeBeforeTax": 214000000,
    "incomeBeforeTaxRatio": 0.3035460993,
    "incomeTaxExpense": 64000000,
    "netIncome": 150000000,
    "netIncomeRatio": 0.2127659574,
    "eps": 0.28,
    "epsdiluted": 0.28,
    "weightedAverageShsOut": 533610000,
    "weightedAverageShsOutDil": 537547500,
    "link": "https://www.sec.gov/Archives/edgar/data/14693/000001469314000020/0000014693-14-000020-index.htm",
    "finalLink": "https://www.sec.gov/Archives/edgar/data/14693/000001469314000020/bfb-07312014x10q.htm"
  },
  {
    "date": "2014-04-30",
    "symbol": "BF-B",
    "reportedCurrency": "USD",
    "cik": "0000014693",
    "fillingDate": "2014-06-20",
    "acceptedDate": "2014-06-19 19:53:21",
    "calendarYear": "2014",
    "period": "Q4",
    "revenue": 689000000,
    "costOfRevenue": 196000000,
    "grossProfit": 493000000,
    "grossProfitRatio": 0.7155297533,
    "researchAndDevelopmentExpenses": 0,
    "generalAndAdministrativeExpenses": 207000000,
    "sellingAndMarketingExpenses": 106000000,
    "sellingGeneralAndAdministrativeExpenses": 314000000,
    "otherExpenses": -9000000,
    "operatingExpenses": 305000000,
    "costAndExpenses": 500000000,
    "interestIncome": 0,
    "interestExpense": 7000000,
    "depreciationAndAmortization": 14000000,
    "ebitda": 202000000,
    "ebitdaratio": 0.2931785196,
    "operatingIncome": 188000000,
    "operatingIncomeRatio": 0.2728592163,
    "totalOtherIncomeExpensesNet": -6000000,
    "incomeBeforeTax": 182000000,
    "incomeBeforeTaxRatio": 0.2641509434,
    "incomeTaxExpense": 50000000,
    "netIncome": 132000000,
    "netIncomeRatio": 0.1915820029,
    "eps": 0.25,
    "epsdiluted": 0.25,
    "weightedAverageShsOut": 533240000,
    "weightedAverageShsOutDil": 537345000,
    "link": "https://www.sec.gov/Archives/edgar/data/14693/000001469314000014/0000014693-14-000014-index.htm",
    "finalLink": "https://www.sec.gov/Archives/edgar/data/14693/000001469314000014/bfb-2014430x10k.htm"
  },
  {
    "date": "2014-01-31",
    "symbol": "BF-B",
    "reportedCurrency": "USD",
    "cik": "0000014693",
    "fillingDate": "2014-03-06",
    "acceptedDate": "2014-03-05 19:16:18",
    "calendarYear": "2014",
    "period": "Q3",
    "revenue": 782000000,
    "costOfRevenue": 250000000,
    "grossProfit": 532000000,
    "grossProfitRatio": 0.6803069054,
    "researchAndDevelopmentExpenses": 0,
    "generalAndAdministrativeExpenses": 161000000,
    "sellingAndMarketingExpenses": 116000000,
    "sellingGeneralAndAdministrativeExpenses": 277000000,
    "otherExpenses": 0,
    "operatingExpenses": 277000000,
    "costAndExpenses": 527000000,
    "interestIncome": 0,
    "interestExpense": 6000000,
    "depreciationAndAmortization": 12000000,
    "ebitda": 267000000,
    "ebitdaratio": 0.3414322251,
    "operatingIncome": 255000000,
    "operatingIncomeRatio": 0.3260869565,
    "totalOtherIncomeExpensesNet": -6000000,
    "incomeBeforeTax": 249000000,
    "incomeBeforeTaxRatio": 0.3184143223,
    "incomeTaxExpense": 72000000,
    "netIncome": 177000000,
    "netIncomeRatio": 0.226342711,
    "eps": 0.33,
    "epsdiluted": 0.33,
    "weightedAverageShsOut": 532877500,
    "weightedAverageShsOutDil": 536980000,
    "link": "https://www.sec.gov/Archives/edgar/data/14693/000001469314000004/0000014693-14-000004-index.htm",
    "finalLink": "https://www.sec.gov/Archives/edgar/data/14693/000001469314000004/bfb-01312014x10q.htm"
  },
  {
    "date": "2013-10-31",
    "symbol": "BF-B",
    "reportedCurrency": "USD",
    "cik": "0000014693",
    "fillingDate": "2013-12-04",
    "acceptedDate": "2013-12-04 17:13:01",
    "calendarYear": "2014",
    "period": "Q2",
    "revenue": 833000000,
    "costOfRevenue": 257000000,
    "grossProfit": 576000000,
    "grossProfitRatio": 0.6914765906,
    "researchAndDevelopmentExpenses": 0,
    "generalAndAdministrativeExpenses": 162000000,
    "sellingAndMarketingExpenses": 111000000,
    "sellingGeneralAndAdministrativeExpenses": 273000000,
    "otherExpenses": -8000000,
    "operatingExpenses": 265000000,
    "costAndExpenses": 522000000,
    "interestIncome": 1000000,
    "interestExpense": 7000000,
    "depreciationAndAmortization": 12000000,
    "ebitda": 324000000,
    "ebitdaratio": 0.3889555822,
    "operatingIncome": 311000000,
    "operatingIncomeRatio": 0.3733493397,
    "totalOtherIncomeExpensesNet": -6000000,
    "incomeBeforeTax": 305000000,
    "incomeBeforeTaxRatio": 0.3661464586,
    "incomeTaxExpense": 99000000,
    "netIncome": 206000000,
    "netIncomeRatio": 0.2472989196,
    "eps": 0.39,
    "epsdiluted": 0.38,
    "weightedAverageShsOut": 533967500,
    "weightedAverageShsOutDil": 538010000,
    "link": "https://www.sec.gov/Archives/edgar/data/14693/000001469313000052/0000014693-13-000052-index.htm",
    "finalLink": "https://www.sec.gov/Archives/edgar/data/14693/000001469313000052/bfb-10312013x10q.htm"
  },
  {
    "date": "2013-07-31",
    "symbol": "BF-B",
    "reportedCurrency": "USD",
    "cik": "0000014693",
    "fillingDate": "2013-08-28",
    "acceptedDate": "2013-08-28 17:14:59",
    "calendarYear": "2014",
    "period": "Q1",
    "revenue": 686000000,
    "costOfRevenue": 209000000,
    "grossProfit": 477000000,
    "grossProfitRatio": 0.695335277,
    "researchAndDevelopmentExpenses": 0,
    "generalAndAdministrativeExpenses": 156000000,
    "sellingAndMarketingExpenses": 103000000,
    "sellingGeneralAndAdministrativeExpenses": 259000000,
    "otherExpenses": 1000000,
    "operatingExpenses": 260000000,
    "costAndExpenses": 469000000,
    "interestIncome": 1000000,
    "interestExpense": 7000000,
    "depreciationAndAmortization": 12000000,
    "ebitda": 230000000,
    "ebitdaratio": 0.3352769679,
    "operatingIncome": 217000000,
    "operatingIncomeRatio": 0.3163265306,
    "totalOtherIncomeExpensesNet": -6000000,
    "incomeBeforeTax": 211000000,
    "incomeBeforeTaxRatio": 0.3075801749,
    "incomeTaxExpense": 68000000,
    "netIncome": 143000000,
    "netIncomeRatio": 0.2084548105,
    "eps": 0.27,
    "epsdiluted": 0.26,
    "weightedAverageShsOut": 534272500,
    "weightedAverageShsOutDil": 538300000,
    "link": "https://www.sec.gov/Archives/edgar/data/14693/000001469313000044/0000014693-13-000044-index.htm",
    "finalLink": "https://www.sec.gov/Archives/edgar/data/14693/000001469313000044/bfb-07312013x10q.htm"
  },
  {
    "date": "2013-04-30",
    "symbol": "BF-B",
    "reportedCurrency": "USD",
    "cik": "0000014693",
    "fillingDate": "2013-06-27",
    "acceptedDate": "2013-06-27 13:24:19",
    "calendarYear": "2013",
    "period": "Q4",
    "revenue": 660000000,
    "costOfRevenue": 200000000,
    "grossProfit": 460000000,
    "grossProfitRatio": 0.696969697,
    "researchAndDevelopmentExpenses": 0,
    "generalAndAdministrativeExpenses": 180000000,
    "sellingAndMarketingExpenses": 99000000,
    "sellingGeneralAndAdministrativeExpenses": 279000000,
    "otherExpenses": 3800000,
    "operatingExpenses": 282800000,
    "costAndExpenses": 483000000,
    "interestIncome": 1100000,
    "interestExpense": 16000000,
    "depreciationAndAmortization": 14900000,
    "ebitda": 192900000,
    "ebitdaratio": 0.2922727273,
    "operatingIncome": 176900000,
    "operatingIncomeRatio": 0.268030303,
    "totalOtherIncomeExpensesNet": -15900000,
    "incomeBeforeTax": 161000000,
    "incomeBeforeTaxRatio": 0.2439393939,
    "incomeTaxExpense": 48000000,
    "netIncome": 113000000,
    "netIncomeRatio": 0.1712121212,
    "eps": 0.21,
    "epsdiluted": 0.21,
    "weightedAverageShsOut": 533952500,
    "weightedAverageShsOutDil": 538030000,
    "link": "https://www.sec.gov/Archives/edgar/data/14693/000001469313000038/0000014693-13-000038-index.htm",
    "finalLink": "https://www.sec.gov/Archives/edgar/data/14693/000001469313000038/bfb-2013430x10k.htm"
  },
  {
    "date": "2013-01-31",
    "symbol": "BF-B",
    "reportedCurrency": "USD",
    "cik": "0000014693",
    "fillingDate": "2013-03-06",
    "acceptedDate": "2013-03-06 16:09:10",
    "calendarYear": "2013",
    "period": "Q3",
    "revenue": 746900000,
    "costOfRevenue": 240200000,
    "grossProfit": 506700000,
    "grossProfitRatio": 0.6784040702,
    "researchAndDevelopmentExpenses": 0,
    "generalAndAdministrativeExpenses": 162400000,
    "sellingAndMarketingExpenses": 110500000,
    "sellingGeneralAndAdministrativeExpenses": 273000000,
    "otherExpenses": -3000000,
    "operatingExpenses": 270000000,
    "costAndExpenses": 509900000,
    "interestIncome": 1000000,
    "interestExpense": 8300000,
    "depreciationAndAmortization": 12500000,
    "ebitda": 250000000,
    "ebitdaratio": 0.3347168296,
    "operatingIncome": 237000000,
    "operatingIncomeRatio": 0.3173115544,
    "totalOtherIncomeExpensesNet": -8000000,
    "incomeBeforeTax": 229400000,
    "incomeBeforeTaxRatio": 0.3071361628,
    "incomeTaxExpense": 71800000,
    "netIncome": 157600000,
    "netIncomeRatio": 0.2110054894,
    "eps": 0.3,
    "epsdiluted": 0.29,
    "weightedAverageShsOut": 533647500,
    "weightedAverageShsOutDil": 537627500,
    "link": "https://www.sec.gov/Archives/edgar/data/14693/000001469313000024/0000014693-13-000024-index.htm",
    "finalLink": "https://www.sec.gov/Archives/edgar/data/14693/000001469313000024/bfb-01312013x10q.htm"
  },
  {
    "date": "2012-10-31",
    "symbol": "BF-B",
    "reportedCurrency": "USD",
    "cik": "0000014693",
    "fillingDate": "2012-12-05",
    "acceptedDate": "2012-12-05 16:14:34",
    "calendarYear": "2013",
    "period": "Q2",
    "revenue": 776700000,
    "costOfRevenue": 252200000,
    "grossProfit": 524500000,
    "grossProfitRatio": 0.6752929059,
    "researchAndDevelopmentExpenses": 0,
    "generalAndAdministrativeExpenses": 159100000,
    "sellingAndMarketingExpenses": 106600000,
    "sellingGeneralAndAdministrativeExpenses": 266000000,
    "otherExpenses": -3000000,
    "operatingExpenses": 263000000,
    "costAndExpenses": 514400000,
    "interestIncome": 1000000,
    "interestExpense": 5500000,
    "depreciationAndAmortization": 12100000,
    "ebitda": 275000000,
    "ebitdaratio": 0.3540620574,
    "operatingIncome": 262000000,
    "operatingIncomeRatio": 0.3373245783,
    "totalOtherIncomeExpensesNet": -4500000,
    "incomeBeforeTax": 257500000,
    "incomeBeforeTaxRatio": 0.3315308356,
    "incomeTaxExpense": 84500000,
    "netIncome": 173000000,
    "netIncomeRatio": 0.2227372216,
    "eps": 0.32,
    "epsdiluted": 0.32,
    "weightedAverageShsOut": 533190000,
    "weightedAverageShsOutDil": 537227500,
    "link": "https://www.sec.gov/Archives/edgar/data/14693/000001469312000165/0000014693-12-000165-index.htm",
    "finalLink": "https://www.sec.gov/Archives/edgar/data/14693/000001469312000165/bfb-10312012x10q.htm"
  },
  {
    "date": "2012-07-31",
    "symbol": "BF-B",
    "reportedCurrency": "USD",
    "cik": "0000014693",
    "fillingDate": "2012-09-05",
    "acceptedDate": "2012-09-05 16:39:03",
    "calendarYear": "2013",
    "period": "Q1",
    "revenue": 665800000,
    "costOfRevenue": 201700000,
    "grossProfit": 464100000,
    "grossProfitRatio": 0.697056173,
    "researchAndDevelopmentExpenses": 0,
    "generalAndAdministrativeExpenses": 148500000,
    "sellingAndMarketingExpenses": 92100000,
    "sellingGeneralAndAdministrativeExpenses": 240000000,
    "otherExpenses": 2000000,
    "operatingExpenses": 242000000,
    "costAndExpenses": 444100000,
    "interestIncome": 0,
    "interestExpense": 5200000,
    "depreciationAndAmortization": 11500000,
    "ebitda": 234000000,
    "ebitdaratio": 0.351456894,
    "operatingIncome": 222000000,
    "operatingIncomeRatio": 0.3334334635,
    "totalOtherIncomeExpensesNet": -5000000,
    "incomeBeforeTax": 217100000,
    "incomeBeforeTaxRatio": 0.3260738961,
    "incomeTaxExpense": 69600000,
    "netIncome": 147500000,
    "netIncomeRatio": 0.2215379994,
    "eps": 0.28,
    "epsdiluted": 0.28,
    "weightedAverageShsOut": 532920000,
    "weightedAverageShsOutDil": 536995000,
    "link": "https://www.sec.gov/Archives/edgar/data/14693/000001469312000139/0000014693-12-000139-index.htm",
    "finalLink": "https://www.sec.gov/Archives/edgar/data/14693/000001469312000139/form10-q.htm"
  },
  {
    "date": "2012-04-30",
    "symbol": "BF-B",
    "reportedCurrency": "USD",
    "cik": "0000014693",
    "fillingDate": "2012-06-27",
    "acceptedDate": "2012-06-27 12:24:22",
    "calendarYear": "2012",
    "period": "Q4",
    "revenue": 602400000,
    "costOfRevenue": 180600000,
    "grossProfit": 421800000,
    "grossProfitRatio": 0.7001992032,
    "researchAndDevelopmentExpenses": 0,
    "generalAndAdministrativeExpenses": 176100000,
    "sellingAndMarketingExpenses": 98700000,
    "sellingGeneralAndAdministrativeExpenses": 274800000,
    "otherExpenses": -2700000,
    "operatingExpenses": 272100000,
    "costAndExpenses": 454000000,
    "interestIncome": 900000,
    "interestExpense": 7400000,
    "depreciationAndAmortization": 11300000,
    "ebitda": 161900000,
    "ebitdaratio": 0.2687583001,
    "operatingIncome": 149700000,
    "operatingIncomeRatio": 0.2485059761,
    "totalOtherIncomeExpensesNet": -6500000,
    "incomeBeforeTax": 143200000,
    "incomeBeforeTaxRatio": 0.2377158035,
    "incomeTaxExpense": 38900000,
    "netIncome": 104300000,
    "netIncomeRatio": 0.1731407703,
    "eps": 0.2,
    "epsdiluted": 0.19,
    "weightedAverageShsOut": 532920000,
    "weightedAverageShsOutDil": 536995000,
    "link": "https://www.sec.gov/Archives/edgar/data/14693/000119312512285018/0001193125-12-285018-index.htm",
    "finalLink": "https://www.sec.gov/Archives/edgar/data/14693/000119312512285018/d369412d10k.htm"
  },
  {
    "date": "2012-01-31",
    "symbol": "BF-B",
    "reportedCurrency": "USD",
    "cik": "0000014693",
    "fillingDate": "2012-03-08",
    "acceptedDate": "2012-03-08 15:10:19",
    "calendarYear": "2012",
    "period": "Q3",
    "revenue": 701600000,
    "costOfRevenue": 250700000,
    "grossProfit": 450900000,
    "grossProfitRatio": 0.6426738883,
    "researchAndDevelopmentExpenses": 0,
    "generalAndAdministrativeExpenses": 148000000,
    "sellingAndMarketingExpenses": 98800000,
    "sellingGeneralAndAdministrativeExpenses": 246800000,
    "otherExpenses": -2100000,
    "operatingExpenses": 244700000,
    "costAndExpenses": 495400000,
    "interestIncome": 600000,
    "interestExpense": 7300000,
    "depreciationAndAmortization": 800000,
    "ebitda": 218700000,
    "ebitdaratio": 0.3117160775,
    "operatingIncome": 206200000,
    "operatingIncomeRatio": 0.2938996579,
    "totalOtherIncomeExpensesNet": -7300000,
    "incomeBeforeTax": 198900000,
    "incomeBeforeTaxRatio": 0.2834948689,
    "incomeTaxExpense": 65800000,
    "netIncome": 133100000,
    "netIncomeRatio": 0.189709236,
    "eps": 0.25,
    "epsdiluted": 0.25,
    "weightedAverageShsOut": 532230000,
    "weightedAverageShsOutDil": 536250000,
    "link": "https://www.sec.gov/Archives/edgar/data/14693/000001469312000024/0000014693-12-000024-index.htm",
    "finalLink": "https://www.sec.gov/Archives/edgar/data/14693/000001469312000024/form10-q.htm"
  },
  {
    "date": "2011-10-31",
    "symbol": "BF-B",
    "reportedCurrency": "USD",
    "cik": "0000014693",
    "fillingDate": "2011-12-09",
    "acceptedDate": "2011-12-08 17:54:52",
    "calendarYear": "2012",
    "period": "Q2",
    "revenue": 781100000,
    "costOfRevenue": 279200000,
    "grossProfit": 501900000,
    "grossProfitRatio": 0.6425553706,
    "researchAndDevelopmentExpenses": 0,
    "generalAndAdministrativeExpenses": 146800000,
    "sellingAndMarketingExpenses": 106700000,
    "sellingGeneralAndAdministrativeExpenses": 253500000,
    "otherExpenses": 2100000,
    "operatingExpenses": 255600000,
    "costAndExpenses": 534800000,
    "interestIncome": 700000,
    "interestExpense": 7800000,
    "depreciationAndAmortization": 1300000,
    "ebitda": 259800000,
    "ebitdaratio": 0.3326078607,
    "operatingIncome": 246300000,
    "operatingIncomeRatio": 0.3153245423,
    "totalOtherIncomeExpensesNet": -7100000,
    "incomeBeforeTax": 239200000,
    "incomeBeforeTaxRatio": 0.3062347971,
    "incomeTaxExpense": 81600000,
    "netIncome": 157600000,
    "netIncomeRatio": 0.2017667392,
    "eps": 0.29,
    "epsdiluted": 0.29,
    "weightedAverageShsOut": 537033750,
    "weightedAverageShsOutDil": 540690000,
    "link": "https://www.sec.gov/Archives/edgar/data/14693/000001469311000125/0000014693-11-000125-index.htm",
    "finalLink": "https://www.sec.gov/Archives/edgar/data/14693/000001469311000125/form10-q.htm"
  },
  {
    "date": "2011-07-31",
    "symbol": "BF-B",
    "reportedCurrency": "USD",
    "cik": "0000014693",
    "fillingDate": "2011-09-08",
    "acceptedDate": "2011-09-08 11:40:45",
    "calendarYear": "2012",
    "period": "Q1",
    "revenue": 840300000,
    "costOfRevenue": 420000000,
    "grossProfit": 420300000,
    "grossProfitRatio": 0.5001785077,
    "researchAndDevelopmentExpenses": 0,
    "generalAndAdministrativeExpenses": 139000000,
    "sellingAndMarketingExpenses": 90800000,
    "sellingGeneralAndAdministrativeExpenses": 229800000,
    "otherExpenses": 4600000,
    "operatingExpenses": 234400000,
    "costAndExpenses": 654400000,
    "interestIncome": 800000,
    "interestExpense": 7900000,
    "depreciationAndAmortization": 1300000,
    "ebitda": 199700000,
    "ebitdaratio": 0.2376532191,
    "operatingIncome": 185900000,
    "operatingIncomeRatio": 0.2212305129,
    "totalOtherIncomeExpensesNet": -7100000,
    "incomeBeforeTax": 178800000,
    "incomeBeforeTaxRatio": 0.2127811496,
    "incomeTaxExpense": 60700000,
    "netIncome": 118100000,
    "netIncomeRatio": 0.1405450434,
    "eps": 0.22,
    "epsdiluted": 0.22,
    "weightedAverageShsOut": 543105000,
    "weightedAverageShsOutDil": 547001250,
    "link": "https://www.sec.gov/Archives/edgar/data/14693/000001469311000098/0000014693-11-000098-index.htm",
    "finalLink": "https://www.sec.gov/Archives/edgar/data/14693/000001469311000098/form10-q.htm"
  },
  {
    "date": "2011-04-30",
    "symbol": "BF-B",
    "reportedCurrency": "USD",
    "cik": "0000014693",
    "fillingDate": "2011-06-27",
    "acceptedDate": "2011-06-27 10:40:51",
    "calendarYear": "2011",
    "period": "Q4",
    "revenue": 610200000,
    "costOfRevenue": 187300000,
    "grossProfit": 422900000,
    "grossProfitRatio": 0.6930514585,
    "researchAndDevelopmentExpenses": 0,
    "generalAndAdministrativeExpenses": 166800000,
    "sellingAndMarketingExpenses": 99300000,
    "sellingGeneralAndAdministrativeExpenses": 266100000,
    "otherExpenses": -65100000,
    "operatingExpenses": 201000000,
    "costAndExpenses": 378600000,
    "interestIncome": 1300000,
    "interestExpense": 8100000,
    "depreciationAndAmortization": 13100000,
    "ebitda": 236300000,
    "ebitdaratio": 0.3872500819,
    "operatingIncome": 221900000,
    "operatingIncomeRatio": 0.3636512619,
    "totalOtherIncomeExpensesNet": -6800000,
    "incomeBeforeTax": 215100000,
    "incomeBeforeTaxRatio": 0.3525073746,
    "incomeTaxExpense": 49200000,
    "netIncome": 165900000,
    "netIncomeRatio": 0.2718780728,
    "eps": 0.31,
    "epsdiluted": 0.3,
    "weightedAverageShsOut": 543105000,
    "weightedAverageShsOutDil": 547001250,
    "link": "https://www.sec.gov/Archives/edgar/data/14693/000001469311000044/0000014693-11-000044-index.htm",
    "finalLink": "https://www.sec.gov/Archives/edgar/data/14693/000001469311000044/form10-k.htm"
  },
  {
    "date": "2011-01-31",
    "symbol": "BF-B",
    "reportedCurrency": "USD",
    "cik": "0000014693",
    "fillingDate": "2011-03-09",
    "acceptedDate": "2011-03-09 14:13:56",
    "calendarYear": "2011",
    "period": "Q3",
    "revenue": 708000000,
    "costOfRevenue": 244500000,
    "grossProfit": 463500000,
    "grossProfitRatio": 0.6546610169,
    "researchAndDevelopmentExpenses": 0,
    "generalAndAdministrativeExpenses": 142300000,
    "sellingAndMarketingExpenses": 96800000,
    "sellingGeneralAndAdministrativeExpenses": 239100000,
    "otherExpenses": -1100000,
    "operatingExpenses": 238000000,
    "costAndExpenses": 484900000,
    "interestIncome": 600000,
    "interestExpense": 7500000,
    "depreciationAndAmortization": 14200000,
    "ebitda": 240300000,
    "ebitdaratio": 0.3394067797,
    "operatingIncome": 225500000,
    "operatingIncomeRatio": 0.3185028249,
    "totalOtherIncomeExpensesNet": -6900000,
    "incomeBeforeTax": 218600000,
    "incomeBeforeTaxRatio": 0.3087570621,
    "incomeTaxExpense": 77900000,
    "netIncome": 140700000,
    "netIncomeRatio": 0.1987288136,
    "eps": 0.26,
    "epsdiluted": 0.26,
    "weightedAverageShsOut": 543978750,
    "weightedAverageShsOutDil": 547650000,
    "link": "https://www.sec.gov/Archives/edgar/data/14693/000001469311000011/0000014693-11-000011-index.htm",
    "finalLink": "https://www.sec.gov/Archives/edgar/data/14693/000001469311000011/form10-q.htm"
  },
  {
    "date": "2010-10-31",
    "symbol": "BF-B",
    "reportedCurrency": "USD",
    "cik": "0000014693",
    "fillingDate": "2010-12-09",
    "acceptedDate": "2010-12-09 14:02:04",
    "calendarYear": "2011",
    "period": "Q2",
    "revenue": 905700000,
    "costOfRevenue": 239600000,
    "grossProfit": 666100000,
    "grossProfitRatio": 0.7354532406,
    "researchAndDevelopmentExpenses": 0,
    "generalAndAdministrativeExpenses": 132900000,
    "sellingAndMarketingExpenses": 93500000,
    "sellingGeneralAndAdministrativeExpenses": 226400000,
    "otherExpenses": -2600000,
    "operatingExpenses": 223800000,
    "costAndExpenses": 463400000,
    "interestIncome": 600000,
    "interestExpense": 6700000,
    "depreciationAndAmortization": 14200000,
    "ebitda": 249800000,
    "ebitdaratio": 0.2758087667,
    "operatingIncome": 235000000,
    "operatingIncomeRatio": 0.2594678149,
    "totalOtherIncomeExpensesNet": -6100000,
    "incomeBeforeTax": 228900000,
    "incomeBeforeTaxRatio": 0.2527326929,
    "incomeTaxExpense": 74900000,
    "netIncome": 154000000,
    "netIncomeRatio": 0.1700342277,
    "eps": 0.28,
    "epsdiluted": 0.28,
    "weightedAverageShsOut": 546183750,
    "weightedAverageShsOutDil": 549390000,
    "link": "https://www.sec.gov/Archives/edgar/data/14693/000001469310000134/0000014693-10-000134-index.htm",
    "finalLink": "https://www.sec.gov/Archives/edgar/data/14693/000001469310000134/form10-q.htm"
  },
  {
    "date": "2010-07-31",
    "symbol": "BF-B",
    "reportedCurrency": "USD",
    "cik": "0000014693",
    "fillingDate": "2010-09-02",
    "acceptedDate": "2010-09-02 16:29:34",
    "calendarYear": "2011",
    "period": "Q1",
    "revenue": 569400000,
    "costOfRevenue": 190600000,
    "grossProfit": 378800000,
    "grossProfitRatio": 0.665261679,
    "researchAndDevelopmentExpenses": 0,
    "generalAndAdministrativeExpenses": 131900000,
    "sellingAndMarketingExpenses": 76300000,
    "sellingGeneralAndAdministrativeExpenses": 208200000,
    "otherExpenses": -2100000,
    "operatingExpenses": 206100000,
    "costAndExpenses": 396700000,
    "interestIncome": 500000,
    "interestExpense": 6700000,
    "depreciationAndAmortization": 1300000,
    "ebitda": 187700000,
    "ebitdaratio": 0.3296452406,
    "operatingIncome": 172700000,
    "operatingIncomeRatio": 0.3033017211,
    "totalOtherIncomeExpensesNet": -6200000,
    "incomeBeforeTax": 166500000,
    "incomeBeforeTaxRatio": 0.2924130664,
    "incomeTaxExpense": 55100000,
    "netIncome": 111400000,
    "netIncomeRatio": 0.1956445381,
    "eps": 0.2,
    "epsdiluted": 0.2,
    "weightedAverageShsOut": 549637500,
    "weightedAverageShsOutDil": 552693750,
    "link": "https://www.sec.gov/Archives/edgar/data/14693/000001469310000094/0000014693-10-000094-index.htm",
    "finalLink": "https://www.sec.gov/Archives/edgar/data/14693/000001469310000094/form10-q.htm"
  },
  {
    "date": "2010-04-30",
    "symbol": "BF-B",
    "reportedCurrency": "USD",
    "cik": "0000014693",
    "fillingDate": "2010-06-25",
    "acceptedDate": "2010-06-25 15:36:26",
    "calendarYear": "2010",
    "period": "Q4",
    "revenue": 562000000,
    "costOfRevenue": 185000000,
    "grossProfit": 377000000,
    "grossProfitRatio": 0.6708185053,
    "researchAndDevelopmentExpenses": 0,
    "generalAndAdministrativeExpenses": 165300000,
    "sellingAndMarketingExpenses": 89800000,
    "sellingGeneralAndAdministrativeExpenses": 255100000,
    "otherExpenses": 3400000,
    "operatingExpenses": 258500000,
    "costAndExpenses": 436500000,
    "interestIncome": 1100000,
    "interestExpense": 7400000,
    "depreciationAndAmortization": 15200000,
    "ebitda": 134800000,
    "ebitdaratio": 0.2398576512,
    "operatingIncome": 118500000,
    "operatingIncomeRatio": 0.2108540925,
    "totalOtherIncomeExpensesNet": -6300000,
    "incomeBeforeTax": 112200000,
    "incomeBeforeTaxRatio": 0.1996441281,
    "incomeTaxExpense": 39700000,
    "netIncome": 72500000,
    "netIncomeRatio": 0.1290035587,
    "eps": 0.13,
    "epsdiluted": 0.13,
    "weightedAverageShsOut": 549637500,
    "weightedAverageShsOutDil": 552693750,
    "link": "https://www.sec.gov/Archives/edgar/data/14693/000001469310000057/0000014693-10-000057-index.htm",
    "finalLink": "https://www.sec.gov/Archives/edgar/data/14693/000001469310000057/form10-k.htm"
  },
  {
    "date": "2010-01-31",
    "symbol": "BF-B",
    "reportedCurrency": "USD",
    "cik": "0000014693",
    "fillingDate": "2010-03-11",
    "acceptedDate": "2010-03-11 15:36:13",
    "calendarYear": "2010",
    "period": "Q3",
    "revenue": 637400000,
    "costOfRevenue": 226500000,
    "grossProfit": 410900000,
    "grossProfitRatio": 0.6446501412,
    "researchAndDevelopmentExpenses": 0,
    "generalAndAdministrativeExpenses": 131500000,
    "sellingAndMarketingExpenses": 92000000,
    "sellingGeneralAndAdministrativeExpenses": 223500000,
    "otherExpenses": 13500000,
    "operatingExpenses": 237000000,
    "costAndExpenses": 463500000,
    "interestIncome": 500000,
    "interestExpense": 7100000,
    "depreciationAndAmortization": 1300000,
    "ebitda": 189600000,
    "ebitdaratio": 0.2974584249,
    "operatingIncome": 173900000,
    "operatingIncomeRatio": 0.2728271101,
    "totalOtherIncomeExpensesNet": -7100000,
    "incomeBeforeTax": 166800000,
    "incomeBeforeTaxRatio": 0.2616881079,
    "incomeTaxExpense": 58900000,
    "netIncome": 107900000,
    "netIncomeRatio": 0.1692814559,
    "eps": 0.19,
    "epsdiluted": 0.19,
    "weightedAverageShsOut": 550342500,
    "weightedAverageShsOutDil": 553282500,
    "link": "https://www.sec.gov/Archives/edgar/data/14693/000001469310000015/0000014693-10-000015-index.htm",
    "finalLink": "https://www.sec.gov/Archives/edgar/data/14693/000001469310000015/form10q.htm"
  },
  {
    "date": "2009-10-31",
    "symbol": "BF-B",
    "reportedCurrency": "USD",
    "cik": "0000014693",
    "fillingDate": "2009-12-09",
    "acceptedDate": "2009-12-09 15:46:01",
    "calendarYear": "2010",
    "period": "Q2",
    "revenue": 892900000,
    "costOfRevenue": 255800000,
    "grossProfit": 637100000,
    "grossProfitRatio": 0.7135177511,
    "researchAndDevelopmentExpenses": 0,
    "generalAndAdministrativeExpenses": 125100000,
    "sellingAndMarketingExpenses": 92100000,
    "sellingGeneralAndAdministrativeExpenses": 217200000,
    "otherExpenses": 194300000,
    "operatingExpenses": 411500000,
    "costAndExpenses": 473200000,
    "interestIncome": 400000,
    "interestExpense": 7400000,
    "depreciationAndAmortization": 1300000,
    "ebitda": 240200000,
    "ebitdaratio": 0.2690110875,
    "operatingIncome": 225600000,
    "operatingIncomeRatio": 0.2526598723,
    "totalOtherIncomeExpensesNet": -7400000,
    "incomeBeforeTax": 218200000,
    "incomeBeforeTaxRatio": 0.2443722701,
    "incomeTaxExpense": 70900000,
    "netIncome": 147300000,
    "netIncomeRatio": 0.1649680815,
    "eps": 0.26,
    "epsdiluted": 0.26,
    "weightedAverageShsOut": 554970000,
    "weightedAverageShsOutDil": 557602500,
    "link": "https://www.sec.gov/Archives/edgar/data/14693/000001469309000099/0000014693-09-000099-index.htm",
    "finalLink": "https://www.sec.gov/Archives/edgar/data/14693/000001469309000099/form10q1009.txt"
  },
  {
    "date": "2009-07-31",
    "symbol": "BF-B",
    "reportedCurrency": "USD",
    "cik": "0000014693",
    "fillingDate": "2009-09-04",
    "acceptedDate": "2009-09-04 12:47:28",
    "calendarYear": "2010",
    "period": "Q1",
    "revenue": 737900000,
    "costOfRevenue": 190700000,
    "grossProfit": 547200000,
    "grossProfitRatio": 0.7415638975,
    "researchAndDevelopmentExpenses": 0,
    "generalAndAdministrativeExpenses": 117200000,
    "sellingAndMarketingExpenses": 76000000,
    "sellingGeneralAndAdministrativeExpenses": 193200000,
    "otherExpenses": -5100000,
    "operatingExpenses": 188100000,
    "costAndExpenses": 378800000,
    "interestIncome": 1000000,
    "interestExpense": 7100000,
    "depreciationAndAmortization": 1300000,
    "ebitda": 207400000,
    "ebitdaratio": 0.2810678954,
    "operatingIncome": 192000000,
    "operatingIncomeRatio": 0.2601978588,
    "totalOtherIncomeExpensesNet": -7100000,
    "incomeBeforeTax": 184900000,
    "incomeBeforeTaxRatio": 0.2505759588,
    "incomeTaxExpense": 63500000,
    "netIncome": 121400000,
    "netIncomeRatio": 0.1645209378,
    "eps": 0.22,
    "epsdiluted": 0.22,
    "weightedAverageShsOut": 561015000,
    "weightedAverageShsOutDil": 563516250,
    "link": "https://www.sec.gov/Archives/edgar/data/14693/000001469309000075/0000014693-09-000075-index.htm",
    "finalLink": "https://www.sec.gov/Archives/edgar/data/14693/000001469309000075/form10q0709.txt"
  },
  {
    "date": "2009-04-30",
    "symbol": "BF-B",
    "reportedCurrency": "USD",
    "cik": "0000014693",
    "fillingDate": "2009-06-26",
    "acceptedDate": "2009-06-26 14:08:20",
    "calendarYear": "2009",
    "period": "Q4",
    "revenue": 536800000,
    "costOfRevenue": 177900000,
    "grossProfit": 358900000,
    "grossProfitRatio": 0.6685916542,
    "researchAndDevelopmentExpenses": 0,
    "generalAndAdministrativeExpenses": 150800000,
    "sellingAndMarketingExpenses": 88900000,
    "sellingGeneralAndAdministrativeExpenses": 239700000,
    "otherExpenses": -2200000,
    "operatingExpenses": 237500000,
    "costAndExpenses": 415400000,
    "interestIncome": 0,
    "interestExpense": 0,
    "depreciationAndAmortization": 14900000,
    "ebitda": 142300000,
    "ebitdaratio": 0.2650894188,
    "operatingIncome": 121400000,
    "operatingIncomeRatio": 0.2261549925,
    "totalOtherIncomeExpensesNet": -7500000,
    "incomeBeforeTax": 113900000,
    "incomeBeforeTaxRatio": 0.2121833085,
    "incomeTaxExpense": 33700000,
    "netIncome": 80200000,
    "netIncomeRatio": 0.1494038748,
    "eps": 0.14,
    "epsdiluted": 0.14,
    "weightedAverageShsOut": 561015000,
    "weightedAverageShsOutDil": 563516250,
    "link": "https://www.sec.gov/Archives/edgar/data/14693/000001469309000039/0000014693-09-000039-index.htm",
    "finalLink": "https://www.sec.gov/Archives/edgar/data/14693/000001469309000039/form10k2009.txt"
  },
  {
    "date": "2009-01-31",
    "symbol": "BF-B",
    "reportedCurrency": "USD",
    "cik": "0000014693",
    "fillingDate": "2009-03-11",
    "acceptedDate": "2009-03-11 16:11:30",
    "calendarYear": "2009",
    "period": "Q3",
    "revenue": 592400000,
    "costOfRevenue": 221800000,
    "grossProfit": 370600000,
    "grossProfitRatio": 0.625590817,
    "researchAndDevelopmentExpenses": 0,
    "generalAndAdministrativeExpenses": 113100000,
    "sellingAndMarketingExpenses": 87000000,
    "sellingGeneralAndAdministrativeExpenses": 200100000,
    "otherExpenses": -6700000,
    "operatingExpenses": 193400000,
    "costAndExpenses": 415200000,
    "interestIncome": 1300000,
    "interestExpense": 9400000,
    "depreciationAndAmortization": 13500000,
    "ebitda": 192000000,
    "ebitdaratio": 0.3241053342,
    "operatingIncome": 177200000,
    "operatingIncomeRatio": 0.2991222147,
    "totalOtherIncomeExpensesNet": -8100000,
    "incomeBeforeTax": 169100000,
    "incomeBeforeTaxRatio": 0.2854490209,
    "incomeTaxExpense": 45700000,
    "netIncome": 123400000,
    "netIncomeRatio": 0.2083051992,
    "eps": 0.22,
    "epsdiluted": 0.22,
    "weightedAverageShsOut": 564540000,
    "weightedAverageShsOutDil": 567517500,
    "link": "https://www.sec.gov/Archives/edgar/data/14693/000001469309000013/0000014693-09-000013-index.htm",
    "finalLink": "https://www.sec.gov/Archives/edgar/data/14693/000001469309000013/form10q0109.txt"
  },
  {
    "date": "2008-10-31",
    "symbol": "BF-B",
    "reportedCurrency": "USD",
    "cik": "0000014693",
    "fillingDate": "2008-12-08",
    "acceptedDate": "2008-12-08 17:03:44",
    "calendarYear": "2009",
    "period": "Q2",
    "revenue": 737900000,
    "costOfRevenue": 271200000,
    "grossProfit": 466700000,
    "grossProfitRatio": 0.6324705245,
    "researchAndDevelopmentExpenses": 0,
    "generalAndAdministrativeExpenses": 139900000,
    "sellingAndMarketingExpenses": 110000000,
    "sellingGeneralAndAdministrativeExpenses": 249900000,
    "otherExpenses": -4900000,
    "operatingExpenses": 245000000,
    "costAndExpenses": 516200000,
    "interestIncome": 1700000,
    "interestExpense": 9600000,
    "depreciationAndAmortization": 13300000,
    "ebitda": 236700000,
    "ebitdaratio": 0.3207751728,
    "operatingIncome": 221700000,
    "operatingIncomeRatio": 0.3004472151,
    "totalOtherIncomeExpensesNet": -7900000,
    "incomeBeforeTax": 213800000,
    "incomeBeforeTaxRatio": 0.2897411573,
    "incomeTaxExpense": 70600000,
    "netIncome": 143200000,
    "netIncomeRatio": 0.1940642363,
    "eps": 0.25,
    "epsdiluted": 0.25,
    "weightedAverageShsOut": 564978750,
    "weightedAverageShsOutDil": 568841250,
    "link": "https://www.sec.gov/Archives/edgar/data/14693/000001469308000122/0000014693-08-000122-index.htm",
    "finalLink": "https://www.sec.gov/Archives/edgar/data/14693/000001469308000122/form10q1008.txt"
  },
  {
    "date": "2008-07-31",
    "symbol": "BF-B",
    "reportedCurrency": "USD",
    "cik": "0000014693",
    "fillingDate": "2008-09-05",
    "acceptedDate": "2008-09-05 15:45:27",
    "calendarYear": "2009",
    "period": "Q1",
    "revenue": 790000000,
    "costOfRevenue": 233000000,
    "grossProfit": 557000000,
    "grossProfitRatio": 0.7050632911,
    "researchAndDevelopmentExpenses": 0,
    "generalAndAdministrativeExpenses": 144300000,
    "sellingAndMarketingExpenses": 97000000,
    "sellingGeneralAndAdministrativeExpenses": 241300000,
    "otherExpenses": -1100000,
    "operatingExpenses": 240200000,
    "costAndExpenses": 473200000,
    "interestIncome": 1700000,
    "interestExpense": 9200000,
    "depreciationAndAmortization": 13300000,
    "ebitda": 155600000,
    "ebitdaratio": 0.1969620253,
    "operatingIncome": 140600000,
    "operatingIncomeRatio": 0.1779746835,
    "totalOtherIncomeExpensesNet": -7500000,
    "incomeBeforeTax": 133100000,
    "incomeBeforeTaxRatio": 0.1684810127,
    "incomeTaxExpense": 44900000,
    "netIncome": 264400000,
    "netIncomeRatio": 0.3346835443,
    "eps": 0.16,
    "epsdiluted": 0.15,
    "weightedAverageShsOut": 564765000,
    "weightedAverageShsOutDil": 569265000,
    "link": "https://www.sec.gov/Archives/edgar/data/14693/000001469308000096/0000014693-08-000096-index.htm",
    "finalLink": "https://www.sec.gov/Archives/edgar/data/14693/000001469308000096/form10q0708.txt"
  },
  {
    "date": "2008-04-30",
    "symbol": "BF-B",
    "reportedCurrency": "USD",
    "cik": "0000014693",
    "fillingDate": "2008-06-27",
    "acceptedDate": "2008-06-27 13:47:28",
    "calendarYear": "2008",
    "period": "Q4",
    "revenue": 606900000,
    "costOfRevenue": 205500000,
    "grossProfit": 401400000,
    "grossProfitRatio": 0.6613939694,
    "researchAndDevelopmentExpenses": 0,
    "generalAndAdministrativeExpenses": 158900000,
    "sellingAndMarketingExpenses": 100800000,
    "sellingGeneralAndAdministrativeExpenses": 259700000,
    "otherExpenses": 6400000,
    "operatingExpenses": 266100000,
    "costAndExpenses": 471600000,
    "interestIncome": 0,
    "interestExpense": 0,
    "depreciationAndAmortization": 13600000,
    "ebitda": 148900000,
    "ebitdaratio": 0.2453451969,
    "operatingIncome": 135300000,
    "operatingIncomeRatio": 0.2229362333,
    "totalOtherIncomeExpensesNet": -8500000,
    "incomeBeforeTax": 126800000,
    "incomeBeforeTaxRatio": 0.2089306311,
    "incomeTaxExpense": 27500000,
    "netIncome": 99300000,
    "netIncomeRatio": 0.1636183885,
    "eps": 0.18,
    "epsdiluted": 0.17,
    "weightedAverageShsOut": 564764062,
    "weightedAverageShsOutDil": 569760937,
    "link": "https://www.sec.gov/Archives/edgar/data/14693/000001469308000060/0000014693-08-000060-index.htm",
    "finalLink": "https://www.sec.gov/Archives/edgar/data/14693/000001469308000060/form10k2008.txt"
  },
  {
    "date": "2008-01-31",
    "symbol": "BF-B",
    "reportedCurrency": "USD",
    "cik": "0000014693",
    "fillingDate": "2008-03-07",
    "acceptedDate": "2008-03-07 17:28:26",
    "calendarYear": "2008",
    "period": "Q3",
    "revenue": 672400000,
    "costOfRevenue": 239800000,
    "grossProfit": 432600000,
    "grossProfitRatio": 0.6433670434,
    "researchAndDevelopmentExpenses": 0,
    "generalAndAdministrativeExpenses": 143300000,
    "sellingAndMarketingExpenses": 107600000,
    "sellingGeneralAndAdministrativeExpenses": 250900000,
    "otherExpenses": 100000,
    "operatingExpenses": 251000000,
    "costAndExpenses": 490800000,
    "interestIncome": 0,
    "interestExpense": 0,
    "depreciationAndAmortization": 12700000,
    "ebitda": 194300000,
    "ebitdaratio": 0.2889649018,
    "operatingIncome": 181600000,
    "operatingIncomeRatio": 0.2700773349,
    "totalOtherIncomeExpensesNet": -9100000,
    "incomeBeforeTax": 172500000,
    "incomeBeforeTaxRatio": 0.256543724,
    "incomeTaxExpense": 56600000,
    "netIncome": 116000000,
    "netIncomeRatio": 0.1725163593,
    "eps": 0.2,
    "epsdiluted": 0.2,
    "weightedAverageShsOut": 575793750,
    "weightedAverageShsOutDil": 581130000,
    "link": "https://www.sec.gov/Archives/edgar/data/14693/000001469308000019/0000014693-08-000019-index.htm",
    "finalLink": "https://www.sec.gov/Archives/edgar/data/14693/000001469308000019/form10q0108.txt"
  },
  {
    "date": "2007-10-31",
    "symbol": "BF-B",
    "reportedCurrency": "USD",
    "cik": "0000014693",
    "fillingDate": "2007-12-07",
    "acceptedDate": "2007-12-07 15:14:11",
    "calendarYear": "2008",
    "period": "Q2",
    "revenue": 715600000,
    "costOfRevenue": 245600000,
    "grossProfit": 470000000,
    "grossProfitRatio": 0.6567915036,
    "researchAndDevelopmentExpenses": 0,
    "generalAndAdministrativeExpenses": 146700000,
    "sellingAndMarketingExpenses": 112600000,
    "sellingGeneralAndAdministrativeExpenses": 259300000,
    "otherExpenses": -1900000,
    "operatingExpenses": 257400000,
    "costAndExpenses": 503000000,
    "interestIncome": 0,
    "interestExpense": 0,
    "depreciationAndAmortization": 12900000,
    "ebitda": 225500000,
    "ebitdaratio": 0.3151201789,
    "operatingIncome": 212600000,
    "operatingIncomeRatio": 0.2970933482,
    "totalOtherIncomeExpensesNet": -12200000,
    "incomeBeforeTax": 200400000,
    "incomeBeforeTaxRatio": 0.2800447177,
    "incomeTaxExpense": 70900000,
    "netIncome": 129400000,
    "netIncomeRatio": 0.1808272778,
    "eps": 0.22,
    "epsdiluted": 0.22,
    "weightedAverageShsOut": 578020312,
    "weightedAverageShsOutDil": 583753125,
    "link": "https://www.sec.gov/Archives/edgar/data/14693/000001469307000124/0000014693-07-000124-index.htm",
    "finalLink": "https://www.sec.gov/Archives/edgar/data/14693/000001469307000124/form10q1007.txt"
  },
  {
    "date": "2007-07-31",
    "symbol": "BF-B",
    "reportedCurrency": "USD",
    "cik": "0000014693",
    "fillingDate": "2007-09-07",
    "acceptedDate": "2007-09-07 17:22:21",
    "calendarYear": "2008",
    "period": "Q1",
    "revenue": 739100000,
    "costOfRevenue": 196100000,
    "grossProfit": 543000000,
    "grossProfitRatio": 0.7346773102,
    "researchAndDevelopmentExpenses": 0,
    "generalAndAdministrativeExpenses": 143100000,
    "sellingAndMarketingExpenses": 94000000,
    "sellingGeneralAndAdministrativeExpenses": 237100000,
    "otherExpenses": 150500000,
    "operatingExpenses": 387600000,
    "costAndExpenses": 431700000,
    "interestIncome": 0,
    "interestExpense": 0,
    "depreciationAndAmortization": 12800000,
    "ebitda": 320200000,
    "ebitdaratio": 0.4332296036,
    "operatingIncome": 155400000,
    "operatingIncomeRatio": 0.2102557164,
    "totalOtherIncomeExpensesNet": -11100000,
    "incomeBeforeTax": 144300000,
    "incomeBeforeTaxRatio": 0.195237451,
    "incomeTaxExpense": 48900000,
    "netIncome": 247300000,
    "netIncomeRatio": 0.3345961304,
    "eps": 0.16,
    "epsdiluted": 0.16,
    "weightedAverageShsOut": 577579687,
    "weightedAverageShsOutDil": 583284375,
    "link": "https://www.sec.gov/Archives/edgar/data/14693/000001469307000106/0000014693-07-000106-index.htm",
    "finalLink": "https://www.sec.gov/Archives/edgar/data/14693/000001469307000106/form10q0707.txt"
  },
  {
    "date": "2007-04-30",
    "symbol": "BF-B",
    "reportedCurrency": "USD",
    "cik": "0000014693",
    "fillingDate": "2007-06-28",
    "acceptedDate": "2007-06-28 16:42:29",
    "calendarYear": "2007",
    "period": "Q4",
    "revenue": 548700000,
    "costOfRevenue": 186600000,
    "grossProfit": 362100000,
    "grossProfitRatio": 0.6599234554,
    "researchAndDevelopmentExpenses": 0,
    "generalAndAdministrativeExpenses": 158900000,
    "sellingAndMarketingExpenses": 93800000,
    "sellingGeneralAndAdministrativeExpenses": 252700000,
    "otherExpenses": 1100000,
    "operatingExpenses": 253800000,
    "costAndExpenses": 440400000,
    "interestIncome": 0,
    "interestExpense": 0,
    "depreciationAndAmortization": 12200000,
    "ebitda": 120500000,
    "ebitdaratio": 0.2196099872,
    "operatingIncome": 108300000,
    "operatingIncomeRatio": 0.1973756151,
    "totalOtherIncomeExpensesNet": -10600000,
    "incomeBeforeTax": 97700000,
    "incomeBeforeTaxRatio": 0.1780572262,
    "incomeTaxExpense": 28600000,
    "netIncome": 66300000,
    "netIncomeRatio": 0.1208310552,
    "eps": 0.11,
    "epsdiluted": 0.11,
    "weightedAverageShsOut": 577579687,
    "weightedAverageShsOutDil": 583284375,
    "link": "https://www.sec.gov/Archives/edgar/data/14693/000001469307000066/0000014693-07-000066-index.htm",
    "finalLink": "https://www.sec.gov/Archives/edgar/data/14693/000001469307000066/form10k2007.txt"
  },
  {
    "date": "2007-01-31",
    "symbol": "BF-B",
    "reportedCurrency": "USD",
    "cik": "0000014693",
    "fillingDate": "2007-03-09",
    "acceptedDate": "2007-03-09 17:23:58",
    "calendarYear": "2007",
    "period": "Q3",
    "revenue": 582100000,
    "costOfRevenue": 194800000,
    "grossProfit": 387300000,
    "grossProfitRatio": 0.6653495963,
    "researchAndDevelopmentExpenses": 0,
    "generalAndAdministrativeExpenses": 129200000,
    "sellingAndMarketingExpenses": 94200000,
    "sellingGeneralAndAdministrativeExpenses": 223400000,
    "otherExpenses": -4900000,
    "operatingExpenses": 218500000,
    "costAndExpenses": 413300000,
    "interestIncome": 0,
    "interestExpense": 0,
    "depreciationAndAmortization": 11100000,
    "ebitda": 180500000,
    "ebitdaratio": 0.310084178,
    "operatingIncome": 168800000,
    "operatingIncomeRatio": 0.2899845387,
    "totalOtherIncomeExpensesNet": -2500000,
    "incomeBeforeTax": 166300000,
    "incomeBeforeTaxRatio": 0.285689744,
    "incomeTaxExpense": 54700000,
    "netIncome": 105100000,
    "netIncomeRatio": 0.1805531696,
    "eps": 0.18,
    "epsdiluted": 0.18,
    "weightedAverageShsOut": 576393750,
    "weightedAverageShsOutDil": 582328125,
    "link": "https://www.sec.gov/Archives/edgar/data/14693/000001469307000016/0000014693-07-000016-index.htm",
    "finalLink": "https://www.sec.gov/Archives/edgar/data/14693/000001469307000016/form10q0107.txt"
  },
  {
    "date": "2006-10-31",
    "symbol": "BF-B",
    "reportedCurrency": "USD",
    "cik": "0000014693",
    "fillingDate": "2006-12-07",
    "acceptedDate": "2006-12-07 14:39:14",
    "calendarYear": "2007",
    "period": "Q2",
    "revenue": 590300000,
    "costOfRevenue": 204900000,
    "grossProfit": 385400000,
    "grossProfitRatio": 0.6528883618,
    "researchAndDevelopmentExpenses": 0,
    "generalAndAdministrativeExpenses": 123800000,
    "sellingAndMarketingExpenses": 92700000,
    "sellingGeneralAndAdministrativeExpenses": 213100000,
    "otherExpenses": -13200000,
    "operatingExpenses": 199900000,
    "costAndExpenses": 408200000,
    "interestIncome": 0,
    "interestExpense": 0,
    "depreciationAndAmortization": 10500000,
    "ebitda": 192600000,
    "ebitdaratio": 0.3262747755,
    "operatingIncome": 182700000,
    "operatingIncomeRatio": 0.3095036422,
    "totalOtherIncomeExpensesNet": -1900000,
    "incomeBeforeTax": 180200000,
    "incomeBeforeTaxRatio": 0.3052685075,
    "incomeTaxExpense": 55900000,
    "netIncome": 123800000,
    "netIncomeRatio": 0.2097238692,
    "eps": 0.22,
    "epsdiluted": 0.21,
    "weightedAverageShsOut": 575967187,
    "weightedAverageShsOutDil": 582614062,
    "link": "https://www.sec.gov/Archives/edgar/data/14693/000001469306000160/0000014693-06-000160-index.htm",
    "finalLink": "https://www.sec.gov/Archives/edgar/data/14693/000001469306000160/form10q1006.txt"
  },
  {
    "date": "2006-07-31",
    "symbol": "BF-B",
    "reportedCurrency": "USD",
    "cik": "0000014693",
    "fillingDate": "2006-09-06",
    "acceptedDate": "2006-09-06 12:38:08",
    "calendarYear": "2007",
    "period": "Q1",
    "revenue": 511300000,
    "costOfRevenue": 159900000,
    "grossProfit": 351400000,
    "grossProfitRatio": 0.6872677489,
    "researchAndDevelopmentExpenses": 0,
    "generalAndAdministrativeExpenses": 131000000,
    "sellingAndMarketingExpenses": 81200000,
    "sellingGeneralAndAdministrativeExpenses": 212200000,
    "otherExpenses": -2000000,
    "operatingExpenses": 210200000,
    "costAndExpenses": 370100000,
    "interestIncome": 0,
    "interestExpense": 0,
    "depreciationAndAmortization": 10200000,
    "ebitda": 151400000,
    "ebitdaratio": 0.2961079601,
    "operatingIncome": 141200000,
    "operatingIncomeRatio": 0.2761588109,
    "totalOtherIncomeExpensesNet": -1200000,
    "incomeBeforeTax": 140000000,
    "incomeBeforeTaxRatio": 0.2738118521,
    "incomeTaxExpense": 46200000,
    "netIncome": 93700000,
    "netIncomeRatio": 0.183258361,
    "eps": 0.16,
    "epsdiluted": 0.16,
    "weightedAverageShsOut": 574748437,
    "weightedAverageShsOutDil": 581559375,
    "link": "https://www.sec.gov/Archives/edgar/data/14693/000001469306000103/0000014693-06-000103-index.htm",
    "finalLink": "https://www.sec.gov/Archives/edgar/data/14693/000001469306000103/form10q0706.txt"
  },
  {
    "date": "2006-04-30",
    "symbol": "BF-B",
    "reportedCurrency": "USD",
    "cik": "0000014693",
    "fillingDate": "2006-06-29",
    "acceptedDate": "2006-06-29 15:18:21",
    "calendarYear": "2006",
    "period": "Q4",
    "revenue": 471900000,
    "costOfRevenue": 145700000,
    "grossProfit": 326200000,
    "grossProfitRatio": 0.6912481458,
    "researchAndDevelopmentExpenses": 0,
    "generalAndAdministrativeExpenses": 143400000,
    "sellingAndMarketingExpenses": 80300000,
    "sellingGeneralAndAdministrativeExpenses": 223700000,
    "otherExpenses": -400000,
    "operatingExpenses": 223300000,
    "costAndExpenses": 369000000,
    "interestIncome": 0,
    "interestExpense": 0,
    "depreciationAndAmortization": 11700000,
    "ebitda": 114600000,
    "ebitdaratio": 0.242848061,
    "operatingIncome": 102900000,
    "operatingIncomeRatio": 0.2180546726,
    "totalOtherIncomeExpensesNet": -200000,
    "incomeBeforeTax": 102700000,
    "incomeBeforeTaxRatio": 0.217630854,
    "incomeTaxExpense": 27300000,
    "netIncome": 77900000,
    "netIncomeRatio": 0.1650773469,
    "eps": 0.14,
    "epsdiluted": 0.13,
    "weightedAverageShsOut": 574748437,
    "weightedAverageShsOutDil": 581559375,
    "link": "https://www.sec.gov/Archives/edgar/data/14693/000001469306000065/0000014693-06-000065-index.htm",
    "finalLink": "https://www.sec.gov/Archives/edgar/data/14693/000001469306000065/form10k2006.txt"
  },
  {
    "date": "2006-01-31",
    "symbol": "BF-B",
    "reportedCurrency": "USD",
    "cik": "0000014693",
    "fillingDate": "2006-03-14",
    "acceptedDate": "2006-03-13 20:55:31",
    "calendarYear": "2006",
    "period": "Q3",
    "revenue": 504000000,
    "costOfRevenue": 169600000,
    "grossProfit": 334400000,
    "grossProfitRatio": 0.6634920635,
    "researchAndDevelopmentExpenses": 0,
    "generalAndAdministrativeExpenses": 116100000,
    "sellingAndMarketingExpenses": 85000000,
    "sellingGeneralAndAdministrativeExpenses": 198000000,
    "otherExpenses": -32500000,
    "operatingExpenses": 165500000,
    "costAndExpenses": 338300000,
    "interestIncome": 0,
    "interestExpense": 0,
    "depreciationAndAmortization": 6300000,
    "ebitda": 171600000,
    "ebitdaratio": 0.3404761905,
    "operatingIncome": 165300000,
    "operatingIncomeRatio": 0.3279761905,
    "totalOtherIncomeExpensesNet": 300000,
    "incomeBeforeTax": 166000000,
    "incomeBeforeTaxRatio": 0.3293650794,
    "incomeTaxExpense": 45600000,
    "netIncome": 120500000,
    "netIncomeRatio": 0.2390873016,
    "eps": 0.21,
    "epsdiluted": 0.21,
    "weightedAverageShsOut": 572418750,
    "weightedAverageShsOutDil": 579178125,
    "link": "https://www.sec.gov/Archives/edgar/data/14693/000001469306000014/0000014693-06-000014-index.htm",
    "finalLink": "https://www.sec.gov/Archives/edgar/data/14693/000001469306000014/form10q0106.txt"
  },
  {
    "date": "2005-10-31",
    "symbol": "BF-B",
    "reportedCurrency": "USD",
    "cik": "0000014693",
    "fillingDate": "2005-12-02",
    "acceptedDate": "2005-12-02 15:45:21",
    "calendarYear": "2006",
    "period": "Q2",
    "revenue": 550400000,
    "costOfRevenue": 193000000,
    "grossProfit": 357400000,
    "grossProfitRatio": 0.6493459302,
    "researchAndDevelopmentExpenses": 0,
    "generalAndAdministrativeExpenses": 110200000,
    "sellingAndMarketingExpenses": 87400000,
    "sellingGeneralAndAdministrativeExpenses": 197600000,
    "otherExpenses": -400000,
    "operatingExpenses": 197200000,
    "costAndExpenses": 390200000,
    "interestIncome": 0,
    "interestExpense": 0,
    "depreciationAndAmortization": 12000000,
    "ebitda": 175400000,
    "ebitdaratio": 0.3186773256,
    "operatingIncome": 160200000,
    "operatingIncomeRatio": 0.2910610465,
    "totalOtherIncomeExpensesNet": -1300000,
    "incomeBeforeTax": 158900000,
    "incomeBeforeTaxRatio": 0.2886991279,
    "incomeTaxExpense": 46800000,
    "netIncome": 108800000,
    "netIncomeRatio": 0.1976744186,
    "eps": 0.19,
    "epsdiluted": 0.19,
    "weightedAverageShsOut": 571950000,
    "weightedAverageShsOutDil": 577696875,
    "link": "https://www.sec.gov/Archives/edgar/data/14693/000001469305000123/0000014693-05-000123-index.htm",
    "finalLink": "https://www.sec.gov/Archives/edgar/data/14693/000001469305000123/form10q1005.txt"
  },
  {
    "date": "2005-07-31",
    "symbol": "BF-B",
    "reportedCurrency": "USD",
    "cik": "0000014693",
    "fillingDate": "2005-09-02",
    "acceptedDate": "2005-09-01 20:17:49",
    "calendarYear": "2006",
    "period": "Q1",
    "revenue": 450000000,
    "costOfRevenue": 147000000,
    "grossProfit": 303000000,
    "grossProfitRatio": 0.6733333333,
    "researchAndDevelopmentExpenses": 0,
    "generalAndAdministrativeExpenses": 110000000,
    "sellingAndMarketingExpenses": 72000000,
    "sellingGeneralAndAdministrativeExpenses": 182600000,
    "otherExpenses": -13700000,
    "operatingExpenses": 168900000,
    "costAndExpenses": 362000000,
    "interestIncome": 0,
    "interestExpense": 0,
    "depreciationAndAmortization": 14000000,
    "ebitda": 144900000,
    "ebitdaratio": 0.322,
    "operatingIncome": 134100000,
    "operatingIncomeRatio": 0.298,
    "totalOtherIncomeExpensesNet": -2600000,
    "incomeBeforeTax": 132000000,
    "incomeBeforeTaxRatio": 0.2933333333,
    "incomeTaxExpense": 44000000,
    "netIncome": 13000000,
    "netIncomeRatio": 0.0288888889,
    "eps": 0.0213,
    "epsdiluted": 0.0213,
    "weightedAverageShsOut": 571617187,
    "weightedAverageShsOutDil": 577317187,
    "link": "https://www.sec.gov/Archives/edgar/data/14693/000001469305000089/0000014693-05-000089-index.htm",
    "finalLink": "https://www.sec.gov/Archives/edgar/data/14693/000001469305000089/form10q0705.txt"
  },
  {
    "date": "2005-04-30",
    "symbol": "BF-B",
    "reportedCurrency": "USD",
    "cik": "0000014693",
    "fillingDate": "2005-06-30",
    "acceptedDate": "2005-06-30 14:31:13",
    "calendarYear": "2005",
    "period": "Q4",
    "revenue": 515400000,
    "costOfRevenue": 189200000,
    "grossProfit": 326200000,
    "grossProfitRatio": 0.6329064804,
    "researchAndDevelopmentExpenses": 0,
    "generalAndAdministrativeExpenses": 155100000,
    "sellingAndMarketingExpenses": 92100000,
    "sellingGeneralAndAdministrativeExpenses": 247200000,
    "otherExpenses": -1200000,
    "operatingExpenses": 246000000,
    "costAndExpenses": 435200000,
    "interestIncome": 0,
    "interestExpense": 0,
    "depreciationAndAmortization": 14200000,
    "ebitda": 94400000,
    "ebitdaratio": 0.1831587117,
    "operatingIncome": 80200000,
    "operatingIncomeRatio": 0.1556072953,
    "totalOtherIncomeExpensesNet": -2700000,
    "incomeBeforeTax": 77500000,
    "incomeBeforeTaxRatio": 0.1503686457,
    "incomeTaxExpense": 20100000,
    "netIncome": 57400000,
    "netIncomeRatio": 0.1113698099,
    "eps": 0.1,
    "epsdiluted": 0.1,
    "weightedAverageShsOut": 571617187,
    "weightedAverageShsOutDil": 577317187,
    "link": "https://www.sec.gov/Archives/edgar/data/14693/000001469305000056/0000014693-05-000056-index.htm",
    "finalLink": "https://www.sec.gov/Archives/edgar/data/14693/000001469305000056/form10k2005.txt"
  },
  {
    "date": "2005-01-31",
    "symbol": "BF-B",
    "reportedCurrency": "USD",
    "cik": "0000014693",
    "fillingDate": "2005-03-01",
    "acceptedDate": "2005-03-01 09:44:33",
    "calendarYear": "2005",
    "period": "Q3",
    "revenue": 630500000,
    "costOfRevenue": 255200000,
    "grossProfit": 375300000,
    "grossProfitRatio": 0.5952418715,
    "researchAndDevelopmentExpenses": 0,
    "generalAndAdministrativeExpenses": 146200000,
    "sellingAndMarketingExpenses": 96900000,
    "sellingGeneralAndAdministrativeExpenses": 186100000,
    "otherExpenses": 1500000,
    "operatingExpenses": 187600000,
    "costAndExpenses": 535800000,
    "interestIncome": 0,
    "interestExpense": 0,
    "depreciationAndAmortization": 14900000,
    "ebitda": 121300000,
    "ebitdaratio": 0.1923869944,
    "operatingIncome": 117400000,
    "operatingIncomeRatio": 0.1862014274,
    "totalOtherIncomeExpensesNet": 71500000,
    "incomeBeforeTax": 166200000,
    "incomeBeforeTaxRatio": 0.2636003172,
    "incomeTaxExpense": 70100000,
    "netIncome": 96100000,
    "netIncomeRatio": 0.1524187153,
    "eps": 0.17,
    "epsdiluted": 0.17,
    "weightedAverageShsOut": 570726562,
    "weightedAverageShsOutDil": 574134375,
    "link": "https://www.sec.gov/Archives/edgar/data/14693/000001469305000031/0000014693-05-000031-index.htm",
    "finalLink": "https://www.sec.gov/Archives/edgar/data/14693/000001469305000031/form10q0105.txt"
  },
  {
    "date": "2004-10-31",
    "symbol": "BF-B",
    "reportedCurrency": "USD",
    "cik": "0000014693",
    "fillingDate": "2004-12-02",
    "acceptedDate": "2004-12-02 10:57:16",
    "calendarYear": "2005",
    "period": "Q2",
    "revenue": 670100000,
    "costOfRevenue": 269200000,
    "grossProfit": 400900000,
    "grossProfitRatio": 0.5982689151,
    "researchAndDevelopmentExpenses": 0,
    "generalAndAdministrativeExpenses": 139400000,
    "sellingAndMarketingExpenses": 101400000,
    "sellingGeneralAndAdministrativeExpenses": 187000000,
    "otherExpenses": -400000,
    "operatingExpenses": 186600000,
    "costAndExpenses": 511100000,
    "interestIncome": 0,
    "interestExpense": 0,
    "depreciationAndAmortization": 14800000,
    "ebitda": 158800000,
    "ebitdaratio": 0.2369795553,
    "operatingIncome": 143900000,
    "operatingIncomeRatio": 0.214744068,
    "totalOtherIncomeExpensesNet": 10400000,
    "incomeBeforeTax": 154300000,
    "incomeBeforeTaxRatio": 0.2302641397,
    "incomeTaxExpense": 51700000,
    "netIncome": 102600000,
    "netIncomeRatio": 0.1531114759,
    "eps": 0.18,
    "epsdiluted": 0.18,
    "weightedAverageShsOut": 570642187,
    "weightedAverageShsOutDil": 573829687,
    "link": "https://www.sec.gov/Archives/edgar/data/14693/000001469304000149/0000014693-04-000149-index.htm",
    "finalLink": "https://www.sec.gov/Archives/edgar/data/14693/000001469304000149/form10q1004.txt"
  },
  {
    "date": "2004-07-31",
    "symbol": "BF-B",
    "reportedCurrency": "USD",
    "cik": "0000014693",
    "fillingDate": "2004-09-02",
    "acceptedDate": "2004-09-02 16:49:58",
    "calendarYear": "2005",
    "period": "Q1",
    "revenue": 496000000,
    "costOfRevenue": 198400000,
    "grossProfit": 297600000,
    "grossProfitRatio": 0.6,
    "researchAndDevelopmentExpenses": 0,
    "generalAndAdministrativeExpenses": 133300000,
    "sellingAndMarketingExpenses": 80600000,
    "sellingGeneralAndAdministrativeExpenses": 158000000,
    "otherExpenses": -1000000,
    "operatingExpenses": 157000000,
    "costAndExpenses": 413100000,
    "interestIncome": 0,
    "interestExpense": 0,
    "depreciationAndAmortization": 14100000,
    "ebitda": 110000000,
    "ebitdaratio": 0.2217741935,
    "operatingIncome": 96000000,
    "operatingIncomeRatio": 0.1935483871,
    "totalOtherIncomeExpensesNet": 8100000,
    "incomeBeforeTax": 78000000,
    "incomeBeforeTaxRatio": 0.1572580645,
    "incomeTaxExpense": 26100000,
    "netIncome": 51900000,
    "netIncomeRatio": 0.1046370968,
    "eps": 0.0896,
    "epsdiluted": 0.0896,
    "weightedAverageShsOut": 570435937,
    "weightedAverageShsOutDil": 573815625,
    "link": "https://www.sec.gov/Archives/edgar/data/14693/000001469304000122/0000014693-04-000122-index.htm",
    "finalLink": "https://www.sec.gov/Archives/edgar/data/14693/000001469304000122/form10q0704.txt"
  },
  {
    "date": "2004-04-30",
    "symbol": "BF-B",
    "reportedCurrency": "USD",
    "cik": "0000014693",
    "fillingDate": "2004-07-02",
    "acceptedDate": "2004-07-02 13:39:53",
    "calendarYear": "2004",
    "period": "Q4",
    "revenue": 531100000,
    "costOfRevenue": 215200000,
    "grossProfit": 315900000,
    "grossProfitRatio": 0.5948032386,
    "researchAndDevelopmentExpenses": 0,
    "generalAndAdministrativeExpenses": 131500000,
    "sellingAndMarketingExpenses": 94000000,
    "sellingGeneralAndAdministrativeExpenses": 225500000,
    "otherExpenses": 1200000,
    "operatingExpenses": 226700000,
    "costAndExpenses": 441900000,
    "interestIncome": 0,
    "interestExpense": 0,
    "depreciationAndAmortization": 14300000,
    "ebitda": 103500000,
    "ebitdaratio": 0.1948785539,
    "operatingIncome": 89200000,
    "operatingIncomeRatio": 0.1679533045,
    "totalOtherIncomeExpensesNet": -4000000,
    "incomeBeforeTax": 85200000,
    "incomeBeforeTaxRatio": 0.1604217661,
    "incomeTaxExpense": 27100000,
    "netIncome": 58100000,
    "netIncomeRatio": 0.1093955941,
    "eps": 0.1,
    "epsdiluted": 0.1,
    "weightedAverageShsOut": 565770349,
    "weightedAverageShsOutDil": 579241071,
    "link": "https://www.sec.gov/Archives/edgar/data/14693/000001469304000085/0000014693-04-000085-index.htm",
    "finalLink": "https://www.sec.gov/Archives/edgar/data/14693/000001469304000085/form10k2004.txt"
  },
  {
    "date": "2004-01-31",
    "symbol": "BF-B",
    "reportedCurrency": "USD",
    "cik": "0000014693",
    "fillingDate": "2004-03-04",
    "acceptedDate": "2004-03-04 15:28:36",
    "calendarYear": "2004",
    "period": "Q3",
    "revenue": 593900000,
    "costOfRevenue": 249000000,
    "grossProfit": 344900000,
    "grossProfitRatio": 0.5807374979,
    "researchAndDevelopmentExpenses": 0,
    "generalAndAdministrativeExpenses": 133000000,
    "sellingAndMarketingExpenses": 87500000,
    "sellingGeneralAndAdministrativeExpenses": 219200000,
    "otherExpenses": -2500000,
    "operatingExpenses": 216700000,
    "costAndExpenses": 467000000,
    "interestIncome": 0,
    "interestExpense": 0,
    "depreciationAndAmortization": 14300000,
    "ebitda": 141200000,
    "ebitdaratio": 0.237750463,
    "operatingIncome": 126900000,
    "operatingIncomeRatio": 0.2136723354,
    "totalOtherIncomeExpensesNet": -4900000,
    "incomeBeforeTax": 122000000,
    "incomeBeforeTaxRatio": 0.2054217882,
    "incomeTaxExpense": 41500000,
    "netIncome": 80500000,
    "netIncomeRatio": 0.1355447045,
    "eps": 0.14,
    "epsdiluted": 0.14,
    "weightedAverageShsOut": 571732955,
    "weightedAverageShsOutDil": 571732955,
    "link": "https://www.sec.gov/Archives/edgar/data/14693/000001469304000023/0000014693-04-000023-index.htm",
    "finalLink": "https://www.sec.gov/Archives/edgar/data/14693/000001469304000023/form10q0104.txt"
  },
  {
    "date": "2003-10-31",
    "symbol": "BF-B",
    "reportedCurrency": "USD",
    "cik": "0000014693",
    "fillingDate": "2003-12-08",
    "acceptedDate": "2003-12-08 15:46:32",
    "calendarYear": "2004",
    "period": "Q2",
    "revenue": 627100000,
    "costOfRevenue": 262300000,
    "grossProfit": 364800000,
    "grossProfitRatio": 0.5817254026,
    "researchAndDevelopmentExpenses": 0,
    "generalAndAdministrativeExpenses": 132400000,
    "sellingAndMarketingExpenses": 95000000,
    "sellingGeneralAndAdministrativeExpenses": 226700000,
    "otherExpenses": -1400000,
    "operatingExpenses": 225300000,
    "costAndExpenses": 488300000,
    "interestIncome": 0,
    "interestExpense": 0,
    "depreciationAndAmortization": 14300000,
    "ebitda": 153100000,
    "ebitdaratio": 0.2441396906,
    "operatingIncome": 138800000,
    "operatingIncomeRatio": 0.22133631,
    "totalOtherIncomeExpensesNet": -5100000,
    "incomeBeforeTax": 133700000,
    "incomeBeforeTaxRatio": 0.2132036358,
    "incomeTaxExpense": 45500000,
    "netIncome": 88200000,
    "netIncomeRatio": 0.1406474247,
    "eps": 0.16,
    "epsdiluted": 0.15,
    "weightedAverageShsOut": 566352740,
    "weightedAverageShsOutDil": 574218750,
    "link": "https://www.sec.gov/Archives/edgar/data/14693/000001469303000125/0000014693-03-000125-index.htm",
    "finalLink": "https://www.sec.gov/Archives/edgar/data/14693/000001469303000125/form10q1003.txt"
  },
  {
    "date": "2003-07-31",
    "symbol": "BF-B",
    "reportedCurrency": "USD",
    "cik": "0000014693",
    "fillingDate": "2003-09-12",
    "acceptedDate": "2003-09-12 10:54:56",
    "calendarYear": "2004",
    "period": "Q1",
    "revenue": 460800000,
    "costOfRevenue": 188500000,
    "grossProfit": 272300000,
    "grossProfitRatio": 0.5909288194,
    "researchAndDevelopmentExpenses": 0,
    "generalAndAdministrativeExpenses": 128300000,
    "sellingAndMarketingExpenses": 77600000,
    "sellingGeneralAndAdministrativeExpenses": 205000000,
    "otherExpenses": 14300000,
    "operatingExpenses": 219300000,
    "costAndExpenses": 408700000,
    "interestIncome": 0,
    "interestExpense": 0,
    "depreciationAndAmortization": 13100000,
    "ebitda": 65200000,
    "ebitdaratio": 0.1414930556,
    "operatingIncome": 52100000,
    "operatingIncomeRatio": 0.1130642361,
    "totalOtherIncomeExpensesNet": -5000000,
    "incomeBeforeTax": 47100000,
    "incomeBeforeTaxRatio": 0.1022135417,
    "incomeTaxExpense": 16000000,
    "netIncome": 31100000,
    "netIncomeRatio": 0.0674913194,
    "eps": 0.0555,
    "epsdiluted": 0.0555,
    "weightedAverageShsOut": 560697115,
    "weightedAverageShsOutDil": 560697115,
    "link": "https://www.sec.gov/Archives/edgar/data/14693/000001469303000098/0000014693-03-000098-index.htm",
    "finalLink": "https://www.sec.gov/Archives/edgar/data/14693/000001469303000098/form10q0703.txt"
  },
  {
    "date": "2003-04-30",
    "symbol": "BF-B",
    "reportedCurrency": "USD",
    "cik": "0000014693",
    "fillingDate": "2003-07-24",
    "acceptedDate": "2003-07-24 17:12:44",
    "calendarYear": "2003",
    "period": "Q4",
    "revenue": 479300000,
    "costOfRevenue": 192000000,
    "grossProfit": 287300000,
    "grossProfitRatio": 0.5994158147,
    "researchAndDevelopmentExpenses": 0,
    "generalAndAdministrativeExpenses": 129600000,
    "sellingAndMarketingExpenses": 68200000,
    "sellingGeneralAndAdministrativeExpenses": 197800000,
    "otherExpenses": -1100000,
    "operatingExpenses": 196700000,
    "costAndExpenses": 388700000,
    "interestIncome": 0,
    "interestExpense": 0,
    "depreciationAndAmortization": 13500000,
    "ebitda": 104100000,
    "ebitdaratio": 0.217191738,
    "operatingIncome": 90600000,
    "operatingIncomeRatio": 0.1890256624,
    "totalOtherIncomeExpensesNet": -2400000,
    "incomeBeforeTax": 88200000,
    "incomeBeforeTaxRatio": 0.1840183601,
    "incomeTaxExpense": 30300000,
    "netIncome": 57900000,
    "netIncomeRatio": 0.1208011684,
    "eps": 0.1,
    "epsdiluted": 0.1,
    "weightedAverageShsOut": 571691176,
    "weightedAverageShsOutDil": 571691176,
    "link": "https://www.sec.gov/Archives/edgar/data/14693/000001469303000062/0000014693-03-000062-index.htm",
    "finalLink": "https://www.sec.gov/Archives/edgar/data/14693/000001469303000062/form10k2003d.txt"
  },
  {
    "date": "2003-01-31",
    "symbol": "BF-B",
    "reportedCurrency": "USD",
    "cik": "0000014693",
    "fillingDate": "2003-03-07",
    "acceptedDate": "2003-03-07 16:57:55",
    "calendarYear": "2003",
    "period": "Q3",
    "revenue": 549500000,
    "costOfRevenue": 241000000,
    "grossProfit": 308500000,
    "grossProfitRatio": 0.5614194722,
    "researchAndDevelopmentExpenses": 0,
    "generalAndAdministrativeExpenses": 119800000,
    "sellingAndMarketingExpenses": 88100000,
    "sellingGeneralAndAdministrativeExpenses": 207900000,
    "otherExpenses": -6200000,
    "operatingExpenses": 201700000,
    "costAndExpenses": 442700000,
    "interestIncome": 0,
    "interestExpense": 1300000,
    "depreciationAndAmortization": 13800000,
    "ebitda": 120600000,
    "ebitdaratio": 0.2194722475,
    "operatingIncome": 106800000,
    "operatingIncomeRatio": 0.1943585077,
    "totalOtherIncomeExpensesNet": -800000,
    "incomeBeforeTax": 106000000,
    "incomeBeforeTaxRatio": 0.1929026388,
    "incomeTaxExpense": 36000000,
    "netIncome": 70000000,
    "netIncomeRatio": 0.127388535,
    "eps": 0.11,
    "epsdiluted": 0.11,
    "weightedAverageShsOut": 643382353,
    "weightedAverageShsOutDil": 643382353,
    "link": "https://www.sec.gov/Archives/edgar/data/14693/000095014403002819/0000950144-03-002819-index.htm",
    "finalLink": "https://www.sec.gov/Archives/edgar/data/14693/000095014403002819/g81040e10vq.htm"
  },
  {
    "date": "2002-10-31",
    "symbol": "BF-B",
    "reportedCurrency": "USD",
    "cik": "0000014693",
    "fillingDate": "2002-12-11",
    "acceptedDate": "2002-12-11 14:08:52",
    "calendarYear": "2003",
    "period": "Q2",
    "revenue": 607100000,
    "costOfRevenue": 268300000,
    "grossProfit": 338800000,
    "grossProfitRatio": 0.5580629221,
    "researchAndDevelopmentExpenses": 0,
    "generalAndAdministrativeExpenses": 127900000,
    "sellingAndMarketingExpenses": 86400000,
    "sellingGeneralAndAdministrativeExpenses": 214300000,
    "otherExpenses": 0,
    "operatingExpenses": 214300000,
    "costAndExpenses": 482600000,
    "interestIncome": 0,
    "interestExpense": 0,
    "depreciationAndAmortization": 13900000,
    "ebitda": 138400000,
    "ebitdaratio": 0.2279690331,
    "operatingIncome": 124500000,
    "operatingIncomeRatio": 0.2050732993,
    "totalOtherIncomeExpensesNet": -700000,
    "incomeBeforeTax": 123800000,
    "incomeBeforeTaxRatio": 0.2039202767,
    "incomeTaxExpense": 42700000,
    "netIncome": 81100000,
    "netIncomeRatio": 0.1335859002,
    "eps": 0.13,
    "epsdiluted": 0.13,
    "weightedAverageShsOut": 644332627,
    "weightedAverageShsOutDil": 644332627,
    "link": "https://www.sec.gov/Archives/edgar/data/14693/000001469302000035/0000014693-02-000035-index.htm",
    "finalLink": "https://www.sec.gov/Archives/edgar/data/14693/000001469302000035/form10q1002.txt"
  },
  {
    "date": "2002-07-31",
    "symbol": "BF-B",
    "reportedCurrency": "USD",
    "cik": "0000014693",
    "fillingDate": "2002-09-11",
    "acceptedDate": "2002-09-11 10:03:26",
    "calendarYear": "2003",
    "period": "Q1",
    "revenue": 424100000,
    "costOfRevenue": 176700000,
    "grossProfit": 247400000,
    "grossProfitRatio": 0.5833529828,
    "researchAndDevelopmentExpenses": 0,
    "generalAndAdministrativeExpenses": 112900000,
    "sellingAndMarketingExpenses": 78400000,
    "sellingGeneralAndAdministrativeExpenses": 191300000,
    "otherExpenses": 0,
    "operatingExpenses": 191300000,
    "costAndExpenses": 368000000,
    "interestIncome": 0,
    "interestExpense": 0,
    "depreciationAndAmortization": 13800000,
    "ebitda": 69900000,
    "ebitdaratio": 0.164819618,
    "operatingIncome": 56100000,
    "operatingIncomeRatio": 0.1322801226,
    "totalOtherIncomeExpensesNet": -1000000,
    "incomeBeforeTax": 55100000,
    "incomeBeforeTaxRatio": 0.1299221882,
    "incomeTaxExpense": 19000000,
    "netIncome": 36100000,
    "netIncomeRatio": 0.0851214336,
    "eps": 0.0565,
    "epsdiluted": 0.0565,
    "weightedAverageShsOut": 638561321,
    "weightedAverageShsOutDil": 638561321,
    "link": "https://www.sec.gov/Archives/edgar/data/14693/000001469302000026/0000014693-02-000026-index.htm",
    "finalLink": "https://www.sec.gov/Archives/edgar/data/14693/000001469302000026/form10q0702.txt"
  },
  {
    "date": "2002-04-30",
    "symbol": "BF-B",
    "reportedCurrency": "USD",
    "cik": "0000014693",
    "fillingDate": "2002-07-26",
    "acceptedDate": "2002-07-26 15:57:36",
    "calendarYear": "2002",
    "period": "Q4",
    "revenue": 460300000,
    "costOfRevenue": 186900000,
    "grossProfit": 273400000,
    "grossProfitRatio": 0.5939604606,
    "researchAndDevelopmentExpenses": 0,
    "generalAndAdministrativeExpenses": 127400000,
    "sellingAndMarketingExpenses": 66600000,
    "sellingGeneralAndAdministrativeExpenses": 194000000,
    "otherExpenses": 0,
    "operatingExpenses": 194000000,
    "costAndExpenses": 380900000,
    "interestIncome": 0,
    "interestExpense": 0,
    "depreciationAndAmortization": 14600000,
    "ebitda": 94000000,
    "ebitdaratio": 0.2042146426,
    "operatingIncome": 79400000,
    "operatingIncomeRatio": 0.1724961981,
    "totalOtherIncomeExpensesNet": -1000000,
    "incomeBeforeTax": 78400000,
    "incomeBeforeTaxRatio": 0.1703237019,
    "incomeTaxExpense": 27000000,
    "netIncome": 51400000,
    "netIncomeRatio": 0.1116663046,
    "eps": 0.08,
    "epsdiluted": 0.08,
    "weightedAverageShsOut": 638561321,
    "weightedAverageShsOutDil": 638561321,
    "link": "https://www.sec.gov/Archives/edgar/data/14693/000001469302000016/0000014693-02-000016-index.htm",
    "finalLink": "https://www.sec.gov/Archives/edgar/data/14693/000001469302000016/form10k2002.txt"
  },
  {
    "date": "2002-01-31",
    "symbol": "BF-B",
    "reportedCurrency": "USD",
    "cik": "0000014693",
    "fillingDate": "2002-03-06",
    "acceptedDate": "2002-03-06 00:00:00",
    "calendarYear": "2002",
    "period": "Q3",
    "revenue": 503900000,
    "costOfRevenue": 221900000,
    "grossProfit": 282000000,
    "grossProfitRatio": 0.5596348482,
    "researchAndDevelopmentExpenses": 0,
    "generalAndAdministrativeExpenses": 116800000,
    "sellingAndMarketingExpenses": 76900000,
    "sellingGeneralAndAdministrativeExpenses": 195500000,
    "otherExpenses": -1700000,
    "operatingExpenses": 193800000,
    "costAndExpenses": 415600000,
    "interestIncome": 0,
    "interestExpense": 0,
    "depreciationAndAmortization": 13800000,
    "ebitda": 102100000,
    "ebitdaratio": 0.2026195674,
    "operatingIncome": 88300000,
    "operatingIncomeRatio": 0.1752331812,
    "totalOtherIncomeExpensesNet": -800000,
    "incomeBeforeTax": 87500000,
    "incomeBeforeTaxRatio": 0.1736455646,
    "incomeTaxExpense": 30200000,
    "netIncome": 57300000,
    "netIncomeRatio": 0.1137130383,
    "eps": 0.0896,
    "epsdiluted": 0.0896,
    "weightedAverageShsOut": 639508929,
    "weightedAverageShsOutDil": 639508929,
    "link": "https://www.sec.gov/Archives/edgar/data/14693/000001469302000002/0000014693-02-000002-index.htm",
    "finalLink": "https://www.sec.gov/Archives/edgar/data/14693/000001469302000002/form10q0102.txt"
  },
  {
    "date": "2001-10-31",
    "symbol": "BF-B",
    "reportedCurrency": "USD",
    "cik": "0000014693",
    "fillingDate": "2001-12-12",
    "acceptedDate": "2001-12-12 00:00:00",
    "calendarYear": "2002",
    "period": "Q2",
    "revenue": 575800000,
    "costOfRevenue": 246100000,
    "grossProfit": 329700000,
    "grossProfitRatio": 0.5725946509,
    "researchAndDevelopmentExpenses": 0,
    "generalAndAdministrativeExpenses": 121900000,
    "sellingAndMarketingExpenses": 83800000,
    "sellingGeneralAndAdministrativeExpenses": 205700000,
    "otherExpenses": 0,
    "operatingExpenses": 205700000,
    "costAndExpenses": 451800000,
    "interestIncome": 0,
    "interestExpense": 0,
    "depreciationAndAmortization": 13300000,
    "ebitda": 137300000,
    "ebitdaratio": 0.238450851,
    "operatingIncome": 124000000,
    "operatingIncomeRatio": 0.215352553,
    "totalOtherIncomeExpensesNet": -1800000,
    "incomeBeforeTax": 122200000,
    "incomeBeforeTaxRatio": 0.2122264675,
    "incomeTaxExpense": 42100000,
    "netIncome": 80100000,
    "netIncomeRatio": 0.1391108024,
    "eps": 0.12,
    "epsdiluted": 0.12,
    "weightedAverageShsOut": 641826923,
    "weightedAverageShsOutDil": 641826923,
    "link": "https://www.sec.gov/Archives/edgar/data/14693/000001469301500026/0000014693-01-500026-index.htm",
    "finalLink": "https://www.sec.gov/Archives/edgar/data/14693/000001469301500026/form10q1001.txt"
  },
  {
    "date": "2001-07-31",
    "symbol": "BF-B",
    "reportedCurrency": "USD",
    "cik": "0000014693",
    "fillingDate": "2001-09-14",
    "acceptedDate": "2001-09-14 00:00:00",
    "calendarYear": "2002",
    "period": "Q1",
    "revenue": 418000000,
    "costOfRevenue": 170100000,
    "grossProfit": 247900000,
    "grossProfitRatio": 0.593062201,
    "researchAndDevelopmentExpenses": 0,
    "generalAndAdministrativeExpenses": 114900000,
    "sellingAndMarketingExpenses": 71700000,
    "sellingGeneralAndAdministrativeExpenses": 187100000,
    "otherExpenses": 0,
    "operatingExpenses": 187100000,
    "costAndExpenses": 356700000,
    "interestIncome": 0,
    "interestExpense": 0,
    "depreciationAndAmortization": 13300000,
    "ebitda": 74600000,
    "ebitdaratio": 0.1784688995,
    "operatingIncome": 61300000,
    "operatingIncomeRatio": 0.1466507177,
    "totalOtherIncomeExpensesNet": -1500000,
    "incomeBeforeTax": 59800000,
    "incomeBeforeTaxRatio": 0.143062201,
    "incomeTaxExpense": 20600000,
    "netIncome": 39200000,
    "netIncomeRatio": 0.0937799043,
    "eps": 0.0608,
    "epsdiluted": 0.0608,
    "weightedAverageShsOut": 644736842,
    "weightedAverageShsOutDil": 644736842,
    "link": "https://www.sec.gov/Archives/edgar/data/14693/000001469301500024/0000014693-01-500024-index.htm",
    "finalLink": "https://www.sec.gov/Archives/edgar/data/14693/000001469301500024/form10q0701.txt"
  },
  {
    "date": "2001-04-30",
    "symbol": "BF-B",
    "reportedCurrency": "USD",
    "cik": "0000014693",
    "fillingDate": "2001-07-27",
    "acceptedDate": "2001-07-27 00:00:00",
    "calendarYear": "2001",
    "period": "Q4",
    "revenue": 444100000,
    "costOfRevenue": 171900000,
    "grossProfit": 272200000,
    "grossProfitRatio": 0.6129250169,
    "researchAndDevelopmentExpenses": 0,
    "generalAndAdministrativeExpenses": 0,
    "sellingAndMarketingExpenses": 0,
    "sellingGeneralAndAdministrativeExpenses": 181100000,
    "otherExpenses": 4500000,
    "operatingExpenses": 185600000,
    "costAndExpenses": 304500000,
    "interestIncome": 0,
    "interestExpense": 0,
    "depreciationAndAmortization": 15500000,
    "ebitda": 155100000,
    "ebitdaratio": 0.3492456654,
    "operatingIncome": 86600000,
    "operatingIncomeRatio": 0.1950011259,
    "totalOtherIncomeExpensesNet": -1900000,
    "incomeBeforeTax": 84700000,
    "incomeBeforeTaxRatio": 0.1907228102,
    "incomeTaxExpense": 30600000,
    "netIncome": 54100000,
    "netIncomeRatio": 0.12181941,
    "eps": 0.084,
    "epsdiluted": 0.084,
    "weightedAverageShsOut": 640948276,
    "weightedAverageShsOutDil": 644736842,
    "link": "https://www.sec.gov/Archives/edgar/data/14693/000001469301500021/0000014693-01-500021-index.htm",
    "finalLink": "https://www.sec.gov/Archives/edgar/data/14693/000001469301500021/form10k2001.txt"
  },
  {
    "date": "2001-01-31",
    "symbol": "BF-B",
    "reportedCurrency": "USD",
    "cik": "0000014693",
    "fillingDate": "2001-03-05",
    "acceptedDate": "2001-03-05 00:00:00",
    "calendarYear": "2001",
    "period": "Q3",
    "revenue": 495300000,
    "costOfRevenue": 188900000,
    "grossProfit": 306400000,
    "grossProfitRatio": 0.6186149808,
    "researchAndDevelopmentExpenses": 0,
    "generalAndAdministrativeExpenses": 0,
    "sellingAndMarketingExpenses": 0,
    "sellingGeneralAndAdministrativeExpenses": 199500000,
    "otherExpenses": 16100000,
    "operatingExpenses": 215600000,
    "costAndExpenses": 404500000,
    "interestIncome": 0,
    "interestExpense": 0,
    "depreciationAndAmortization": 16100000,
    "ebitda": 106900000,
    "ebitdaratio": 0.2158287906,
    "operatingIncome": 90800000,
    "operatingIncomeRatio": 0.1833232384,
    "totalOtherIncomeExpensesNet": -2300000,
    "incomeBeforeTax": 88500000,
    "incomeBeforeTaxRatio": 0.1786795881,
    "incomeTaxExpense": 32200000,
    "netIncome": 56300000,
    "netIncomeRatio": 0.1136684837,
    "eps": 0.0875,
    "epsdiluted": 0.0875,
    "weightedAverageShsOut": 643673780,
    "weightedAverageShsOutDil": 643673780,
    "link": "https://www.sec.gov/Archives/edgar/data/14693/000001469301000004/0000014693-01-000004-index.htm",
    "finalLink": "https://www.sec.gov/Archives/edgar/data/14693/000001469301000004/0000014693-01-000004-0001.txt"
  },
  {
    "date": "2000-10-31",
    "symbol": "BF-B",
    "reportedCurrency": "USD",
    "cik": "0000014693",
    "fillingDate": "2000-12-04",
    "acceptedDate": "2000-12-04 00:00:00",
    "calendarYear": "2001",
    "period": "Q2",
    "revenue": 574100000,
    "costOfRevenue": 217600000,
    "grossProfit": 356500000,
    "grossProfitRatio": 0.6209719561,
    "researchAndDevelopmentExpenses": 0,
    "generalAndAdministrativeExpenses": 0,
    "sellingAndMarketingExpenses": 0,
    "sellingGeneralAndAdministrativeExpenses": 211200000,
    "otherExpenses": 16500000,
    "operatingExpenses": 227700000,
    "costAndExpenses": 445300000,
    "interestIncome": 0,
    "interestExpense": 0,
    "depreciationAndAmortization": 16500000,
    "ebitda": 145300000,
    "ebitdaratio": 0.2530917959,
    "operatingIncome": 128800000,
    "operatingIncomeRatio": 0.2243511583,
    "totalOtherIncomeExpensesNet": -2900000,
    "incomeBeforeTax": 125900000,
    "incomeBeforeTaxRatio": 0.2192997736,
    "incomeTaxExpense": 45800000,
    "netIncome": 80100000,
    "netIncomeRatio": 0.1395227312,
    "eps": 0.12,
    "epsdiluted": 0.12,
    "weightedAverageShsOut": 641826923,
    "weightedAverageShsOutDil": 641826923,
    "link": "https://www.sec.gov/Archives/edgar/data/14693/000001469300000022/0000014693-00-000022-index.htm",
    "finalLink": "https://www.sec.gov/Archives/edgar/data/14693/000001469300000022/0000014693-00-000022-0001.txt"
  },
  {
    "date": "2000-07-31",
    "symbol": "BF-B",
    "reportedCurrency": "USD",
    "cik": "0000014693",
    "fillingDate": "2000-08-31",
    "acceptedDate": "2000-08-31 00:00:00",
    "calendarYear": "2001",
    "period": "Q1",
    "revenue": 410400000,
    "costOfRevenue": 139500000,
    "grossProfit": 270900000,
    "grossProfitRatio": 0.6600877193,
    "researchAndDevelopmentExpenses": 0,
    "generalAndAdministrativeExpenses": 0,
    "sellingAndMarketingExpenses": 0,
    "sellingGeneralAndAdministrativeExpenses": 187100000,
    "otherExpenses": 15900000,
    "operatingExpenses": 203000000,
    "costAndExpenses": 342500000,
    "interestIncome": 0,
    "interestExpense": 0,
    "depreciationAndAmortization": 15900000,
    "ebitda": 83800000,
    "ebitdaratio": 0.2041910331,
    "operatingIncome": 67900000,
    "operatingIncomeRatio": 0.1654483431,
    "totalOtherIncomeExpensesNet": -900000,
    "incomeBeforeTax": 67000000,
    "incomeBeforeTaxRatio": 0.1632553606,
    "incomeTaxExpense": 24400000,
    "netIncome": 42600000,
    "netIncomeRatio": 0.1038011696,
    "eps": 0.0661,
    "epsdiluted": 0.0661,
    "weightedAverageShsOut": 644153226,
    "weightedAverageShsOutDil": 644153226,
    "link": "https://www.sec.gov/Archives/edgar/data/14693/000001469300000018/0000014693-00-000018-index.htm",
    "finalLink": "https://www.sec.gov/Archives/edgar/data/14693/000001469300000018/0000014693-00-000018-0001.txt"
  },
  {
    "date": "2000-04-30",
    "symbol": "BF-B",
    "reportedCurrency": "USD",
    "cik": "0000014693",
    "fillingDate": "2000-07-25",
    "acceptedDate": "2000-07-25 00:00:00",
    "calendarYear": "2000",
    "period": "Q4",
    "revenue": 430200000,
    "costOfRevenue": 149200000,
    "grossProfit": 281000000,
    "grossProfitRatio": 0.6531845653,
    "researchAndDevelopmentExpenses": 0,
    "generalAndAdministrativeExpenses": 0,
    "sellingAndMarketingExpenses": 0,
    "sellingGeneralAndAdministrativeExpenses": 181600000,
    "otherExpenses": 17200000,
    "operatingExpenses": 198800000,
    "costAndExpenses": 348000000,
    "interestIncome": 0,
    "interestExpense": 0,
    "depreciationAndAmortization": 17200000,
    "ebitda": 99400000,
    "ebitdaratio": 0.2310553231,
    "operatingIncome": 82200000,
    "operatingIncomeRatio": 0.1910739191,
    "totalOtherIncomeExpensesNet": -800000,
    "incomeBeforeTax": 81400000,
    "incomeBeforeTaxRatio": 0.1892143189,
    "incomeTaxExpense": 29500000,
    "netIncome": 51900000,
    "netIncomeRatio": 0.1206415621,
    "eps": 0.081,
    "epsdiluted": 0.081,
    "weightedAverageShsOut": 638352273,
    "weightedAverageShsOutDil": 644153226,
    "link": "https://www.sec.gov/Archives/edgar/data/14693/000001469300000016/0000014693-00-000016-index.htm",
    "finalLink": "https://www.sec.gov/Archives/edgar/data/14693/000001469300000016/0000014693-00-000016-0001.txt"
  },
  {
    "date": "2000-01-31",
    "symbol": "BF-B",
    "reportedCurrency": "USD",
    "cik": "0000014693",
    "fillingDate": "2000-03-06",
    "acceptedDate": "2000-03-06 00:00:00",
    "calendarYear": "2000",
    "period": "Q3",
    "revenue": 495200000,
    "costOfRevenue": 196100000,
    "grossProfit": 299100000,
    "grossProfitRatio": 0.6039983845,
    "researchAndDevelopmentExpenses": 0,
    "generalAndAdministrativeExpenses": 0,
    "sellingAndMarketingExpenses": 0,
    "sellingGeneralAndAdministrativeExpenses": 197500000,
    "otherExpenses": 14500000,
    "operatingExpenses": 212000000,
    "costAndExpenses": 408100000,
    "interestIncome": 0,
    "interestExpense": 0,
    "depreciationAndAmortization": 14500000,
    "ebitda": 101600000,
    "ebitdaratio": 0.2051696284,
    "operatingIncome": 87100000,
    "operatingIncomeRatio": 0.1758885299,
    "totalOtherIncomeExpensesNet": -800000,
    "incomeBeforeTax": 86300000,
    "incomeBeforeTaxRatio": 0.174273021,
    "incomeTaxExpense": 31500000,
    "netIncome": 54800000,
    "netIncomeRatio": 0.1106623586,
    "eps": 0.0853,
    "epsdiluted": 0.0853,
    "weightedAverageShsOut": 642187500,
    "weightedAverageShsOutDil": 643040625,
    "link": "https://www.sec.gov/Archives/edgar/data/14693/000001469300000004/0000014693-00-000004-index.html",
    "finalLink": "https://www.sec.gov/Archives/edgar/data/14693/000001469300000004/"
  },
  {
    "date": "1999-10-31",
    "symbol": "BF-B",
    "reportedCurrency": "USD",
    "cik": "0000014693",
    "fillingDate": "1999-12-07",
    "acceptedDate": "1999-12-07 00:00:00",
    "calendarYear": "2000",
    "period": "Q2",
    "revenue": 567200000,
    "costOfRevenue": 229800000,
    "grossProfit": 337400000,
    "grossProfitRatio": 0.5948519041,
    "researchAndDevelopmentExpenses": 0,
    "generalAndAdministrativeExpenses": 0,
    "sellingAndMarketingExpenses": 0,
    "sellingGeneralAndAdministrativeExpenses": 206000000,
    "otherExpenses": 14900000,
    "operatingExpenses": 220900000,
    "costAndExpenses": 450700000,
    "interestIncome": 0,
    "interestExpense": 0,
    "depreciationAndAmortization": 14900000,
    "ebitda": 131400000,
    "ebitdaratio": 0.2316643159,
    "operatingIncome": 116500000,
    "operatingIncomeRatio": 0.2053949224,
    "totalOtherIncomeExpensesNet": -1700000,
    "incomeBeforeTax": 114800000,
    "incomeBeforeTaxRatio": 0.2023977433,
    "incomeTaxExpense": 41900000,
    "netIncome": 72900000,
    "netIncomeRatio": 0.1285260931,
    "eps": 0.11,
    "epsdiluted": 0.11,
    "weightedAverageShsOut": 642281250,
    "weightedAverageShsOutDil": 642965625,
    "link": "https://www.sec.gov/Archives/edgar/data/14693/000001469399000024/0000014693-99-000024-index.html",
    "finalLink": "https://www.sec.gov/Archives/edgar/data/14693/000001469399000024/"
  },
  {
    "date": "1999-07-31",
    "symbol": "BF-B",
    "reportedCurrency": "USD",
    "cik": "0000014693",
    "fillingDate": "1999-09-07",
    "acceptedDate": "1999-09-07 00:00:00",
    "calendarYear": "2000",
    "period": "Q1",
    "revenue": 384500000,
    "costOfRevenue": 137100000,
    "grossProfit": 247400000,
    "grossProfitRatio": 0.6434330299,
    "researchAndDevelopmentExpenses": 0,
    "generalAndAdministrativeExpenses": 0,
    "sellingAndMarketingExpenses": 0,
    "sellingGeneralAndAdministrativeExpenses": 169800000,
    "otherExpenses": 15400000,
    "operatingExpenses": 185200000,
    "costAndExpenses": 322300000,
    "interestIncome": 0,
    "interestExpense": 0,
    "depreciationAndAmortization": 15400000,
    "ebitda": 77600000,
    "ebitdaratio": 0.2018205462,
    "operatingIncome": 62200000,
    "operatingIncomeRatio": 0.1617685306,
    "totalOtherIncomeExpensesNet": -1700000,
    "incomeBeforeTax": 60500000,
    "incomeBeforeTaxRatio": 0.1573472042,
    "incomeTaxExpense": 22100000,
    "netIncome": 38400000,
    "netIncomeRatio": 0.099869961,
    "eps": 0.0597,
    "epsdiluted": 0.0597,
    "weightedAverageShsOut": 642262500,
    "weightedAverageShsOutDil": 643125000,
    "link": "https://www.sec.gov/Archives/edgar/data/14693/000001469399000019/0000014693-99-000019-index.html",
    "finalLink": "https://www.sec.gov/Archives/edgar/data/14693/000001469399000019/"
  },
  {
    "date": "1999-04-30",
    "symbol": "BF-B",
    "reportedCurrency": "USD",
    "cik": "0000014693",
    "fillingDate": "1999-07-21",
    "acceptedDate": "1999-07-21 00:00:00",
    "calendarYear": "1999",
    "period": "Q4",
    "revenue": 421500000,
    "costOfRevenue": 157300000,
    "grossProfit": 264200000,
    "grossProfitRatio": 0.6268090154,
    "researchAndDevelopmentExpenses": 0,
    "generalAndAdministrativeExpenses": 0,
    "sellingAndMarketingExpenses": 0,
    "sellingGeneralAndAdministrativeExpenses": 174400000,
    "otherExpenses": 14000000,
    "operatingExpenses": 188400000,
    "costAndExpenses": 345700000,
    "interestIncome": 0,
    "interestExpense": 0,
    "depreciationAndAmortization": 14000000,
    "ebitda": 89800000,
    "ebitdaratio": 0.2130486358,
    "operatingIncome": 75800000,
    "operatingIncomeRatio": 0.1798339265,
    "totalOtherIncomeExpensesNet": 0,
    "incomeBeforeTax": 75800000,
    "incomeBeforeTaxRatio": 0.1798339265,
    "incomeTaxExpense": 27600000,
    "netIncome": 48200000,
    "netIncomeRatio": 0.1143534994,
    "eps": 0.075,
    "epsdiluted": 0.075,
    "weightedAverageShsOut": 642262500,
    "weightedAverageShsOutDil": 643125000,
    "link": "https://www.sec.gov/Archives/edgar/data/14693/000001469399000017/0000014693-99-000017-index.html",
    "finalLink": "https://www.sec.gov/Archives/edgar/data/14693/000001469399000017/"
  },
  {
    "date": "1999-01-31",
    "symbol": "BF-B",
    "reportedCurrency": "USD",
    "cik": "0000014693",
    "fillingDate": "1999-03-05",
    "acceptedDate": "1999-03-05 00:00:00",
    "calendarYear": "1999",
    "period": "Q3",
    "revenue": 459300000,
    "costOfRevenue": 181200000,
    "grossProfit": 278100000,
    "grossProfitRatio": 0.6054866101,
    "researchAndDevelopmentExpenses": 0,
    "generalAndAdministrativeExpenses": 0,
    "sellingAndMarketingExpenses": 0,
    "sellingGeneralAndAdministrativeExpenses": 186500000,
    "otherExpenses": 13100000,
    "operatingExpenses": 199600000,
    "costAndExpenses": 380800000,
    "interestIncome": 0,
    "interestExpense": 0,
    "depreciationAndAmortization": 13100000,
    "ebitda": 91600000,
    "ebitdaratio": 0.1994339212,
    "operatingIncome": 78500000,
    "operatingIncomeRatio": 0.1709122578,
    "totalOtherIncomeExpensesNet": -800000,
    "incomeBeforeTax": 77700000,
    "incomeBeforeTaxRatio": 0.1691704768,
    "incomeTaxExpense": 28400000,
    "netIncome": 49300000,
    "netIncomeRatio": 0.1073372523,
    "eps": 0.0768,
    "epsdiluted": 0.0768,
    "weightedAverageShsOut": 642750000,
    "weightedAverageShsOutDil": 643846875,
    "link": "https://www.sec.gov/Archives/edgar/data/14693/000001469399000014/0000014693-99-000014-index.html",
    "finalLink": "https://www.sec.gov/Archives/edgar/data/14693/"
  },
  {
    "date": "1998-10-31",
    "symbol": "BF-B",
    "reportedCurrency": "USD",
    "cik": "0000014693",
    "fillingDate": "1998-12-10",
    "acceptedDate": "1998-12-10 00:00:00",
    "calendarYear": "1999",
    "period": "Q2",
    "revenue": 505100000,
    "costOfRevenue": 194500000,
    "grossProfit": 310600000,
    "grossProfitRatio": 0.6149277371,
    "researchAndDevelopmentExpenses": 0,
    "generalAndAdministrativeExpenses": 0,
    "sellingAndMarketingExpenses": 0,
    "sellingGeneralAndAdministrativeExpenses": 189000000,
    "otherExpenses": 14000000,
    "operatingExpenses": 203000000,
    "costAndExpenses": 397500000,
    "interestIncome": 0,
    "interestExpense": 0,
    "depreciationAndAmortization": 14000000,
    "ebitda": 121600000,
    "ebitdaratio": 0.240744407,
    "operatingIncome": 107600000,
    "operatingIncomeRatio": 0.2130271233,
    "totalOtherIncomeExpensesNet": -1700000,
    "incomeBeforeTax": 105900000,
    "incomeBeforeTaxRatio": 0.2096614532,
    "incomeTaxExpense": 38600000,
    "netIncome": 67300000,
    "netIncomeRatio": 0.1332409424,
    "eps": 0.1,
    "epsdiluted": 0.1,
    "weightedAverageShsOut": 643725000,
    "weightedAverageShsOutDil": 644390625,
    "link": "https://www.sec.gov/Archives/edgar/data/14693/000001469398000018/0000014693-98-000018-index.html",
    "finalLink": "https://www.sec.gov/Archives/edgar/data/14693/"
  },
  {
    "date": "1998-07-31",
    "symbol": "BF-B",
    "reportedCurrency": "USD",
    "cik": "0000014693",
    "fillingDate": "1998-09-03",
    "acceptedDate": "1998-09-03 00:00:00",
    "calendarYear": "1999",
    "period": "Q1",
    "revenue": 390100000,
    "costOfRevenue": 143000000,
    "grossProfit": 247100000,
    "grossProfitRatio": 0.6334273263,
    "researchAndDevelopmentExpenses": 0,
    "generalAndAdministrativeExpenses": 0,
    "sellingAndMarketingExpenses": 0,
    "sellingGeneralAndAdministrativeExpenses": 173100000,
    "otherExpenses": 13900000,
    "operatingExpenses": 187000000,
    "costAndExpenses": 330000000,
    "interestIncome": 0,
    "interestExpense": 0,
    "depreciationAndAmortization": 13900000,
    "ebitda": 74000000,
    "ebitdaratio": 0.18969495,
    "operatingIncome": 60100000,
    "operatingIncomeRatio": 0.1540630608,
    "totalOtherIncomeExpensesNet": -1500000,
    "incomeBeforeTax": 58600000,
    "incomeBeforeTaxRatio": 0.1502178928,
    "incomeTaxExpense": 21400000,
    "netIncome": 37200000,
    "netIncomeRatio": 0.0953601641,
    "eps": 0.0576,
    "epsdiluted": 0.0576,
    "weightedAverageShsOut": 643931250,
    "weightedAverageShsOutDil": 644531250,
    "link": "https://www.sec.gov/Archives/edgar/data/14693/000001469398000011/0000014693-98-000011-index.html",
    "finalLink": "https://www.sec.gov/Archives/edgar/data/14693/"
  },
  {
    "date": "1998-04-30",
    "symbol": "BF-B",
    "reportedCurrency": "USD",
    "cik": "0000014693",
    "fillingDate": "1998-07-17",
    "acceptedDate": "1998-07-17 00:00:00",
    "calendarYear": "1998",
    "period": "Q4",
    "revenue": 395900000,
    "costOfRevenue": 151100000,
    "grossProfit": 244800000,
    "grossProfitRatio": 0.6183379641,
    "researchAndDevelopmentExpenses": 0,
    "generalAndAdministrativeExpenses": 0,
    "sellingAndMarketingExpenses": 0,
    "sellingGeneralAndAdministrativeExpenses": 161300000,
    "otherExpenses": 12700000,
    "operatingExpenses": 174000000,
    "costAndExpenses": 325100000,
    "interestIncome": 0,
    "interestExpense": 0,
    "depreciationAndAmortization": 12700000,
    "ebitda": 83500000,
    "ebitdaratio": 0.2109118464,
    "operatingIncome": 70800000,
    "operatingIncomeRatio": 0.1788330386,
    "totalOtherIncomeExpensesNet": -2100000,
    "incomeBeforeTax": 68700000,
    "incomeBeforeTaxRatio": 0.1735286689,
    "incomeTaxExpense": 24600000,
    "netIncome": 44100000,
    "netIncomeRatio": 0.1113917656,
    "eps": 0.068,
    "epsdiluted": 0.068,
    "weightedAverageShsOut": 643931250,
    "weightedAverageShsOutDil": 644531250,
    "link": "https://www.sec.gov/Archives/edgar/data/14693/000001469398000007/0000014693-98-000007-index.html",
    "finalLink": "https://www.sec.gov/Archives/edgar/data/14693/"
  },
  {
    "date": "1998-01-31",
    "symbol": "BF-B",
    "reportedCurrency": "USD",
    "cik": "0000014693",
    "fillingDate": "1998-03-06",
    "acceptedDate": "1998-03-06 00:00:00",
    "calendarYear": "1998",
    "period": "Q3",
    "revenue": 418200000,
    "costOfRevenue": 154500000,
    "grossProfit": 263700000,
    "grossProfitRatio": 0.6305595409,
    "researchAndDevelopmentExpenses": 0,
    "generalAndAdministrativeExpenses": 0,
    "sellingAndMarketingExpenses": 0,
    "sellingGeneralAndAdministrativeExpenses": 175500000,
    "otherExpenses": 12400000,
    "operatingExpenses": 187900000,
    "costAndExpenses": 342400000,
    "interestIncome": 0,
    "interestExpense": 0,
    "depreciationAndAmortization": 12400000,
    "ebitda": 88200000,
    "ebitdaratio": 0.2109038737,
    "operatingIncome": 75800000,
    "operatingIncomeRatio": 0.181252989,
    "totalOtherIncomeExpensesNet": -2300000,
    "incomeBeforeTax": 73500000,
    "incomeBeforeTaxRatio": 0.1757532281,
    "incomeTaxExpense": 27900000,
    "netIncome": 45600000,
    "netIncomeRatio": 0.1090387374,
    "eps": 0.0704,
    "epsdiluted": 0.0704,
    "weightedAverageShsOut": 646584375,
    "weightedAverageShsOutDil": 647081250,
    "link": "https://www.sec.gov/Archives/edgar/data/14693/000001469398000003/0000014693-98-000003-index.html",
    "finalLink": "https://www.sec.gov/Archives/edgar/data/14693/"
  },
  {
    "date": "1997-10-31",
    "symbol": "BF-B",
    "reportedCurrency": "USD",
    "cik": "0000014693",
    "fillingDate": "1997-12-05",
    "acceptedDate": "1997-12-05 00:00:00",
    "calendarYear": "1998",
    "period": "Q2",
    "revenue": 483100000,
    "costOfRevenue": 191700000,
    "grossProfit": 291400000,
    "grossProfitRatio": 0.6031877458,
    "researchAndDevelopmentExpenses": 0,
    "generalAndAdministrativeExpenses": 0,
    "sellingAndMarketingExpenses": 0,
    "sellingGeneralAndAdministrativeExpenses": 176400000,
    "otherExpenses": 13300000,
    "operatingExpenses": 189700000,
    "costAndExpenses": 381400000,
    "interestIncome": 0,
    "interestExpense": 0,
    "depreciationAndAmortization": 13300000,
    "ebitda": 115000000,
    "ebitdaratio": 0.2380459532,
    "operatingIncome": 101700000,
    "operatingIncomeRatio": 0.2105154212,
    "totalOtherIncomeExpensesNet": -3400000,
    "incomeBeforeTax": 98300000,
    "incomeBeforeTaxRatio": 0.2034775409,
    "incomeTaxExpense": 37400000,
    "netIncome": 60900000,
    "netIncomeRatio": 0.126060857,
    "eps": 0.0939,
    "epsdiluted": 0.0939,
    "weightedAverageShsOut": 646875000,
    "weightedAverageShsOutDil": 646875000,
    "link": "https://www.sec.gov/Archives/edgar/data/14693/000001469397000023/0000014693-97-000023-index.html",
    "finalLink": "https://www.sec.gov/Archives/edgar/data/14693/"
  },
  {
    "date": "1997-07-31",
    "symbol": "BF-B",
    "reportedCurrency": "USD",
    "cik": "0000014693",
    "fillingDate": "1997-09-05",
    "acceptedDate": "1997-09-05 00:00:00",
    "calendarYear": "1998",
    "period": "Q1",
    "revenue": 371800000,
    "costOfRevenue": 141700000,
    "grossProfit": 230100000,
    "grossProfitRatio": 0.6188811189,
    "researchAndDevelopmentExpenses": 0,
    "generalAndAdministrativeExpenses": 0,
    "sellingAndMarketingExpenses": 0,
    "sellingGeneralAndAdministrativeExpenses": 158800000,
    "otherExpenses": 12600000,
    "operatingExpenses": 171400000,
    "costAndExpenses": 313100000,
    "interestIncome": 0,
    "interestExpense": 0,
    "depreciationAndAmortization": 12600000,
    "ebitda": 71300000,
    "ebitdaratio": 0.1917697687,
    "operatingIncome": 58700000,
    "operatingIncomeRatio": 0.157880581,
    "totalOtherIncomeExpensesNet": -3200000,
    "incomeBeforeTax": 55500000,
    "incomeBeforeTaxRatio": 0.1492738031,
    "incomeTaxExpense": 21100000,
    "netIncome": 34400000,
    "netIncomeRatio": 0.0925228618,
    "eps": 0.0533,
    "epsdiluted": 0.0533,
    "weightedAverageShsOut": 646875000,
    "weightedAverageShsOutDil": 646875000,
    "link": "https://www.sec.gov/Archives/edgar/data/14693/000001469397000010/0000014693-97-000010-index.html",
    "finalLink": "https://www.sec.gov/Archives/edgar/data/14693/"
  },
  {
    "date": "1997-04-30",
    "symbol": "BF-B",
    "reportedCurrency": "USD",
    "cik": "0000014693",
    "fillingDate": "1997-07-22",
    "acceptedDate": "1997-07-22 00:00:00",
    "calendarYear": "1997",
    "period": "Q4",
    "revenue": 369300000,
    "costOfRevenue": 139600000,
    "grossProfit": 229700000,
    "grossProfitRatio": 0.621987544,
    "researchAndDevelopmentExpenses": 0,
    "generalAndAdministrativeExpenses": 0,
    "sellingAndMarketingExpenses": 0,
    "sellingGeneralAndAdministrativeExpenses": 149900000,
    "otherExpenses": 12600000,
    "operatingExpenses": 162500000,
    "costAndExpenses": 302100000,
    "interestIncome": 0,
    "interestExpense": 0,
    "depreciationAndAmortization": 12600000,
    "ebitda": 79800000,
    "ebitdaratio": 0.2160844842,
    "operatingIncome": 67200000,
    "operatingIncomeRatio": 0.1819658814,
    "totalOtherIncomeExpensesNet": -2700000,
    "incomeBeforeTax": 64500000,
    "incomeBeforeTaxRatio": 0.1746547522,
    "incomeTaxExpense": 24800000,
    "netIncome": 39700000,
    "netIncomeRatio": 0.107500677,
    "eps": 0.061,
    "epsdiluted": 0.061,
    "weightedAverageShsOut": 630803571,
    "weightedAverageShsOutDil": 646875000,
    "link": "https://www.sec.gov/Archives/edgar/data/14693/000095013197004522/0000950131-97-004522-index.html",
    "finalLink": "https://www.sec.gov/Archives/edgar/data/14693/"
  },
  {
    "date": "1997-01-31",
    "symbol": "BF-B",
    "reportedCurrency": "USD",
    "cik": "0000014693",
    "fillingDate": "1997-03-14",
    "acceptedDate": "1997-03-14 00:00:00",
    "calendarYear": "1997",
    "period": "Q3",
    "revenue": 393200000,
    "costOfRevenue": 161500000,
    "grossProfit": 231700000,
    "grossProfitRatio": 0.5892675483,
    "researchAndDevelopmentExpenses": 0,
    "generalAndAdministrativeExpenses": 0,
    "sellingAndMarketingExpenses": 0,
    "sellingGeneralAndAdministrativeExpenses": 148600000,
    "otherExpenses": 12400000,
    "operatingExpenses": 161000000,
    "costAndExpenses": 322500000,
    "interestIncome": 0,
    "interestExpense": 0,
    "depreciationAndAmortization": 12600000,
    "ebitda": 83300000,
    "ebitdaratio": 0.2118514751,
    "operatingIncome": 70700000,
    "operatingIncomeRatio": 0.1798067141,
    "totalOtherIncomeExpensesNet": -3600000,
    "incomeBeforeTax": 67100000,
    "incomeBeforeTaxRatio": 0.1706510682,
    "incomeTaxExpense": 25500000,
    "netIncome": 41600000,
    "netIncomeRatio": 0.1057985758,
    "eps": 0.064,
    "epsdiluted": 0.064,
    "weightedAverageShsOut": 646875000,
    "weightedAverageShsOutDil": 646875000,
    "link": "https://www.sec.gov/Archives/edgar/data/14693/000001469397000002/0000014693-97-000002-index.html",
    "finalLink": "https://www.sec.gov/Archives/edgar/data/14693/"
  },
  {
    "date": "1996-10-31",
    "symbol": "BF-B",
    "reportedCurrency": "USD",
    "cik": "0000014693",
    "fillingDate": "1996-12-13",
    "acceptedDate": "1996-12-13 00:00:00",
    "calendarYear": "1997",
    "period": "Q2",
    "revenue": 456300000,
    "costOfRevenue": 188100000,
    "grossProfit": 268200000,
    "grossProfitRatio": 0.5877712032,
    "researchAndDevelopmentExpenses": 0,
    "generalAndAdministrativeExpenses": 0,
    "sellingAndMarketingExpenses": 0,
    "sellingGeneralAndAdministrativeExpenses": 162000000,
    "otherExpenses": 12800000,
    "operatingExpenses": 174800000,
    "costAndExpenses": 362900000,
    "interestIncome": 0,
    "interestExpense": 0,
    "depreciationAndAmortization": 12800000,
    "ebitda": 106200000,
    "ebitdaratio": 0.2327416174,
    "operatingIncome": 93400000,
    "operatingIncomeRatio": 0.204689897,
    "totalOtherIncomeExpensesNet": -4100000,
    "incomeBeforeTax": 89300000,
    "incomeBeforeTaxRatio": 0.1957045803,
    "incomeTaxExpense": 33900000,
    "netIncome": 55400000,
    "netIncomeRatio": 0.1214113522,
    "eps": 0.0853,
    "epsdiluted": 0.0853,
    "weightedAverageShsOut": 646875000,
    "weightedAverageShsOutDil": 646875000,
    "link": "https://www.sec.gov/Archives/edgar/data/14693/000001469396000011/0000014693-96-000011-index.html",
    "finalLink": "https://www.sec.gov/Archives/edgar/data/14693/"
  },
  {
    "date": "1996-07-31",
    "symbol": "BF-B",
    "reportedCurrency": "USD",
    "cik": "0000014693",
    "fillingDate": "1996-09-10",
    "acceptedDate": "1996-09-10 00:00:00",
    "calendarYear": "1997",
    "period": "Q1",
    "revenue": 365000000,
    "costOfRevenue": 141000000,
    "grossProfit": 224000000,
    "grossProfitRatio": 0.6136986301,
    "researchAndDevelopmentExpenses": 0,
    "generalAndAdministrativeExpenses": 0,
    "sellingAndMarketingExpenses": 0,
    "sellingGeneralAndAdministrativeExpenses": 156000000,
    "otherExpenses": 12000000,
    "operatingExpenses": 168000000,
    "costAndExpenses": 309000000,
    "interestIncome": 0,
    "interestExpense": 0,
    "depreciationAndAmortization": 12000000,
    "ebitda": 68000000,
    "ebitdaratio": 0.1863013699,
    "operatingIncome": 56000000,
    "operatingIncomeRatio": 0.1534246575,
    "totalOtherIncomeExpensesNet": -4000000,
    "incomeBeforeTax": 52000000,
    "incomeBeforeTaxRatio": 0.1424657534,
    "incomeTaxExpense": 20000000,
    "netIncome": 32000000,
    "netIncomeRatio": 0.0876712329,
    "eps": 0.0501,
    "epsdiluted": 0.0501,
    "weightedAverageShsOut": 646875000,
    "weightedAverageShsOutDil": 646875000,
    "link": "https://www.sec.gov/Archives/edgar/data/14693/000001469396000009/0000014693-96-000009-index.html",
    "finalLink": "https://www.sec.gov/Archives/edgar/data/14693/"
  },
  {
    "date": "1996-04-30",
    "symbol": "BF-B",
    "reportedCurrency": "USD",
    "cik": "0000014693",
    "fillingDate": "1996-07-03",
    "acceptedDate": "1996-07-03 00:00:00",
    "calendarYear": "1996",
    "period": "Q4",
    "revenue": 365495000,
    "costOfRevenue": 142500000,
    "grossProfit": 222995000,
    "grossProfitRatio": 0.6101177855,
    "researchAndDevelopmentExpenses": 0,
    "generalAndAdministrativeExpenses": 0,
    "sellingAndMarketingExpenses": 0,
    "sellingGeneralAndAdministrativeExpenses": 150200000,
    "otherExpenses": 11500000,
    "operatingExpenses": 161700000,
    "costAndExpenses": 304200000,
    "interestIncome": 0,
    "interestExpense": 0,
    "depreciationAndAmortization": 11500000,
    "ebitda": 72795000,
    "ebitdaratio": 0.1991682513,
    "operatingIncome": 61295000,
    "operatingIncomeRatio": 0.1677040726,
    "totalOtherIncomeExpensesNet": -3295000,
    "incomeBeforeTax": 58000000,
    "incomeBeforeTaxRatio": 0.1586889014,
    "incomeTaxExpense": 21500000,
    "netIncome": 36500000,
    "netIncomeRatio": 0.0998645672,
    "eps": 0.056,
    "epsdiluted": 0.056,
    "weightedAverageShsOut": 640656331,
    "weightedAverageShsOutDil": 646875000,
    "link": "https://www.sec.gov/Archives/edgar/data/14693/000001469396000005/0000014693-96-000005-index.html",
    "finalLink": "https://www.sec.gov/Archives/edgar/data/14693/"
  },
  {
    "date": "1996-01-31",
    "symbol": "BF-B",
    "reportedCurrency": "USD",
    "cik": "0000014693",
    "fillingDate": "1996-03-13",
    "acceptedDate": "1996-03-13 00:00:00",
    "calendarYear": "1996",
    "period": "Q3",
    "revenue": 384500000,
    "costOfRevenue": 156100000,
    "grossProfit": 228400000,
    "grossProfitRatio": 0.5940182055,
    "researchAndDevelopmentExpenses": 0,
    "generalAndAdministrativeExpenses": 0,
    "sellingAndMarketingExpenses": 0,
    "sellingGeneralAndAdministrativeExpenses": 150900000,
    "otherExpenses": 11900000,
    "operatingExpenses": 162800000,
    "costAndExpenses": 318900000,
    "interestIncome": 0,
    "interestExpense": 0,
    "depreciationAndAmortization": 11900000,
    "ebitda": 77500000,
    "ebitdaratio": 0.2015604681,
    "operatingIncome": 65600000,
    "operatingIncomeRatio": 0.1706111834,
    "totalOtherIncomeExpensesNet": -4500000,
    "incomeBeforeTax": 61100000,
    "incomeBeforeTaxRatio": 0.1589076723,
    "incomeTaxExpense": 23000000,
    "netIncome": 38100000,
    "netIncomeRatio": 0.0990897269,
    "eps": 0.0587,
    "epsdiluted": 0.0587,
    "weightedAverageShsOut": 646837500,
    "weightedAverageShsOutDil": 646837500,
    "link": "https://www.sec.gov/Archives/edgar/data/14693/000001469396000003/0000014693-96-000003-index.html",
    "finalLink": "https://www.sec.gov/Archives/edgar/data/14693/"
  },
  {
    "date": "1995-10-31",
    "symbol": "BF-B",
    "reportedCurrency": "USD",
    "cik": "0000014693",
    "fillingDate": "1995-12-14",
    "acceptedDate": "1995-12-14 00:00:00",
    "calendarYear": "1996",
    "period": "Q2",
    "revenue": 441900000,
    "costOfRevenue": 181800000,
    "grossProfit": 260100000,
    "grossProfitRatio": 0.5885947047,
    "researchAndDevelopmentExpenses": 0,
    "generalAndAdministrativeExpenses": 0,
    "sellingAndMarketingExpenses": 0,
    "sellingGeneralAndAdministrativeExpenses": 158600000,
    "otherExpenses": 11500000,
    "operatingExpenses": 170100000,
    "costAndExpenses": 351900000,
    "interestIncome": 0,
    "interestExpense": 0,
    "depreciationAndAmortization": 11500000,
    "ebitda": 101500000,
    "ebitdaratio": 0.2296899751,
    "operatingIncome": 90000000,
    "operatingIncomeRatio": 0.2036659878,
    "totalOtherIncomeExpensesNet": -4600000,
    "incomeBeforeTax": 85400000,
    "incomeBeforeTaxRatio": 0.1932563928,
    "incomeTaxExpense": 32200000,
    "netIncome": 53200000,
    "netIncomeRatio": 0.1203892283,
    "eps": 0.0821,
    "epsdiluted": 0.0821,
    "weightedAverageShsOut": 646837500,
    "weightedAverageShsOutDil": 646837500,
    "link": "https://www.sec.gov/Archives/edgar/data/14693/000001469395000011/0000014693-95-000011-index.html",
    "finalLink": "https://www.sec.gov/Archives/edgar/data/14693/"
  }
]