[
  {
    "date": "2025-04-30",
    "symbol": "BF-B",
    "reportedCurrency": "USD",
    "cik": "0000014693",
    "fillingDate": "2025-06-13",
    "acceptedDate": "2025-06-13 16:05:22",
    "calendarYear": "2025",
    "period": "FY",
    "revenue": 3975000000,
    "costOfRevenue": 1632000000,
    "grossProfit": 2343000000,
    "grossProfitRatio": 0.5894339623,
    "researchAndDevelopmentExpenses": 0,
    "generalAndAdministrativeExpenses": 744000000,
    "sellingAndMarketingExpenses": 484000000,
    "sellingGeneralAndAdministrativeExpenses": 1228000000,
    "otherExpenses": 8000000,
    "operatingExpenses": 1236000000,
    "costAndExpenses": 2868000000,
    "interestIncome": 17000000,
    "interestExpense": 122000000,
    "depreciationAndAmortization": 87000000,
    "ebitda": 1290000000,
    "ebitdaratio": 0.3245283019,
    "operatingIncome": 1107000000,
    "operatingIncomeRatio": 0.278490566,
    "totalOtherIncomeExpensesNet": -26000000,
    "incomeBeforeTax": 1081000000,
    "incomeBeforeTaxRatio": 0.2719496855,
    "incomeTaxExpense": 212000000,
    "netIncome": 869000000,
    "netIncomeRatio": 0.2186163522,
    "eps": 1.84,
    "epsdiluted": 1.84,
    "weightedAverageShsOut": 472655000,
    "weightedAverageShsOutDil": 472950000,
    "link": "https://www.sec.gov/Archives/edgar/data/14693/000001469325000062/0000014693-25-000062-index.htm",
    "finalLink": "https://www.sec.gov/Archives/edgar/data/14693/000001469325000062/bfb-20250430.htm"
  },
  {
    "date": "2024-04-30",
    "symbol": "BF-B",
    "reportedCurrency": "USD",
    "cik": "0000014693",
    "fillingDate": "2024-06-14",
    "acceptedDate": "2024-06-14 16:01:37",
    "calendarYear": "2024",
    "period": "FY",
    "revenue": 4178000000,
    "costOfRevenue": 1652000000,
    "grossProfit": 2526000000,
    "grossProfitRatio": 0.6045955002,
    "researchAndDevelopmentExpenses": 0,
    "generalAndAdministrativeExpenses": 826000000,
    "sellingAndMarketingExpenses": 529000000,
    "sellingGeneralAndAdministrativeExpenses": 1355000000,
    "otherExpenses": -243000000,
    "operatingExpenses": 1112000000,
    "costAndExpenses": 2764000000,
    "interestIncome": 14000000,
    "interestExpense": 127000000,
    "depreciationAndAmortization": 87000000,
    "ebitda": 1512000000,
    "ebitdaratio": 0.3618956438,
    "operatingIncome": 1414000000,
    "operatingIncomeRatio": 0.3384394447,
    "totalOtherIncomeExpensesNet": -116000000,
    "incomeBeforeTax": 1298000000,
    "incomeBeforeTaxRatio": 0.3106749641,
    "incomeTaxExpense": 274000000,
    "netIncome": 1024000000,
    "netIncomeRatio": 0.2450933461,
    "eps": 2.15,
    "epsdiluted": 2.15,
    "weightedAverageShsOut": 476394000,
    "weightedAverageShsOutDil": 477220000,
    "link": "https://www.sec.gov/Archives/edgar/data/14693/000001469324000086/0000014693-24-000086-index.htm",
    "finalLink": "https://www.sec.gov/Archives/edgar/data/14693/000001469324000086/bfb-20240430.htm"
  },
  {
    "date": "2023-04-30",
    "symbol": "BF-B",
    "reportedCurrency": "USD",
    "cik": "0000014693",
    "fillingDate": "2023-06-16",
    "acceptedDate": "2023-06-16 16:03:20",
    "calendarYear": "2023",
    "period": "FY",
    "revenue": 4228000000,
    "costOfRevenue": 1734000000,
    "grossProfit": 2494000000,
    "grossProfitRatio": 0.5898770104,
    "researchAndDevelopmentExpenses": 0,
    "generalAndAdministrativeExpenses": 742000000,
    "sellingAndMarketingExpenses": 506000000,
    "sellingGeneralAndAdministrativeExpenses": 1248000000,
    "otherExpenses": 119000000,
    "operatingExpenses": 1367000000,
    "costAndExpenses": 3101000000,
    "interestIncome": 9000000,
    "interestExpense": 90000000,
    "depreciationAndAmortization": 80000000,
    "ebitda": 1187000000,
    "ebitdaratio": 0.2807473983,
    "operatingIncome": 1127000000,
    "operatingIncomeRatio": 0.2665562914,
    "totalOtherIncomeExpensesNet": -110000000,
    "incomeBeforeTax": 1017000000,
    "incomeBeforeTaxRatio": 0.2405392621,
    "incomeTaxExpense": 234000000,
    "netIncome": 783000000,
    "netIncomeRatio": 0.1851939451,
    "eps": 1.63,
    "epsdiluted": 1.63,
    "weightedAverageShsOut": 479155000,
    "weightedAverageShsOutDil": 480565000,
    "link": "https://www.sec.gov/Archives/edgar/data/14693/000001469323000074/0000014693-23-000074-index.htm",
    "finalLink": "https://www.sec.gov/Archives/edgar/data/14693/000001469323000074/bfb-20230430.htm"
  },
  {
    "date": "2022-04-30",
    "symbol": "BF-B",
    "reportedCurrency": "USD",
    "cik": "0000014693",
    "fillingDate": "2022-06-17",
    "acceptedDate": "2022-06-17 12:47:26",
    "calendarYear": "2022",
    "period": "FY",
    "revenue": 3933000000,
    "costOfRevenue": 1542000000,
    "grossProfit": 2391000000,
    "grossProfitRatio": 0.6079328757,
    "researchAndDevelopmentExpenses": 0,
    "generalAndAdministrativeExpenses": 690000000,
    "sellingAndMarketingExpenses": 438000000,
    "sellingGeneralAndAdministrativeExpenses": 1128000000,
    "otherExpenses": 59000000,
    "operatingExpenses": 1187000000,
    "costAndExpenses": 2729000000,
    "interestIncome": 5000000,
    "interestExpense": 82000000,
    "depreciationAndAmortization": 79000000,
    "ebitda": 1275000000,
    "ebitdaratio": 0.3241800153,
    "operatingIncome": 1204000000,
    "operatingIncomeRatio": 0.3061276379,
    "totalOtherIncomeExpensesNet": -90000000,
    "incomeBeforeTax": 1114000000,
    "incomeBeforeTaxRatio": 0.2832443427,
    "incomeTaxExpense": 276000000,
    "netIncome": 838000000,
    "netIncomeRatio": 0.2130689041,
    "eps": 1.75,
    "epsdiluted": 1.74,
    "weightedAverageShsOut": 478879000,
    "weightedAverageShsOutDil": 480565000,
    "link": "https://www.sec.gov/Archives/edgar/data/14693/000001469322000069/0000014693-22-000069-index.htm",
    "finalLink": "https://www.sec.gov/Archives/edgar/data/14693/000001469322000069/bfb-20220430.htm"
  },
  {
    "date": "2021-04-30",
    "symbol": "BF-B",
    "reportedCurrency": "USD",
    "cik": "0000014693",
    "fillingDate": "2021-06-21",
    "acceptedDate": "2021-06-21 09:21:56",
    "calendarYear": "2021",
    "period": "FY",
    "revenue": 3461000000,
    "costOfRevenue": 1367000000,
    "grossProfit": 2094000000,
    "grossProfitRatio": 0.6050274487,
    "researchAndDevelopmentExpenses": 0,
    "generalAndAdministrativeExpenses": 671000000,
    "sellingAndMarketingExpenses": 399000000,
    "sellingGeneralAndAdministrativeExpenses": 1070000000,
    "otherExpenses": -142000000,
    "operatingExpenses": 928000000,
    "costAndExpenses": 2295000000,
    "interestIncome": 2000000,
    "interestExpense": 81000000,
    "depreciationAndAmortization": 77000000,
    "ebitda": 1239000000,
    "ebitdaratio": 0.3579890205,
    "operatingIncome": 1166000000,
    "operatingIncomeRatio": 0.3368968506,
    "totalOtherIncomeExpensesNet": -85000000,
    "incomeBeforeTax": 1081000000,
    "incomeBeforeTaxRatio": 0.3123374747,
    "incomeTaxExpense": 178000000,
    "netIncome": 903000000,
    "netIncomeRatio": 0.2609072522,
    "eps": 1.89,
    "epsdiluted": 1.88,
    "weightedAverageShsOut": 478527000,
    "weightedAverageShsOutDil": 480677000,
    "link": "https://www.sec.gov/Archives/edgar/data/14693/000001469321000091/0000014693-21-000091-index.htm",
    "finalLink": "https://www.sec.gov/Archives/edgar/data/14693/000001469321000091/bfb-20210430.htm"
  },
  {
    "date": "2020-04-30",
    "symbol": "BF-B",
    "reportedCurrency": "USD",
    "cik": "0000014693",
    "fillingDate": "2020-06-19",
    "acceptedDate": "2020-06-19 17:20:14",
    "calendarYear": "2020",
    "period": "FY",
    "revenue": 3363000000,
    "costOfRevenue": 1236000000,
    "grossProfit": 2127000000,
    "grossProfitRatio": 0.632471008,
    "researchAndDevelopmentExpenses": 0,
    "generalAndAdministrativeExpenses": 642000000,
    "sellingAndMarketingExpenses": 383000000,
    "sellingGeneralAndAdministrativeExpenses": 1025000000,
    "otherExpenses": 11000000,
    "operatingExpenses": 1036000000,
    "costAndExpenses": 2272000000,
    "interestIncome": 5000000,
    "interestExpense": 82000000,
    "depreciationAndAmortization": 74000000,
    "ebitda": 1165000000,
    "ebitdaratio": 0.3464168897,
    "operatingIncome": 1091000000,
    "operatingIncomeRatio": 0.3244127267,
    "totalOtherIncomeExpensesNet": -82000000,
    "incomeBeforeTax": 1009000000,
    "incomeBeforeTaxRatio": 0.3000297354,
    "incomeTaxExpense": 182000000,
    "netIncome": 827000000,
    "netIncomeRatio": 0.2459113886,
    "eps": 1.73,
    "epsdiluted": 1.72,
    "weightedAverageShsOut": 477765000,
    "weightedAverageShsOutDil": 480409000,
    "link": "https://www.sec.gov/Archives/edgar/data/14693/000001469320000066/0000014693-20-000066-index.htm",
    "finalLink": "https://www.sec.gov/Archives/edgar/data/14693/000001469320000066/bfb-2020430x10kapril.htm"
  },
  {
    "date": "2019-04-30",
    "symbol": "BF-B",
    "reportedCurrency": "USD",
    "cik": "0000014693",
    "fillingDate": "2019-06-13",
    "acceptedDate": "2019-06-13 10:34:03",
    "calendarYear": "2019",
    "period": "FY",
    "revenue": 3324000000,
    "costOfRevenue": 1158000000,
    "grossProfit": 2166000000,
    "grossProfitRatio": 0.6516245487,
    "researchAndDevelopmentExpenses": 0,
    "generalAndAdministrativeExpenses": 641000000,
    "sellingAndMarketingExpenses": 396000000,
    "sellingGeneralAndAdministrativeExpenses": 1037000000,
    "otherExpenses": -15000000,
    "operatingExpenses": 1022000000,
    "costAndExpenses": 2180000000,
    "interestIncome": 8000000,
    "interestExpense": 88000000,
    "depreciationAndAmortization": 72000000,
    "ebitda": 1202000000,
    "ebitdaratio": 0.361612515,
    "operatingIncome": 1144000000,
    "operatingIncomeRatio": 0.3441636582,
    "totalOtherIncomeExpensesNet": -102000000,
    "incomeBeforeTax": 1042000000,
    "incomeBeforeTaxRatio": 0.3134777377,
    "incomeTaxExpense": 207000000,
    "netIncome": 835000000,
    "netIncomeRatio": 0.2512033694,
    "eps": 1.74,
    "epsdiluted": 1.73,
    "weightedAverageShsOut": 478956000,
    "weightedAverageShsOutDil": 482067000,
    "link": "https://www.sec.gov/Archives/edgar/data/14693/000001469319000099/0000014693-19-000099-index.htm",
    "finalLink": "https://www.sec.gov/Archives/edgar/data/14693/000001469319000099/bfb-2019430x10kapril.htm"
  },
  {
    "date": "2018-04-30",
    "symbol": "BF-B",
    "reportedCurrency": "USD",
    "cik": "0000014693",
    "fillingDate": "2018-06-13",
    "acceptedDate": "2018-06-13 16:56:47",
    "calendarYear": "2018",
    "period": "FY",
    "revenue": 3248000000,
    "costOfRevenue": 1046000000,
    "grossProfit": 2202000000,
    "grossProfitRatio": 0.677955665,
    "researchAndDevelopmentExpenses": 0,
    "generalAndAdministrativeExpenses": 765000000,
    "sellingAndMarketingExpenses": 414000000,
    "sellingGeneralAndAdministrativeExpenses": 1170000000,
    "otherExpenses": -16000000,
    "operatingExpenses": 1154000000,
    "costAndExpenses": 2209000000,
    "interestIncome": 6000000,
    "interestExpense": 68000000,
    "depreciationAndAmortization": 64000000,
    "ebitda": 1109000000,
    "ebitdaratio": 0.3414408867,
    "operatingIncome": 1048000000,
    "operatingIncomeRatio": 0.3226600985,
    "totalOtherIncomeExpensesNet": -71000000,
    "incomeBeforeTax": 977000000,
    "incomeBeforeTaxRatio": 0.3008004926,
    "incomeTaxExpense": 260000000,
    "netIncome": 717000000,
    "netIncomeRatio": 0.2207512315,
    "eps": 1.49,
    "epsdiluted": 1.48,
    "weightedAverageShsOut": 480319000,
    "weightedAverageShsOutDil": 484248000,
    "link": "https://www.sec.gov/Archives/edgar/data/14693/000001469318000084/0000014693-18-000084-index.htm",
    "finalLink": "https://www.sec.gov/Archives/edgar/data/14693/000001469318000084/bfb-2018430x10kapril.htm"
  },
  {
    "date": "2017-04-30",
    "symbol": "BF-B",
    "reportedCurrency": "USD",
    "cik": "0000014693",
    "fillingDate": "2017-06-15",
    "acceptedDate": "2017-06-14 17:45:42",
    "calendarYear": "2017",
    "period": "FY",
    "revenue": 2994000000,
    "costOfRevenue": 973000000,
    "grossProfit": 2021000000,
    "grossProfitRatio": 0.6750167001,
    "researchAndDevelopmentExpenses": 0,
    "generalAndAdministrativeExpenses": 667000000,
    "sellingAndMarketingExpenses": 383000000,
    "sellingGeneralAndAdministrativeExpenses": 1029000000,
    "otherExpenses": -18000000,
    "operatingExpenses": 1011000000,
    "costAndExpenses": 2005000000,
    "interestIncome": 3000000,
    "interestExpense": 59000000,
    "depreciationAndAmortization": 58000000,
    "ebitda": 1050000000,
    "ebitdaratio": 0.3507014028,
    "operatingIncome": 1010000000,
    "operatingIncomeRatio": 0.3373413494,
    "totalOtherIncomeExpensesNet": -77000000,
    "incomeBeforeTax": 933000000,
    "incomeBeforeTaxRatio": 0.3116232465,
    "incomeTaxExpense": 264000000,
    "netIncome": 669000000,
    "netIncomeRatio": 0.2234468938,
    "eps": 1.38,
    "epsdiluted": 1.37,
    "weightedAverageShsOut": 484635000,
    "weightedAverageShsOutDil": 488076250,
    "link": "https://www.sec.gov/Archives/edgar/data/14693/000001469317000119/0000014693-17-000119-index.htm",
    "finalLink": "https://www.sec.gov/Archives/edgar/data/14693/000001469317000119/bfb-2017430x10k.htm"
  },
  {
    "date": "2016-04-30",
    "symbol": "BF-B",
    "reportedCurrency": "USD",
    "cik": "0000014693",
    "fillingDate": "2016-06-16",
    "acceptedDate": "2016-06-15 17:49:15",
    "calendarYear": "2016",
    "period": "FY",
    "revenue": 3089000000,
    "costOfRevenue": 945000000,
    "grossProfit": 2144000000,
    "grossProfitRatio": 0.6940757527,
    "researchAndDevelopmentExpenses": 0,
    "generalAndAdministrativeExpenses": 688000000,
    "sellingAndMarketingExpenses": 417000000,
    "sellingGeneralAndAdministrativeExpenses": 1105000000,
    "otherExpenses": -494000000,
    "operatingExpenses": 611000000,
    "costAndExpenses": 2041000000,
    "interestIncome": 2000000,
    "interestExpense": 46000000,
    "depreciationAndAmortization": 56000000,
    "ebitda": 1591000000,
    "ebitdaratio": 0.5150534153,
    "operatingIncome": 1533000000,
    "operatingIncomeRatio": 0.4962771123,
    "totalOtherIncomeExpensesNet": -44000000,
    "incomeBeforeTax": 1489000000,
    "incomeBeforeTaxRatio": 0.4820330204,
    "incomeTaxExpense": 422000000,
    "netIncome": 1067000000,
    "netIncomeRatio": 0.3454192295,
    "eps": 2.1,
    "epsdiluted": 2.09,
    "weightedAverageShsOut": 507442500,
    "weightedAverageShsOutDil": 510700000,
    "link": "https://www.sec.gov/Archives/edgar/data/14693/000001469316000160/0000014693-16-000160-index.htm",
    "finalLink": "https://www.sec.gov/Archives/edgar/data/14693/000001469316000160/bfb-2016430x10k.htm"
  },
  {
    "date": "2015-04-30",
    "symbol": "BF-B",
    "reportedCurrency": "USD",
    "cik": "0000014693",
    "fillingDate": "2015-06-18",
    "acceptedDate": "2015-06-17 20:14:25",
    "calendarYear": "2015",
    "period": "FY",
    "revenue": 3134000000,
    "costOfRevenue": 951000000,
    "grossProfit": 2183000000,
    "grossProfitRatio": 0.6965539247,
    "researchAndDevelopmentExpenses": 0,
    "generalAndAdministrativeExpenses": 697000000,
    "sellingAndMarketingExpenses": 437000000,
    "sellingGeneralAndAdministrativeExpenses": 1134000000,
    "otherExpenses": 22000000,
    "operatingExpenses": 1156000000,
    "costAndExpenses": 2107000000,
    "interestIncome": 2000000,
    "interestExpense": 27000000,
    "depreciationAndAmortization": 51000000,
    "ebitda": 1080000000,
    "ebitdaratio": 0.3446075303,
    "operatingIncome": 1027000000,
    "operatingIncomeRatio": 0.3276962348,
    "totalOtherIncomeExpensesNet": -25000000,
    "incomeBeforeTax": 1002000000,
    "incomeBeforeTaxRatio": 0.3197192087,
    "incomeTaxExpense": 318000000,
    "netIncome": 684000000,
    "netIncomeRatio": 0.2182514359,
    "eps": 1.29,
    "epsdiluted": 1.28,
    "weightedAverageShsOut": 528982500,
    "weightedAverageShsOutDil": 532707500,
    "link": "https://www.sec.gov/Archives/edgar/data/14693/000001469315000014/0000014693-15-000014-index.htm",
    "finalLink": "https://www.sec.gov/Archives/edgar/data/14693/000001469315000014/bfb-2015430x10k.htm"
  },
  {
    "date": "2014-04-30",
    "symbol": "BF-B",
    "reportedCurrency": "USD",
    "cik": "0000014693",
    "fillingDate": "2014-06-20",
    "acceptedDate": "2014-06-19 19:53:21",
    "calendarYear": "2014",
    "period": "FY",
    "revenue": 2991000000,
    "costOfRevenue": 913000000,
    "grossProfit": 2078000000,
    "grossProfitRatio": 0.6947509194,
    "researchAndDevelopmentExpenses": 0,
    "generalAndAdministrativeExpenses": 686000000,
    "sellingAndMarketingExpenses": 436000000,
    "sellingGeneralAndAdministrativeExpenses": 1122000000,
    "otherExpenses": -15000000,
    "operatingExpenses": 1107000000,
    "costAndExpenses": 2020000000,
    "interestIncome": 2000000,
    "interestExpense": 26000000,
    "depreciationAndAmortization": 50000000,
    "ebitda": 1023000000,
    "ebitdaratio": 0.3420260782,
    "operatingIncome": 971000000,
    "operatingIncomeRatio": 0.3246405884,
    "totalOtherIncomeExpensesNet": -24000000,
    "incomeBeforeTax": 947000000,
    "incomeBeforeTaxRatio": 0.3166165162,
    "incomeTaxExpense": 288000000,
    "netIncome": 659000000,
    "netIncomeRatio": 0.2203276496,
    "eps": 1.23,
    "epsdiluted": 1.22,
    "weightedAverageShsOut": 533635000,
    "weightedAverageShsOutDil": 537705000,
    "link": "https://www.sec.gov/Archives/edgar/data/14693/000001469314000014/0000014693-14-000014-index.htm",
    "finalLink": "https://www.sec.gov/Archives/edgar/data/14693/000001469314000014/bfb-2014430x10k.htm"
  },
  {
    "date": "2013-04-30",
    "symbol": "BF-B",
    "reportedCurrency": "USD",
    "cik": "0000014693",
    "fillingDate": "2013-06-27",
    "acceptedDate": "2013-06-27 13:24:19",
    "calendarYear": "2013",
    "period": "FY",
    "revenue": 2849000000,
    "costOfRevenue": 894000000,
    "grossProfit": 1955000000,
    "grossProfitRatio": 0.6862056862,
    "researchAndDevelopmentExpenses": 0,
    "generalAndAdministrativeExpenses": 650000000,
    "sellingAndMarketingExpenses": 408000000,
    "sellingGeneralAndAdministrativeExpenses": 1058000000,
    "otherExpenses": -1000000,
    "operatingExpenses": 1057000000,
    "costAndExpenses": 1951000000,
    "interestIncome": 3000000,
    "interestExpense": 36000000,
    "depreciationAndAmortization": 51000000,
    "ebitda": 952000000,
    "ebitdaratio": 0.3341523342,
    "operatingIncome": 898000000,
    "operatingIncomeRatio": 0.3151983152,
    "totalOtherIncomeExpensesNet": -33000000,
    "incomeBeforeTax": 865000000,
    "incomeBeforeTaxRatio": 0.3036153036,
    "incomeTaxExpense": 274000000,
    "netIncome": 591000000,
    "netIncomeRatio": 0.2074412074,
    "eps": 1.11,
    "epsdiluted": 1.1,
    "weightedAverageShsOut": 533422500,
    "weightedAverageShsOutDil": 537465000,
    "link": "https://www.sec.gov/Archives/edgar/data/14693/000001469313000038/0000014693-13-000038-index.htm",
    "finalLink": "https://www.sec.gov/Archives/edgar/data/14693/000001469313000038/bfb-2013430x10k.htm"
  },
  {
    "date": "2012-04-30",
    "symbol": "BF-B",
    "reportedCurrency": "USD",
    "cik": "0000014693",
    "fillingDate": "2012-06-27",
    "acceptedDate": "2012-06-27 12:24:22",
    "calendarYear": "2012",
    "period": "FY",
    "revenue": 2723400000,
    "costOfRevenue": 928400000,
    "grossProfit": 1795000000,
    "grossProfitRatio": 0.6591025923,
    "researchAndDevelopmentExpenses": 0,
    "generalAndAdministrativeExpenses": 609100000,
    "sellingAndMarketingExpenses": 395000000,
    "sellingGeneralAndAdministrativeExpenses": 1005000000,
    "otherExpenses": 2000000,
    "operatingExpenses": 1007000000,
    "costAndExpenses": 1935000000,
    "interestIncome": 3000000,
    "interestExpense": 31000000,
    "depreciationAndAmortization": 3500000,
    "ebitda": 840000000,
    "ebitdaratio": 0.3084379819,
    "operatingIncome": 788000000,
    "operatingIncomeRatio": 0.2893442021,
    "totalOtherIncomeExpensesNet": -28000000,
    "incomeBeforeTax": 760100000,
    "incomeBeforeTaxRatio": 0.2790996548,
    "incomeTaxExpense": 246900000,
    "netIncome": 513200000,
    "netIncomeRatio": 0.1884409194,
    "eps": 0.96,
    "epsdiluted": 0.95,
    "weightedAverageShsOut": 536321250,
    "weightedAverageShsOutDil": 540206250,
    "link": "https://www.sec.gov/Archives/edgar/data/14693/000119312512285018/0001193125-12-285018-index.htm",
    "finalLink": "https://www.sec.gov/Archives/edgar/data/14693/000119312512285018/d369412d10k.htm"
  },
  {
    "date": "2011-04-30",
    "symbol": "BF-B",
    "reportedCurrency": "USD",
    "cik": "0000014693",
    "fillingDate": "2011-06-27",
    "acceptedDate": "2011-06-27 10:40:51",
    "calendarYear": "2011",
    "period": "FY",
    "revenue": 2586500000,
    "costOfRevenue": 862100000,
    "grossProfit": 1724400000,
    "grossProfitRatio": 0.6666924415,
    "researchAndDevelopmentExpenses": 0,
    "generalAndAdministrativeExpenses": 574000000,
    "sellingAndMarketingExpenses": 366500000,
    "sellingGeneralAndAdministrativeExpenses": 940000000,
    "otherExpenses": -71000000,
    "operatingExpenses": 869000000,
    "costAndExpenses": 1731500000,
    "interestIncome": 3000000,
    "interestExpense": 29000000,
    "depreciationAndAmortization": 5100000,
    "ebitda": 914000000,
    "ebitdaratio": 0.3533732844,
    "operatingIncome": 855000000,
    "operatingIncomeRatio": 0.3305625362,
    "totalOtherIncomeExpensesNet": -26000000,
    "incomeBeforeTax": 828600000,
    "incomeBeforeTaxRatio": 0.320355693,
    "incomeTaxExpense": 257000000,
    "netIncome": 571600000,
    "netIncomeRatio": 0.2209936207,
    "eps": 1.05,
    "epsdiluted": 1.04,
    "weightedAverageShsOut": 546011250,
    "weightedAverageShsOutDil": 549427500,
    "link": "https://www.sec.gov/Archives/edgar/data/14693/000001469311000044/0000014693-11-000044-index.htm",
    "finalLink": "https://www.sec.gov/Archives/edgar/data/14693/000001469311000044/form10-k.htm"
  },
  {
    "date": "2010-04-30",
    "symbol": "BF-B",
    "reportedCurrency": "USD",
    "cik": "0000014693",
    "fillingDate": "2010-06-25",
    "acceptedDate": "2010-06-25 15:36:26",
    "calendarYear": "2010",
    "period": "FY",
    "revenue": 2468900000,
    "costOfRevenue": 857600000,
    "grossProfit": 1611300000,
    "grossProfitRatio": 0.652638827,
    "researchAndDevelopmentExpenses": 0,
    "generalAndAdministrativeExpenses": 539500000,
    "sellingAndMarketingExpenses": 349900000,
    "sellingGeneralAndAdministrativeExpenses": 889000000,
    "otherExpenses": 12000000,
    "operatingExpenses": 901000000,
    "costAndExpenses": 1758900000,
    "interestIncome": 3000000,
    "interestExpense": 28000000,
    "depreciationAndAmortization": 5000000,
    "ebitda": 772000000,
    "ebitdaratio": 0.3126898619,
    "operatingIncome": 710000000,
    "operatingIncomeRatio": 0.2875774636,
    "totalOtherIncomeExpensesNet": -28000000,
    "incomeBeforeTax": 682000000,
    "incomeBeforeTaxRatio": 0.2762363806,
    "incomeTaxExpense": 232800000,
    "netIncome": 449200000,
    "netIncomeRatio": 0.1819433756,
    "eps": 0.81,
    "epsdiluted": 0.81,
    "weightedAverageShsOut": 554377500,
    "weightedAverageShsOutDil": 557156250,
    "link": "https://www.sec.gov/Archives/edgar/data/14693/000001469310000057/0000014693-10-000057-index.htm",
    "finalLink": "https://www.sec.gov/Archives/edgar/data/14693/000001469310000057/form10-k.htm"
  },
  {
    "date": "2009-04-30",
    "symbol": "BF-B",
    "reportedCurrency": "USD",
    "cik": "0000014693",
    "fillingDate": "2009-06-26",
    "acceptedDate": "2009-06-26 14:08:20",
    "calendarYear": "2009",
    "period": "FY",
    "revenue": 2481000000,
    "costOfRevenue": 904000000,
    "grossProfit": 1577000000,
    "grossProfitRatio": 0.635630794,
    "researchAndDevelopmentExpenses": 0,
    "generalAndAdministrativeExpenses": 548000000,
    "sellingAndMarketingExpenses": 383000000,
    "sellingGeneralAndAdministrativeExpenses": 931000000,
    "otherExpenses": -15000000,
    "operatingExpenses": 916000000,
    "costAndExpenses": 1820000000,
    "interestIncome": 6000000,
    "interestExpense": 37000000,
    "depreciationAndAmortization": 55000000,
    "ebitda": 722000000,
    "ebitdaratio": 0.2910116888,
    "operatingIncome": 661000000,
    "operatingIncomeRatio": 0.2664248287,
    "totalOtherIncomeExpensesNet": -31000000,
    "incomeBeforeTax": 630000000,
    "incomeBeforeTaxRatio": 0.253929867,
    "incomeTaxExpense": 195000000,
    "netIncome": 435000000,
    "netIncomeRatio": 0.1753325272,
    "eps": 0.77,
    "epsdiluted": 0.77,
    "weightedAverageShsOut": 564375000,
    "weightedAverageShsOutDil": 567750000,
    "link": "https://www.sec.gov/Archives/edgar/data/14693/000001469309000039/0000014693-09-000039-index.htm",
    "finalLink": "https://www.sec.gov/Archives/edgar/data/14693/000001469309000039/form10k2009.txt"
  },
  {
    "date": "2008-04-30",
    "symbol": "BF-B",
    "reportedCurrency": "USD",
    "cik": "0000014693",
    "fillingDate": "2008-06-27",
    "acceptedDate": "2008-06-27 13:47:28",
    "calendarYear": "2008",
    "period": "FY",
    "revenue": 2582000000,
    "costOfRevenue": 887000000,
    "grossProfit": 1695000000,
    "grossProfitRatio": 0.6564678544,
    "researchAndDevelopmentExpenses": 0,
    "generalAndAdministrativeExpenses": 592000000,
    "sellingAndMarketingExpenses": 415000000,
    "sellingGeneralAndAdministrativeExpenses": 1007000000,
    "otherExpenses": 3000000,
    "operatingExpenses": 1010000000,
    "costAndExpenses": 1897000000,
    "interestIncome": 8000000,
    "interestExpense": 49000000,
    "depreciationAndAmortization": 52000000,
    "ebitda": 745000000,
    "ebitdaratio": 0.2885360186,
    "operatingIncome": 685000000,
    "operatingIncomeRatio": 0.2652982184,
    "totalOtherIncomeExpensesNet": -41000000,
    "incomeBeforeTax": 644000000,
    "incomeBeforeTaxRatio": 0.249419055,
    "incomeTaxExpense": 204000000,
    "netIncome": 440000000,
    "netIncomeRatio": 0.1704105345,
    "eps": 0.77,
    "epsdiluted": 0.76,
    "weightedAverageShsOut": 574125000,
    "weightedAverageShsOutDil": 579375000,
    "link": "https://www.sec.gov/Archives/edgar/data/14693/000001469308000060/0000014693-08-000060-index.htm",
    "finalLink": "https://www.sec.gov/Archives/edgar/data/14693/000001469308000060/form10k2008.txt"
  },
  {
    "date": "2007-04-30",
    "symbol": "BF-B",
    "reportedCurrency": "USD",
    "cik": "0000014693",
    "fillingDate": "2007-06-28",
    "acceptedDate": "2007-06-28 16:42:29",
    "calendarYear": "2007",
    "period": "FY",
    "revenue": 2218000000,
    "costOfRevenue": 737000000,
    "grossProfit": 1481000000,
    "grossProfitRatio": 0.6677186655,
    "researchAndDevelopmentExpenses": 0,
    "generalAndAdministrativeExpenses": 537000000,
    "sellingAndMarketingExpenses": 361000000,
    "sellingGeneralAndAdministrativeExpenses": 898000000,
    "otherExpenses": -19000000,
    "operatingExpenses": 879000000,
    "costAndExpenses": 1616000000,
    "interestIncome": 0,
    "interestExpense": 0,
    "depreciationAndAmortization": 44000000,
    "ebitda": 646000000,
    "ebitdaratio": 0.2912533814,
    "operatingIncome": 602000000,
    "operatingIncomeRatio": 0.2714156898,
    "totalOtherIncomeExpensesNet": -16000000,
    "incomeBeforeTax": 586000000,
    "incomeBeforeTaxRatio": 0.2642019838,
    "incomeTaxExpense": 186000000,
    "netIncome": 389000000,
    "netIncomeRatio": 0.1753832281,
    "eps": 0.68,
    "epsdiluted": 0.67,
    "weightedAverageShsOut": 576093750,
    "weightedAverageShsOutDil": 582187500,
    "link": "https://www.sec.gov/Archives/edgar/data/14693/000001469307000066/0000014693-07-000066-index.htm",
    "finalLink": "https://www.sec.gov/Archives/edgar/data/14693/000001469307000066/form10k2007.txt"
  },
  {
    "date": "2006-04-30",
    "symbol": "BF-B",
    "reportedCurrency": "USD",
    "cik": "0000014693",
    "fillingDate": "2006-06-29",
    "acceptedDate": "2006-06-29 15:18:21",
    "calendarYear": "2006",
    "period": "FY",
    "revenue": 1976000000,
    "costOfRevenue": 655000000,
    "grossProfit": 1321000000,
    "grossProfitRatio": 0.6685222672,
    "researchAndDevelopmentExpenses": 0,
    "generalAndAdministrativeExpenses": 480000000,
    "sellingAndMarketingExpenses": 325000000,
    "sellingGeneralAndAdministrativeExpenses": 792000000,
    "otherExpenses": -47000000,
    "operatingExpenses": 745000000,
    "costAndExpenses": 1413000000,
    "interestIncome": 0,
    "interestExpense": 0,
    "depreciationAndAmortization": 44000000,
    "ebitda": 605000000,
    "ebitdaratio": 0.3061740891,
    "operatingIncome": 563000000,
    "operatingIncomeRatio": 0.2849190283,
    "totalOtherIncomeExpensesNet": -4000000,
    "incomeBeforeTax": 559000000,
    "incomeBeforeTaxRatio": 0.2828947368,
    "incomeTaxExpense": 164000000,
    "netIncome": 320000000,
    "netIncomeRatio": 0.1619433198,
    "eps": 0.56,
    "epsdiluted": 0.55,
    "weightedAverageShsOut": 572343750,
    "weightedAverageShsOutDil": 578437500,
    "link": "https://www.sec.gov/Archives/edgar/data/14693/000001469306000065/0000014693-06-000065-index.htm",
    "finalLink": "https://www.sec.gov/Archives/edgar/data/14693/000001469306000065/form10k2006.txt"
  },
  {
    "date": "2005-04-30",
    "symbol": "BF-B",
    "reportedCurrency": "USD",
    "cik": "0000014693",
    "fillingDate": "2005-06-30",
    "acceptedDate": "2005-06-30 14:31:13",
    "calendarYear": "2005",
    "period": "FY",
    "revenue": 2312000000,
    "costOfRevenue": 912000000,
    "grossProfit": 1400000000,
    "grossProfitRatio": 0.6055363322,
    "researchAndDevelopmentExpenses": 0,
    "generalAndAdministrativeExpenses": 574000000,
    "sellingAndMarketingExpenses": 371000000,
    "sellingGeneralAndAdministrativeExpenses": 713000000,
    "otherExpenses": -2000000,
    "operatingExpenses": 711000000,
    "costAndExpenses": 1894000000,
    "interestIncome": 0,
    "interestExpense": 0,
    "depreciationAndAmortization": 58000000,
    "ebitda": 488000000,
    "ebitdaratio": 0.2110726644,
    "operatingIncome": 445000000,
    "operatingIncomeRatio": 0.1924740484,
    "totalOtherIncomeExpensesNet": 87000000,
    "incomeBeforeTax": 476000000,
    "incomeBeforeTaxRatio": 0.2058823529,
    "incomeTaxExpense": 168000000,
    "netIncome": 308000000,
    "netIncomeRatio": 0.1332179931,
    "eps": 0.54,
    "epsdiluted": 0.54,
    "weightedAverageShsOut": 570468750,
    "weightedAverageShsOutDil": 574218750,
    "link": "https://www.sec.gov/Archives/edgar/data/14693/000001469305000056/0000014693-05-000056-index.htm",
    "finalLink": "https://www.sec.gov/Archives/edgar/data/14693/000001469305000056/form10k2005.txt"
  },
  {
    "date": "2004-04-30",
    "symbol": "BF-B",
    "reportedCurrency": "USD",
    "cik": "0000014693",
    "fillingDate": "2004-07-02",
    "acceptedDate": "2004-07-02 13:39:53",
    "calendarYear": "2004",
    "period": "FY",
    "revenue": 2213000000,
    "costOfRevenue": 915000000,
    "grossProfit": 1298000000,
    "grossProfitRatio": 0.5865341166,
    "researchAndDevelopmentExpenses": 0,
    "generalAndAdministrativeExpenses": 527000000,
    "sellingAndMarketingExpenses": 354000000,
    "sellingGeneralAndAdministrativeExpenses": 650000000,
    "otherExpenses": 4000000,
    "operatingExpenses": 654000000,
    "costAndExpenses": 1806000000,
    "interestIncome": 0,
    "interestExpense": 0,
    "depreciationAndAmortization": 56000000,
    "ebitda": 423000000,
    "ebitdaratio": 0.1911432445,
    "operatingIncome": 381000000,
    "operatingIncomeRatio": 0.1721644826,
    "totalOtherIncomeExpensesNet": 7000000,
    "incomeBeforeTax": 388000000,
    "incomeBeforeTaxRatio": 0.1753276096,
    "incomeTaxExpense": 130000000,
    "netIncome": 258000000,
    "netIncomeRatio": 0.1165838229,
    "eps": 0.43,
    "epsdiluted": 0.42,
    "weightedAverageShsOut": 569062500,
    "weightedAverageShsOutDil": 571875000,
    "link": "https://www.sec.gov/Archives/edgar/data/14693/000001469304000085/0000014693-04-000085-index.htm",
    "finalLink": "https://www.sec.gov/Archives/edgar/data/14693/000001469304000085/form10k2004.txt"
  },
  {
    "date": "2003-04-30",
    "symbol": "BF-B",
    "reportedCurrency": "USD",
    "cik": "0000014693",
    "fillingDate": "2003-07-24",
    "acceptedDate": "2003-07-24 17:12:44",
    "calendarYear": "2003",
    "period": "FY",
    "revenue": 2060000000,
    "costOfRevenue": 878000000,
    "grossProfit": 1182000000,
    "grossProfitRatio": 0.5737864078,
    "researchAndDevelopmentExpenses": 0,
    "generalAndAdministrativeExpenses": 487000000,
    "sellingAndMarketingExpenses": 321000000,
    "sellingGeneralAndAdministrativeExpenses": 812000000,
    "otherExpenses": -4000000,
    "operatingExpenses": 808000000,
    "costAndExpenses": 1682000000,
    "interestIncome": 0,
    "interestExpense": 0,
    "depreciationAndAmortization": 55000000,
    "ebitda": 427000000,
    "ebitdaratio": 0.2072815534,
    "operatingIncome": 372000000,
    "operatingIncomeRatio": 0.1805825243,
    "totalOtherIncomeExpensesNet": 1000000,
    "incomeBeforeTax": 373000000,
    "incomeBeforeTaxRatio": 0.1810679612,
    "incomeTaxExpense": 128000000,
    "netIncome": 245000000,
    "netIncomeRatio": 0.1189320388,
    "eps": 0.35,
    "epsdiluted": 0.35,
    "weightedAverageShsOut": 687500000,
    "weightedAverageShsOutDil": 687500000,
    "link": "https://www.sec.gov/Archives/edgar/data/14693/000001469303000062/0000014693-03-000062-index.htm",
    "finalLink": "https://www.sec.gov/Archives/edgar/data/14693/000001469303000062/form10k2003d.txt"
  },
  {
    "date": "2002-04-30",
    "symbol": "BF-B",
    "reportedCurrency": "USD",
    "cik": "0000014693",
    "fillingDate": "2002-07-26",
    "acceptedDate": "2002-07-26 15:57:36",
    "calendarYear": "2002",
    "period": "FY",
    "revenue": 1958000000,
    "costOfRevenue": 825000000,
    "grossProfit": 1133000000,
    "grossProfitRatio": 0.5786516854,
    "researchAndDevelopmentExpenses": 0,
    "generalAndAdministrativeExpenses": 481000000,
    "sellingAndMarketingExpenses": 299000000,
    "sellingGeneralAndAdministrativeExpenses": 772000000,
    "otherExpenses": 7000000,
    "operatingExpenses": 779000000,
    "costAndExpenses": 1605000000,
    "interestIncome": 0,
    "interestExpense": 0,
    "depreciationAndAmortization": 55000000,
    "ebitda": 408000000,
    "ebitdaratio": 0.2083758938,
    "operatingIncome": 353000000,
    "operatingIncomeRatio": 0.1802860061,
    "totalOtherIncomeExpensesNet": -5000000,
    "incomeBeforeTax": 348000000,
    "incomeBeforeTaxRatio": 0.17773238,
    "incomeTaxExpense": 120000000,
    "netIncome": 228000000,
    "netIncomeRatio": 0.1164453524,
    "eps": 0.36,
    "epsdiluted": 0.35,
    "weightedAverageShsOut": 641715116,
    "weightedAverageShsOutDil": 651676829,
    "link": "https://www.sec.gov/Archives/edgar/data/14693/000001469302000016/0000014693-02-000016-index.htm",
    "finalLink": "https://www.sec.gov/Archives/edgar/data/14693/000001469302000016/form10k2002.txt"
  },
  {
    "date": "2001-04-30",
    "symbol": "BF-B",
    "reportedCurrency": "USD",
    "cik": "0000014693",
    "fillingDate": "2001-07-27",
    "acceptedDate": "2001-07-27 00:00:00",
    "calendarYear": "2001",
    "period": "FY",
    "revenue": 1924000000,
    "costOfRevenue": 718000000,
    "grossProfit": 1206000000,
    "grossProfitRatio": 0.6268191268,
    "researchAndDevelopmentExpenses": 0,
    "generalAndAdministrativeExpenses": 484000000,
    "sellingAndMarketingExpenses": 295000000,
    "sellingGeneralAndAdministrativeExpenses": 779000000,
    "otherExpenses": 53000000,
    "operatingExpenses": 832000000,
    "costAndExpenses": 1497000000,
    "interestIncome": 0,
    "interestExpense": 0,
    "depreciationAndAmortization": 64000000,
    "ebitda": 491000000,
    "ebitdaratio": 0.2551975052,
    "operatingIncome": 374000000,
    "operatingIncomeRatio": 0.1943866944,
    "totalOtherIncomeExpensesNet": -8000000,
    "incomeBeforeTax": 366000000,
    "incomeBeforeTaxRatio": 0.1902286902,
    "incomeTaxExpense": 133000000,
    "netIncome": 233000000,
    "netIncomeRatio": 0.1211018711,
    "eps": 0.36,
    "epsdiluted": 0.36,
    "weightedAverageShsOut": 642187500,
    "weightedAverageShsOutDil": 643125000,
    "link": "https://www.sec.gov/Archives/edgar/data/14693/000001469301500021/0000014693-01-500021-index.htm",
    "finalLink": "https://www.sec.gov/Archives/edgar/data/14693/000001469301500021/form10k2001.txt"
  },
  {
    "date": "2000-04-30",
    "symbol": "BF-B",
    "reportedCurrency": "USD",
    "cik": "0000014693",
    "fillingDate": "2000-07-25",
    "acceptedDate": "2000-07-25 00:00:00",
    "calendarYear": "2000",
    "period": "FY",
    "revenue": 1877000000,
    "costOfRevenue": 712000000,
    "grossProfit": 1165000000,
    "grossProfitRatio": 0.620671284,
    "researchAndDevelopmentExpenses": 0,
    "generalAndAdministrativeExpenses": 0,
    "sellingAndMarketingExpenses": 0,
    "sellingGeneralAndAdministrativeExpenses": 755000000,
    "otherExpenses": 62000000,
    "operatingExpenses": 817000000,
    "costAndExpenses": 1529000000,
    "interestIncome": 0,
    "interestExpense": 0,
    "depreciationAndAmortization": 62000000,
    "ebitda": 410000000,
    "ebitdaratio": 0.2184336708,
    "operatingIncome": 348000000,
    "operatingIncomeRatio": 0.1854022376,
    "totalOtherIncomeExpensesNet": -5000000,
    "incomeBeforeTax": 343000000,
    "incomeBeforeTaxRatio": 0.1827384124,
    "incomeTaxExpense": 125000000,
    "netIncome": 218000000,
    "netIncomeRatio": 0.116142781,
    "eps": 0.34,
    "epsdiluted": 0.34,
    "weightedAverageShsOut": 642187500,
    "weightedAverageShsOutDil": 643125000,
    "link": "https://www.sec.gov/Archives/edgar/data/14693/000001469300000016/0000014693-00-000016-index.htm",
    "finalLink": "https://www.sec.gov/Archives/edgar/data/14693/000001469300000016/0000014693-00-000016-0001.txt"
  },
  {
    "date": "1999-04-30",
    "symbol": "BF-B",
    "reportedCurrency": "USD",
    "cik": "0000014693",
    "fillingDate": "1999-07-21",
    "acceptedDate": "1999-07-21 00:00:00",
    "calendarYear": "1999",
    "period": "FY",
    "revenue": 1776000000,
    "costOfRevenue": 676000000,
    "grossProfit": 1100000000,
    "grossProfitRatio": 0.6193693694,
    "researchAndDevelopmentExpenses": 0,
    "generalAndAdministrativeExpenses": 0,
    "sellingAndMarketingExpenses": 0,
    "sellingGeneralAndAdministrativeExpenses": 723000000,
    "otherExpenses": 55000000,
    "operatingExpenses": 778000000,
    "costAndExpenses": 1454000000,
    "interestIncome": 0,
    "interestExpense": 0,
    "depreciationAndAmortization": 55000000,
    "ebitda": 377000000,
    "ebitdaratio": 0.2122747748,
    "operatingIncome": 322000000,
    "operatingIncomeRatio": 0.1813063063,
    "totalOtherIncomeExpensesNet": -4000000,
    "incomeBeforeTax": 318000000,
    "incomeBeforeTaxRatio": 0.1790540541,
    "incomeTaxExpense": 116000000,
    "netIncome": 202000000,
    "netIncomeRatio": 0.1137387387,
    "eps": 0.31,
    "epsdiluted": 0.31,
    "weightedAverageShsOut": 643125000,
    "weightedAverageShsOutDil": 644062500,
    "link": "https://www.sec.gov/Archives/edgar/data/14693/000001469399000017/0000014693-99-000017-index.html",
    "finalLink": "https://www.sec.gov/Archives/edgar/data/14693/000001469399000017/"
  },
  {
    "date": "1998-04-30",
    "symbol": "BF-B",
    "reportedCurrency": "USD",
    "cik": "0000014693",
    "fillingDate": "1998-07-17",
    "acceptedDate": "1998-07-17 00:00:00",
    "calendarYear": "1998",
    "period": "FY",
    "revenue": 1669000000,
    "costOfRevenue": 639000000,
    "grossProfit": 1030000000,
    "grossProfitRatio": 0.6171360096,
    "researchAndDevelopmentExpenses": 0,
    "generalAndAdministrativeExpenses": 0,
    "sellingAndMarketingExpenses": 0,
    "sellingGeneralAndAdministrativeExpenses": 672000000,
    "otherExpenses": 51000000,
    "operatingExpenses": 723000000,
    "costAndExpenses": 1362000000,
    "interestIncome": 0,
    "interestExpense": 0,
    "depreciationAndAmortization": 51000000,
    "ebitda": 358000000,
    "ebitdaratio": 0.2144997004,
    "operatingIncome": 307000000,
    "operatingIncomeRatio": 0.1839424805,
    "totalOtherIncomeExpensesNet": -11000000,
    "incomeBeforeTax": 296000000,
    "incomeBeforeTaxRatio": 0.1773517076,
    "incomeTaxExpense": 111000000,
    "netIncome": 185000000,
    "netIncomeRatio": 0.1108448173,
    "eps": 0.28,
    "epsdiluted": 0.28,
    "weightedAverageShsOut": 646067416,
    "weightedAverageShsOutDil": 647146875,
    "link": "https://www.sec.gov/Archives/edgar/data/14693/000001469398000007/0000014693-98-000007-index.html",
    "finalLink": "https://www.sec.gov/Archives/edgar/data/14693/"
  },
  {
    "date": "1997-04-30",
    "symbol": "BF-B",
    "reportedCurrency": "USD",
    "cik": "0000014693",
    "fillingDate": "1997-07-22",
    "acceptedDate": "1997-07-22 00:00:00",
    "calendarYear": "1997",
    "period": "FY",
    "revenue": 1584000000,
    "costOfRevenue": 630000000,
    "grossProfit": 954000000,
    "grossProfitRatio": 0.6022727273,
    "researchAndDevelopmentExpenses": 0,
    "generalAndAdministrativeExpenses": 0,
    "sellingAndMarketingExpenses": 0,
    "sellingGeneralAndAdministrativeExpenses": 617000000,
    "otherExpenses": 50000000,
    "operatingExpenses": 667000000,
    "costAndExpenses": 1297000000,
    "interestIncome": 0,
    "interestExpense": 0,
    "depreciationAndAmortization": 50000000,
    "ebitda": 337000000,
    "ebitdaratio": 0.2127525253,
    "operatingIncome": 287000000,
    "operatingIncomeRatio": 0.1811868687,
    "totalOtherIncomeExpensesNet": -14000000,
    "incomeBeforeTax": 273000000,
    "incomeBeforeTaxRatio": 0.1723484848,
    "incomeTaxExpense": 104000000,
    "netIncome": 169000000,
    "netIncomeRatio": 0.1066919192,
    "eps": 0.26,
    "epsdiluted": 0.26,
    "weightedAverageShsOut": 642857143,
    "weightedAverageShsOutDil": 646875000,
    "link": "https://www.sec.gov/Archives/edgar/data/14693/000095013197004522/0000950131-97-004522-index.html",
    "finalLink": "https://www.sec.gov/Archives/edgar/data/14693/"
  },
  {
    "date": "1996-04-30",
    "symbol": "BF-B",
    "reportedCurrency": "USD",
    "cik": "0000014693",
    "fillingDate": "1996-07-03",
    "acceptedDate": "1996-07-03 00:00:00",
    "calendarYear": "1996",
    "period": "FY",
    "revenue": 1544000000,
    "costOfRevenue": 618000000,
    "grossProfit": 926000000,
    "grossProfitRatio": 0.5997409326,
    "researchAndDevelopmentExpenses": 0,
    "generalAndAdministrativeExpenses": 0,
    "sellingAndMarketingExpenses": 0,
    "sellingGeneralAndAdministrativeExpenses": 606000000,
    "otherExpenses": 46000000,
    "operatingExpenses": 652000000,
    "costAndExpenses": 1270000000,
    "interestIncome": 0,
    "interestExpense": 0,
    "depreciationAndAmortization": 46000000,
    "ebitda": 320000000,
    "ebitdaratio": 0.207253886,
    "operatingIncome": 274000000,
    "operatingIncomeRatio": 0.1774611399,
    "totalOtherIncomeExpensesNet": -17000000,
    "incomeBeforeTax": 257000000,
    "incomeBeforeTaxRatio": 0.1664507772,
    "incomeTaxExpense": 97000000,
    "netIncome": 160000000,
    "netIncomeRatio": 0.103626943,
    "eps": 0.25,
    "epsdiluted": 0.25,
    "weightedAverageShsOut": 645292208,
    "weightedAverageShsOutDil": 646837500,
    "link": "https://www.sec.gov/Archives/edgar/data/14693/000001469396000005/0000014693-96-000005-index.html",
    "finalLink": "https://www.sec.gov/Archives/edgar/data/14693/"
  },
  {
    "date": "1995-04-30",
    "symbol": "BF-B",
    "reportedCurrency": "USD",
    "cik": "0000014693",
    "fillingDate": "1995-07-18",
    "acceptedDate": "1995-07-18 00:00:00",
    "calendarYear": "1995",
    "period": "FY",
    "revenue": 1420200000,
    "costOfRevenue": 552800000,
    "grossProfit": 867400000,
    "grossProfitRatio": 0.610759048,
    "researchAndDevelopmentExpenses": 0,
    "generalAndAdministrativeExpenses": 0,
    "sellingAndMarketingExpenses": 0,
    "sellingGeneralAndAdministrativeExpenses": 556100000,
    "otherExpenses": 43500000,
    "operatingExpenses": 599600000,
    "costAndExpenses": 1152400000,
    "interestIncome": 0,
    "interestExpense": 0,
    "depreciationAndAmortization": 43500000,
    "ebitda": 311300000,
    "ebitdaratio": 0.2191944797,
    "operatingIncome": 267800000,
    "operatingIncomeRatio": 0.1885649908,
    "totalOtherIncomeExpensesNet": -20800000,
    "incomeBeforeTax": 247000000,
    "incomeBeforeTaxRatio": 0.1739191663,
    "incomeTaxExpense": 98400000,
    "netIncome": 148600000,
    "netIncomeRatio": 0.1046331503,
    "eps": 0.23,
    "epsdiluted": 0.23,
    "weightedAverageShsOut": 645784884,
    "weightedAverageShsOutDil": 646837500,
    "link": "https://www.sec.gov/Archives/edgar/data/14693/000095013195001905/0000950131-95-001905-index.html",
    "finalLink": "https://www.sec.gov/Archives/edgar/data/14693/"
  },
  {
    "date": "1994-04-30",
    "symbol": "BF-B",
    "reportedCurrency": "USD",
    "cik": "0000014693",
    "fillingDate": "1994-07-19",
    "acceptedDate": "1994-07-19 00:00:00",
    "calendarYear": "1994",
    "period": "FY",
    "revenue": 1401400000,
    "costOfRevenue": 538000000,
    "grossProfit": 863400000,
    "grossProfitRatio": 0.6160981875,
    "researchAndDevelopmentExpenses": 0,
    "generalAndAdministrativeExpenses": 0,
    "sellingAndMarketingExpenses": 0,
    "sellingGeneralAndAdministrativeExpenses": 586500000,
    "otherExpenses": 36600000,
    "operatingExpenses": 623100000,
    "costAndExpenses": 1161100000,
    "interestIncome": 0,
    "interestExpense": 0,
    "depreciationAndAmortization": 36600000,
    "ebitda": 276900000,
    "ebitdaratio": 0.1975881262,
    "operatingIncome": 240300000,
    "operatingIncomeRatio": 0.1714713858,
    "totalOtherIncomeExpensesNet": 16900000,
    "incomeBeforeTax": 257200000,
    "incomeBeforeTaxRatio": 0.183530755,
    "incomeTaxExpense": 96200000,
    "netIncome": 128500000,
    "netIncomeRatio": 0.0916940203,
    "eps": 0.17,
    "epsdiluted": 0.17,
    "weightedAverageShsOut": 736196319,
    "weightedAverageShsOutDil": 767400000,
    "link": "https://www.sec.gov/Archives/edgar/data/14693/000095013194001189/0000950131-94-001189-index.html",
    "finalLink": "https://www.sec.gov/Archives/edgar/data/14693/"
  },
  {
    "date": "1993-04-30",
    "symbol": "BF-B",
    "reportedCurrency": "USD",
    "cik": "0000014693",
    "fillingDate": "1993-04-30",
    "acceptedDate": "1993-04-30 00:00:00",
    "calendarYear": "1993",
    "period": "FY",
    "revenue": 1414500000,
    "costOfRevenue": 554700000,
    "grossProfit": 859800000,
    "grossProfitRatio": 0.6078472959,
    "researchAndDevelopmentExpenses": 0,
    "generalAndAdministrativeExpenses": 0,
    "sellingAndMarketingExpenses": 0,
    "sellingGeneralAndAdministrativeExpenses": 569400000,
    "otherExpenses": 35100000,
    "operatingExpenses": 604500000,
    "costAndExpenses": 1159200000,
    "interestIncome": 0,
    "interestExpense": 0,
    "depreciationAndAmortization": 35100000,
    "ebitda": 290400000,
    "ebitdaratio": 0.2053022269,
    "operatingIncome": 255300000,
    "operatingIncomeRatio": 0.1804878049,
    "totalOtherIncomeExpensesNet": -12700000,
    "incomeBeforeTax": 242600000,
    "incomeBeforeTaxRatio": 0.1715093673,
    "incomeTaxExpense": 86400000,
    "netIncome": 156200000,
    "netIncomeRatio": 0.110427713,
    "eps": 0.2,
    "epsdiluted": 0.2,
    "weightedAverageShsOut": 776429521,
    "weightedAverageShsOutDil": 776429521,
    "link": null,
    "finalLink": null
  },
  {
    "date": "1992-04-30",
    "symbol": "BF-B",
    "reportedCurrency": "USD",
    "cik": "0000014693",
    "fillingDate": "1992-04-30",
    "acceptedDate": "1992-04-30 00:00:00",
    "calendarYear": "1992",
    "period": "FY",
    "revenue": 1260100000,
    "costOfRevenue": 487000000,
    "grossProfit": 773100000,
    "grossProfitRatio": 0.6135227363,
    "researchAndDevelopmentExpenses": 0,
    "generalAndAdministrativeExpenses": 0,
    "sellingAndMarketingExpenses": 0,
    "sellingGeneralAndAdministrativeExpenses": 509800000,
    "otherExpenses": 29600000,
    "operatingExpenses": 539400000,
    "costAndExpenses": 1026400000,
    "interestIncome": 0,
    "interestExpense": 0,
    "depreciationAndAmortization": 29600000,
    "ebitda": 263300000,
    "ebitdaratio": 0.2089516705,
    "operatingIncome": 233700000,
    "operatingIncomeRatio": 0.1854614713,
    "totalOtherIncomeExpensesNet": -10000000,
    "incomeBeforeTax": 223700000,
    "incomeBeforeTaxRatio": 0.1775255932,
    "incomeTaxExpense": 77300000,
    "netIncome": 146400000,
    "netIncomeRatio": 0.1161812555,
    "eps": 0.19,
    "epsdiluted": 0.19,
    "weightedAverageShsOut": 777166193,
    "weightedAverageShsOutDil": 777166193,
    "link": null,
    "finalLink": null
  },
  {
    "date": "1991-04-30",
    "symbol": "BF-B",
    "reportedCurrency": "USD",
    "cik": "0000014693",
    "fillingDate": "1991-04-30",
    "acceptedDate": "1991-04-30 00:00:00",
    "calendarYear": "1991",
    "period": "FY",
    "revenue": 1118900000,
    "costOfRevenue": 426900000,
    "grossProfit": 692000000,
    "grossProfitRatio": 0.6184645634,
    "researchAndDevelopmentExpenses": 0,
    "generalAndAdministrativeExpenses": 0,
    "sellingAndMarketingExpenses": 0,
    "sellingGeneralAndAdministrativeExpenses": 443000000,
    "otherExpenses": 25500000,
    "operatingExpenses": 468500000,
    "costAndExpenses": 895400000,
    "interestIncome": 0,
    "interestExpense": 0,
    "depreciationAndAmortization": 25500000,
    "ebitda": 249000000,
    "ebitdaratio": 0.2225399946,
    "operatingIncome": 223500000,
    "operatingIncomeRatio": 0.1997497542,
    "totalOtherIncomeExpensesNet": -4000000,
    "incomeBeforeTax": 219500000,
    "incomeBeforeTaxRatio": 0.1961748146,
    "incomeTaxExpense": 74300000,
    "netIncome": 145200000,
    "netIncomeRatio": 0.1297703101,
    "eps": 0.18,
    "epsdiluted": 0.18,
    "weightedAverageShsOut": 784140173,
    "weightedAverageShsOutDil": 784140173,
    "link": null,
    "finalLink": null
  },
  {
    "date": "1990-04-30",
    "symbol": "BF-B",
    "reportedCurrency": "USD",
    "cik": "0000014693",
    "fillingDate": "1990-04-30",
    "acceptedDate": "1990-04-30 00:00:00",
    "calendarYear": "1990",
    "period": "FY",
    "revenue": 1016600000,
    "costOfRevenue": 392100000,
    "grossProfit": 624500000,
    "grossProfitRatio": 0.6143025772,
    "researchAndDevelopmentExpenses": 0,
    "generalAndAdministrativeExpenses": 0,
    "sellingAndMarketingExpenses": 0,
    "sellingGeneralAndAdministrativeExpenses": 374000000,
    "otherExpenses": 25400000,
    "operatingExpenses": 399400000,
    "costAndExpenses": 791500000,
    "interestIncome": 0,
    "interestExpense": 0,
    "depreciationAndAmortization": 25400000,
    "ebitda": 250500000,
    "ebitdaratio": 0.2464096006,
    "operatingIncome": 225100000,
    "operatingIncomeRatio": 0.2214243557,
    "totalOtherIncomeExpensesNet": -67300000,
    "incomeBeforeTax": 157800000,
    "incomeBeforeTaxRatio": 0.1552232933,
    "incomeTaxExpense": 76800000,
    "netIncome": 81000000,
    "netIncomeRatio": 0.0796773559,
    "eps": 0.1,
    "epsdiluted": 0.1,
    "weightedAverageShsOut": 786132812,
    "weightedAverageShsOutDil": 786132812,
    "link": null,
    "finalLink": null
  },
  {
    "date": "1989-04-30",
    "symbol": "BF-B",
    "reportedCurrency": "USD",
    "cik": "0000014693",
    "fillingDate": "1989-04-30",
    "acceptedDate": "1989-04-29 20:00:00",
    "calendarYear": "1989",
    "period": "FY",
    "revenue": 1005800000,
    "costOfRevenue": 412700000,
    "grossProfit": 593100000,
    "grossProfitRatio": 0.5896798568,
    "researchAndDevelopmentExpenses": 0,
    "generalAndAdministrativeExpenses": 0,
    "sellingAndMarketingExpenses": 0,
    "sellingGeneralAndAdministrativeExpenses": 363600000,
    "otherExpenses": 21100000,
    "operatingExpenses": 384700000,
    "costAndExpenses": 797400000,
    "interestIncome": 0,
    "interestExpense": 0,
    "depreciationAndAmortization": 21100000,
    "ebitda": 229500000,
    "ebitdaratio": 0.2281765759,
    "operatingIncome": 208400000,
    "operatingIncomeRatio": 0.2071982501,
    "totalOtherIncomeExpensesNet": 17400000,
    "incomeBeforeTax": 225800000,
    "incomeBeforeTaxRatio": 0.2244979121,
    "incomeTaxExpense": 81300000,
    "netIncome": 144500000,
    "netIncomeRatio": 0.1436667329,
    "eps": 0.18,
    "epsdiluted": 0.18,
    "weightedAverageShsOut": 789473684,
    "weightedAverageShsOutDil": 789473684,
    "link": "",
    "finalLink": ""
  },
  {
    "date": "1988-04-30",
    "symbol": "BF-B",
    "reportedCurrency": "USD",
    "cik": "0000014693",
    "fillingDate": "1988-04-30",
    "acceptedDate": "1988-04-29 20:00:00",
    "calendarYear": "1988",
    "period": "FY",
    "revenue": 1066600000,
    "costOfRevenue": 489300000,
    "grossProfit": 577300000,
    "grossProfitRatio": 0.5412525783,
    "researchAndDevelopmentExpenses": 0,
    "generalAndAdministrativeExpenses": 0,
    "sellingAndMarketingExpenses": 0,
    "sellingGeneralAndAdministrativeExpenses": 364100000,
    "otherExpenses": 21500000,
    "operatingExpenses": 385600000,
    "costAndExpenses": 874900000,
    "interestIncome": 0,
    "interestExpense": 0,
    "depreciationAndAmortization": 21500000,
    "ebitda": 213200000,
    "ebitdaratio": 0.199887493,
    "operatingIncome": 191700000,
    "operatingIncomeRatio": 0.1797299831,
    "totalOtherIncomeExpensesNet": -16300000,
    "incomeBeforeTax": 175400000,
    "incomeBeforeTaxRatio": 0.164447778,
    "incomeTaxExpense": 72000000,
    "netIncome": 103400000,
    "netIncomeRatio": 0.096943559,
    "eps": 0.12,
    "epsdiluted": 0.12,
    "weightedAverageShsOut": 893229167,
    "weightedAverageShsOutDil": 893229167,
    "link": "",
    "finalLink": ""
  },
  {
    "date": "1987-04-30",
    "symbol": "BF-B",
    "reportedCurrency": "USD",
    "cik": "0000014693",
    "fillingDate": "1987-04-30",
    "acceptedDate": "1987-04-29 20:00:00",
    "calendarYear": "1987",
    "period": "FY",
    "revenue": 1098100000,
    "costOfRevenue": 514200000,
    "grossProfit": 583900000,
    "grossProfitRatio": 0.531736636,
    "researchAndDevelopmentExpenses": 0,
    "generalAndAdministrativeExpenses": 0,
    "sellingAndMarketingExpenses": 0,
    "sellingGeneralAndAdministrativeExpenses": 381300000,
    "otherExpenses": 20500000,
    "operatingExpenses": 401800000,
    "costAndExpenses": 916000000,
    "interestIncome": 0,
    "interestExpense": 0,
    "depreciationAndAmortization": 20500000,
    "ebitda": 202600000,
    "ebitdaratio": 0.1845005009,
    "operatingIncome": 182100000,
    "operatingIncomeRatio": 0.1658318914,
    "totalOtherIncomeExpensesNet": -20300000,
    "incomeBeforeTax": 161800000,
    "incomeBeforeTaxRatio": 0.1473454148,
    "incomeTaxExpense": 72200000,
    "netIncome": 89600000,
    "netIncomeRatio": 0.0815954831,
    "eps": 0.0992,
    "epsdiluted": 0.0992,
    "weightedAverageShsOut": 587714063,
    "weightedAverageShsOutDil": 587714063,
    "link": "",
    "finalLink": ""
  },
  {
    "date": "1986-04-30",
    "symbol": "BF-B",
    "reportedCurrency": "USD",
    "cik": "0000014693",
    "fillingDate": "1986-04-30",
    "acceptedDate": "1986-04-29 20:00:00",
    "calendarYear": "1986",
    "period": "FY",
    "revenue": 994900000,
    "costOfRevenue": 457300000,
    "grossProfit": 537600000,
    "grossProfitRatio": 0.5403558147,
    "researchAndDevelopmentExpenses": 0,
    "generalAndAdministrativeExpenses": 0,
    "sellingAndMarketingExpenses": 0,
    "sellingGeneralAndAdministrativeExpenses": 329400000,
    "otherExpenses": 18100000,
    "operatingExpenses": 347500000,
    "costAndExpenses": 804800000,
    "interestIncome": 0,
    "interestExpense": 0,
    "depreciationAndAmortization": 18100000,
    "ebitda": 208200000,
    "ebitdaratio": 0.209267263,
    "operatingIncome": 190100000,
    "operatingIncomeRatio": 0.1910744798,
    "totalOtherIncomeExpensesNet": -26800000,
    "incomeBeforeTax": 163300000,
    "incomeBeforeTaxRatio": 0.1641370992,
    "incomeTaxExpense": 76900000,
    "netIncome": 86400000,
    "netIncomeRatio": 0.0868428988,
    "eps": 0.0949,
    "epsdiluted": 0.0949,
    "weightedAverageShsOut": 587250000,
    "weightedAverageShsOutDil": 587250000,
    "link": "",
    "finalLink": ""
  }
]