[
  {
    "date": "2025-06-30",
    "symbol": "BG",
    "reportedCurrency": "USD",
    "cik": "0001996862",
    "fillingDate": "2025-08-05",
    "acceptedDate": "2025-08-05 09:15:42",
    "calendarYear": "2025",
    "period": "Q2",
    "revenue": 12769000000,
    "costOfRevenue": 12031000000,
    "grossProfit": 738000000,
    "grossProfitRatio": 0.0577962252,
    "researchAndDevelopmentExpenses": 0,
    "generalAndAdministrativeExpenses": 0,
    "sellingAndMarketingExpenses": 0,
    "sellingGeneralAndAdministrativeExpenses": 418000000,
    "otherExpenses": 0,
    "operatingExpenses": 418000000,
    "costAndExpenses": 12449000000,
    "interestIncome": 46000000,
    "interestExpense": 106000000,
    "depreciationAndAmortization": 116000000,
    "ebitda": 716000000,
    "ebitdaratio": 0.0560733025,
    "operatingIncome": 320000000,
    "operatingIncomeRatio": 0.0250606939,
    "totalOtherIncomeExpensesNet": 174000000,
    "incomeBeforeTax": 494000000,
    "incomeBeforeTaxRatio": 0.0386874462,
    "incomeTaxExpense": 124000000,
    "netIncome": 354000000,
    "netIncomeRatio": 0.0277233926,
    "eps": 2.6,
    "epsdiluted": 2.6,
    "weightedAverageShsOut": 136000000,
    "weightedAverageShsOutDil": 136000000,
    "link": "https://www.sec.gov/Archives/edgar/data/1996862/000199686225000204/0001996862-25-000204-index.htm",
    "finalLink": "https://www.sec.gov/Archives/edgar/data/1996862/000199686225000204/bg-20250630.htm"
  },
  {
    "date": "2025-03-31",
    "symbol": "BG",
    "reportedCurrency": "USD",
    "cik": "0001996862",
    "fillingDate": "2025-05-07",
    "acceptedDate": "2025-05-07 15:35:47",
    "calendarYear": "2025",
    "period": "Q1",
    "revenue": 11643000000,
    "costOfRevenue": 11046000000,
    "grossProfit": 597000000,
    "grossProfitRatio": 0.0512754445,
    "researchAndDevelopmentExpenses": 0,
    "generalAndAdministrativeExpenses": 0,
    "sellingAndMarketingExpenses": 0,
    "sellingGeneralAndAdministrativeExpenses": 380000000,
    "otherExpenses": 0,
    "operatingExpenses": 380000000,
    "costAndExpenses": 11426000000,
    "interestIncome": 59000000,
    "interestExpense": 104000000,
    "depreciationAndAmortization": 120000000,
    "ebitda": 508000000,
    "ebitdaratio": 0.0436313665,
    "operatingIncome": 217000000,
    "operatingIncomeRatio": 0.0186378081,
    "totalOtherIncomeExpensesNet": 67000000,
    "incomeBeforeTax": 284000000,
    "incomeBeforeTaxRatio": 0.0243923387,
    "incomeTaxExpense": 80000000,
    "netIncome": 201000000,
    "netIncomeRatio": 0.0172635919,
    "eps": 1.5,
    "epsdiluted": 1.48,
    "weightedAverageShsOut": 134061601,
    "weightedAverageShsOutDil": 135407823,
    "link": "https://www.sec.gov/Archives/edgar/data/1996862/000199686225000086/0001996862-25-000086-index.htm",
    "finalLink": "https://www.sec.gov/Archives/edgar/data/1996862/000199686225000086/bg-20250331.htm"
  },
  {
    "date": "2024-12-31",
    "symbol": "BG",
    "reportedCurrency": "USD",
    "cik": "0001996862",
    "fillingDate": "2025-02-20",
    "acceptedDate": "2025-02-20 14:39:04",
    "calendarYear": "2024",
    "period": "Q4",
    "revenue": 13542000000,
    "costOfRevenue": 12461000000,
    "grossProfit": 1081000000,
    "grossProfitRatio": 0.0798257274,
    "researchAndDevelopmentExpenses": 0,
    "generalAndAdministrativeExpenses": 0,
    "sellingAndMarketingExpenses": 0,
    "sellingGeneralAndAdministrativeExpenses": 451000000,
    "otherExpenses": 0,
    "operatingExpenses": 451000000,
    "costAndExpenses": 12912000000,
    "interestIncome": 51000000,
    "interestExpense": 113000000,
    "depreciationAndAmortization": 123000000,
    "ebitda": 966000000,
    "ebitdaratio": 0.0713336287,
    "operatingIncome": 630000000,
    "operatingIncomeRatio": 0.0465219318,
    "totalOtherIncomeExpensesNet": 100000000,
    "incomeBeforeTax": 730000000,
    "incomeBeforeTaxRatio": 0.0539063654,
    "incomeTaxExpense": 100000000,
    "netIncome": 602000000,
    "netIncomeRatio": 0.0444542904,
    "eps": 4.49,
    "epsdiluted": 4.36,
    "weightedAverageShsOut": 138000000,
    "weightedAverageShsOutDil": 139627104,
    "link": "https://www.sec.gov/Archives/edgar/data/1996862/000199686225000008/0001996862-25-000008-index.htm",
    "finalLink": "https://www.sec.gov/Archives/edgar/data/1996862/000199686225000008/bg-20241231.htm"
  },
  {
    "date": "2024-09-30",
    "symbol": "BG",
    "reportedCurrency": "USD",
    "cik": "0001996862",
    "fillingDate": "2024-10-30",
    "acceptedDate": "2024-10-30 14:51:36",
    "calendarYear": "2024",
    "period": "Q3",
    "revenue": 12908000000,
    "costOfRevenue": 12136000000,
    "grossProfit": 772000000,
    "grossProfitRatio": 0.0598078711,
    "researchAndDevelopmentExpenses": 0,
    "generalAndAdministrativeExpenses": 0,
    "sellingAndMarketingExpenses": 0,
    "sellingGeneralAndAdministrativeExpenses": 437000000,
    "otherExpenses": 0,
    "operatingExpenses": 437000000,
    "costAndExpenses": 12573000000,
    "interestIncome": 33000000,
    "interestExpense": 127000000,
    "depreciationAndAmortization": 119000000,
    "ebitda": 568000000,
    "ebitdaratio": 0.0440037186,
    "operatingIncome": 335000000,
    "operatingIncomeRatio": 0.0259528974,
    "totalOtherIncomeExpensesNet": -13000000,
    "incomeBeforeTax": 322000000,
    "incomeBeforeTaxRatio": 0.0249457701,
    "incomeTaxExpense": 89000000,
    "netIncome": 221000000,
    "netIncomeRatio": 0.0171211652,
    "eps": 1.57,
    "epsdiluted": 1.56,
    "weightedAverageShsOut": 140519185,
    "weightedAverageShsOutDil": 142145601,
    "link": "https://www.sec.gov/Archives/edgar/data/1996862/000199686224000259/0001996862-24-000259-index.htm",
    "finalLink": "https://www.sec.gov/Archives/edgar/data/1996862/000199686224000259/bg-20240930.htm"
  },
  {
    "date": "2024-06-30",
    "symbol": "BG",
    "reportedCurrency": "USD",
    "cik": "0001996862",
    "fillingDate": "2024-08-01",
    "acceptedDate": "2024-08-01 10:55:14",
    "calendarYear": "2024",
    "period": "Q2",
    "revenue": 13241000000,
    "costOfRevenue": 12577000000,
    "grossProfit": 664000000,
    "grossProfitRatio": 0.0501472698,
    "researchAndDevelopmentExpenses": 0,
    "generalAndAdministrativeExpenses": 0,
    "sellingAndMarketingExpenses": 0,
    "sellingGeneralAndAdministrativeExpenses": 449000000,
    "otherExpenses": 0,
    "operatingExpenses": 449000000,
    "costAndExpenses": 13026000000,
    "interestIncome": 37000000,
    "interestExpense": 123000000,
    "depreciationAndAmortization": 114000000,
    "ebitda": 340000000,
    "ebitdaratio": 0.0256778189,
    "operatingIncome": 215000000,
    "operatingIncomeRatio": 0.0162374443,
    "totalOtherIncomeExpensesNet": -112000000,
    "incomeBeforeTax": 103000000,
    "incomeBeforeTaxRatio": 0.0077788687,
    "incomeTaxExpense": 30000000,
    "netIncome": 70000000,
    "netIncomeRatio": 0.0052866098,
    "eps": 0.49,
    "epsdiluted": 0.48,
    "weightedAverageShsOut": 141620591,
    "weightedAverageShsOutDil": 143185150,
    "link": "https://www.sec.gov/Archives/edgar/data/1996862/000199686224000194/0001996862-24-000194-index.htm",
    "finalLink": "https://www.sec.gov/Archives/edgar/data/1996862/000199686224000194/bg-20240630.htm"
  },
  {
    "date": "2024-03-31",
    "symbol": "BG",
    "reportedCurrency": "USD",
    "cik": "0001996862",
    "fillingDate": "2024-04-24",
    "acceptedDate": "2024-04-24 16:35:48",
    "calendarYear": "2024",
    "period": "Q1",
    "revenue": 13417000000,
    "costOfRevenue": 12541000000,
    "grossProfit": 876000000,
    "grossProfitRatio": 0.0652903033,
    "researchAndDevelopmentExpenses": 0,
    "generalAndAdministrativeExpenses": 0,
    "sellingAndMarketingExpenses": 0,
    "sellingGeneralAndAdministrativeExpenses": 439000000,
    "otherExpenses": 0,
    "operatingExpenses": 439000000,
    "costAndExpenses": 12980000000,
    "interestIncome": 42000000,
    "interestExpense": 108000000,
    "depreciationAndAmortization": 112000000,
    "ebitda": 589000000,
    "ebitdaratio": 0.0438995304,
    "operatingIncome": 437000000,
    "operatingIncomeRatio": 0.0325706194,
    "totalOtherIncomeExpensesNet": -68000000,
    "incomeBeforeTax": 369000000,
    "incomeBeforeTaxRatio": 0.0275024223,
    "incomeTaxExpense": 117000000,
    "netIncome": 244000000,
    "netIncomeRatio": 0.0181858836,
    "eps": 1.7,
    "epsdiluted": 1.68,
    "weightedAverageShsOut": 143501016,
    "weightedAverageShsOutDil": 145000000,
    "link": "https://www.sec.gov/Archives/edgar/data/1996862/000199686224000094/0001996862-24-000094-index.htm",
    "finalLink": "https://www.sec.gov/Archives/edgar/data/1996862/000199686224000094/bg-20240331.htm"
  },
  {
    "date": "2023-12-31",
    "symbol": "BG",
    "reportedCurrency": "USD",
    "cik": "0001996862",
    "fillingDate": "2024-02-22",
    "acceptedDate": "2024-02-22 16:24:17",
    "calendarYear": "2023",
    "period": "Q4",
    "revenue": 14936000000,
    "costOfRevenue": 13682000000,
    "grossProfit": 1254000000,
    "grossProfitRatio": 0.0839582217,
    "researchAndDevelopmentExpenses": 0,
    "generalAndAdministrativeExpenses": 0,
    "sellingAndMarketingExpenses": 0,
    "sellingGeneralAndAdministrativeExpenses": 495000000,
    "otherExpenses": 0,
    "operatingExpenses": 495000000,
    "costAndExpenses": 14177000000,
    "interestIncome": 27000000,
    "interestExpense": 142000000,
    "depreciationAndAmortization": 134000000,
    "ebitda": 1155000000,
    "ebitdaratio": 0.0773299411,
    "operatingIncome": 759000000,
    "operatingIncomeRatio": 0.0508168184,
    "totalOtherIncomeExpensesNet": 120000000,
    "incomeBeforeTax": 879000000,
    "incomeBeforeTaxRatio": 0.058851098,
    "incomeTaxExpense": 219000000,
    "netIncome": 616000000,
    "netIncomeRatio": 0.0412426352,
    "eps": 4.24,
    "epsdiluted": 4.19,
    "weightedAverageShsOut": 145319668,
    "weightedAverageShsOutDil": 147000000,
    "link": "https://www.sec.gov/Archives/edgar/data/1996862/000199686224000007/0001996862-24-000007-index.htm",
    "finalLink": "https://www.sec.gov/Archives/edgar/data/1996862/000199686224000007/bg-20231231.htm"
  },
  {
    "date": "2023-09-30",
    "symbol": "BG",
    "reportedCurrency": "USD",
    "cik": "0001996862",
    "fillingDate": "2023-10-26",
    "acceptedDate": "2023-10-26 16:14:31",
    "calendarYear": "2023",
    "period": "Q3",
    "revenue": 14227000000,
    "costOfRevenue": 13182000000,
    "grossProfit": 1045000000,
    "grossProfitRatio": 0.0734518873,
    "researchAndDevelopmentExpenses": 0,
    "generalAndAdministrativeExpenses": 0,
    "sellingAndMarketingExpenses": 0,
    "sellingGeneralAndAdministrativeExpenses": 447000000,
    "otherExpenses": 0,
    "operatingExpenses": 447000000,
    "costAndExpenses": 13629000000,
    "interestIncome": 38000000,
    "interestExpense": 133000000,
    "depreciationAndAmortization": 109000000,
    "ebitda": 745000000,
    "ebitdaratio": 0.0523652211,
    "operatingIncome": 598000000,
    "operatingIncomeRatio": 0.0420327546,
    "totalOtherIncomeExpensesNet": -95000000,
    "incomeBeforeTax": 503000000,
    "incomeBeforeTaxRatio": 0.0353553103,
    "incomeTaxExpense": 114000000,
    "netIncome": 373000000,
    "netIncomeRatio": 0.026217755,
    "eps": 2.55,
    "epsdiluted": 2.47,
    "weightedAverageShsOut": 149195908,
    "weightedAverageShsOutDil": 151216856,
    "link": "https://www.sec.gov/Archives/edgar/data/1144519/000114451923000227/0001144519-23-000227-index.htm",
    "finalLink": "https://www.sec.gov/Archives/edgar/data/1144519/000114451923000227/bg-20230930.htm"
  },
  {
    "date": "2023-06-30",
    "symbol": "BG",
    "reportedCurrency": "USD",
    "cik": "0001996862",
    "fillingDate": "2023-08-09",
    "acceptedDate": "2023-08-09 15:15:26",
    "calendarYear": "2023",
    "period": "Q2",
    "revenue": 15049000000,
    "costOfRevenue": 13684000000,
    "grossProfit": 1365000000,
    "grossProfitRatio": 0.0907037012,
    "researchAndDevelopmentExpenses": 0,
    "generalAndAdministrativeExpenses": 0,
    "sellingAndMarketingExpenses": 0,
    "sellingGeneralAndAdministrativeExpenses": 420000000,
    "otherExpenses": 0,
    "operatingExpenses": 420000000,
    "costAndExpenses": 14104000000,
    "interestIncome": 40000000,
    "interestExpense": 129000000,
    "depreciationAndAmortization": 106000000,
    "ebitda": 1062000000,
    "ebitdaratio": 0.0705694731,
    "operatingIncome": 945000000,
    "operatingIncomeRatio": 0.0627948701,
    "totalOtherIncomeExpensesNet": -118000000,
    "incomeBeforeTax": 827000000,
    "incomeBeforeTaxRatio": 0.0549538175,
    "incomeTaxExpense": 198000000,
    "netIncome": 622000000,
    "netIncomeRatio": 0.0413316499,
    "eps": 4.13,
    "epsdiluted": 4.09,
    "weightedAverageShsOut": 150609139,
    "weightedAverageShsOutDil": 152179404,
    "link": "https://www.sec.gov/Archives/edgar/data/1144519/000114451923000170/0001144519-23-000170-index.htm",
    "finalLink": "https://www.sec.gov/Archives/edgar/data/1144519/000114451923000170/bg-20230630.htm"
  },
  {
    "date": "2023-03-31",
    "symbol": "BG",
    "reportedCurrency": "USD",
    "cik": "0001996862",
    "fillingDate": "2023-05-03",
    "acceptedDate": "2023-05-03 15:34:43",
    "calendarYear": "2023",
    "period": "Q1",
    "revenue": 15328000000,
    "costOfRevenue": 14147000000,
    "grossProfit": 1181000000,
    "grossProfitRatio": 0.0770485386,
    "researchAndDevelopmentExpenses": 0,
    "generalAndAdministrativeExpenses": 0,
    "sellingAndMarketingExpenses": 0,
    "sellingGeneralAndAdministrativeExpenses": 353000000,
    "otherExpenses": 0,
    "operatingExpenses": 353000000,
    "costAndExpenses": 14500000000,
    "interestIncome": 43000000,
    "interestExpense": 112000000,
    "depreciationAndAmortization": 102000000,
    "ebitda": 1056000000,
    "ebitdaratio": 0.0688935282,
    "operatingIncome": 828000000,
    "operatingIncomeRatio": 0.0540187891,
    "totalOtherIncomeExpensesNet": 14000000,
    "incomeBeforeTax": 842000000,
    "incomeBeforeTaxRatio": 0.0549321503,
    "incomeTaxExpense": 183000000,
    "netIncome": 632000000,
    "netIncomeRatio": 0.0412317328,
    "eps": 4.2,
    "epsdiluted": 4.15,
    "weightedAverageShsOut": 150079448,
    "weightedAverageShsOutDil": 152263992,
    "link": "https://www.sec.gov/Archives/edgar/data/1144519/000114451923000096/0001144519-23-000096-index.htm",
    "finalLink": "https://www.sec.gov/Archives/edgar/data/1144519/000114451923000096/bg-20230331.htm"
  },
  {
    "date": "2022-12-31",
    "symbol": "BG",
    "reportedCurrency": "USD",
    "cik": "0001996862",
    "fillingDate": "2023-02-24",
    "acceptedDate": "2023-02-24 16:15:25",
    "calendarYear": "2022",
    "period": "Q4",
    "revenue": 16660000000,
    "costOfRevenue": 15842000000,
    "grossProfit": 818000000,
    "grossProfitRatio": 0.0490996399,
    "researchAndDevelopmentExpenses": 0,
    "generalAndAdministrativeExpenses": 0,
    "sellingAndMarketingExpenses": 0,
    "sellingGeneralAndAdministrativeExpenses": 390000000,
    "otherExpenses": 0,
    "operatingExpenses": 390000000,
    "costAndExpenses": 16232000000,
    "interestIncome": 21000000,
    "interestExpense": 97000000,
    "depreciationAndAmortization": 103000000,
    "ebitda": 705000000,
    "ebitdaratio": 0.0423169268,
    "operatingIncome": 428000000,
    "operatingIncomeRatio": 0.0256902761,
    "totalOtherIncomeExpensesNet": 77000000,
    "incomeBeforeTax": 505000000,
    "incomeBeforeTaxRatio": 0.0303121248,
    "incomeTaxExpense": 131000000,
    "netIncome": 336000000,
    "netIncomeRatio": 0.0201680672,
    "eps": 2.24,
    "epsdiluted": 2.21,
    "weightedAverageShsOut": 149907932,
    "weightedAverageShsOutDil": 152000000,
    "link": "https://www.sec.gov/Archives/edgar/data/1144519/000114451923000010/0001144519-23-000010-index.htm",
    "finalLink": "https://www.sec.gov/Archives/edgar/data/1144519/000114451923000010/bg-20221231.htm"
  },
  {
    "date": "2022-09-30",
    "symbol": "BG",
    "reportedCurrency": "USD",
    "cik": "0001996862",
    "fillingDate": "2022-10-26",
    "acceptedDate": "2022-10-26 16:27:09",
    "calendarYear": "2022",
    "period": "Q3",
    "revenue": 16759000000,
    "costOfRevenue": 15871000000,
    "grossProfit": 888000000,
    "grossProfitRatio": 0.052986455,
    "researchAndDevelopmentExpenses": 0,
    "generalAndAdministrativeExpenses": 0,
    "sellingAndMarketingExpenses": 0,
    "sellingGeneralAndAdministrativeExpenses": 337000000,
    "otherExpenses": 0,
    "operatingExpenses": 337000000,
    "costAndExpenses": 16208000000,
    "interestIncome": 30000000,
    "interestExpense": 103000000,
    "depreciationAndAmortization": 101000000,
    "ebitda": 700000000,
    "ebitdaratio": 0.0417686019,
    "operatingIncome": 551000000,
    "operatingIncomeRatio": 0.0328778567,
    "totalOtherIncomeExpensesNet": -55000000,
    "incomeBeforeTax": 496000000,
    "incomeBeforeTaxRatio": 0.0295960379,
    "incomeTaxExpense": 113000000,
    "netIncome": 380000000,
    "netIncomeRatio": 0.0226743839,
    "eps": 2.52,
    "epsdiluted": 2.49,
    "weightedAverageShsOut": 150560803,
    "weightedAverageShsOutDil": 152420293,
    "link": "https://www.sec.gov/Archives/edgar/data/1144519/000114451922000233/0001144519-22-000233-index.htm",
    "finalLink": "https://www.sec.gov/Archives/edgar/data/1144519/000114451922000233/bg-20220930.htm"
  },
  {
    "date": "2022-06-30",
    "symbol": "BG",
    "reportedCurrency": "USD",
    "cik": "0001996862",
    "fillingDate": "2022-07-27",
    "acceptedDate": "2022-07-27 15:45:28",
    "calendarYear": "2022",
    "period": "Q2",
    "revenue": 17933000000,
    "costOfRevenue": 17161000000,
    "grossProfit": 772000000,
    "grossProfitRatio": 0.0430491273,
    "researchAndDevelopmentExpenses": 0,
    "generalAndAdministrativeExpenses": 0,
    "sellingAndMarketingExpenses": 0,
    "sellingGeneralAndAdministrativeExpenses": 334000000,
    "otherExpenses": 0,
    "operatingExpenses": 334000000,
    "costAndExpenses": 17495000000,
    "interestIncome": 11000000,
    "interestExpense": 92000000,
    "depreciationAndAmortization": 102000000,
    "ebitda": 455000000,
    "ebitdaratio": 0.0253722188,
    "operatingIncome": 438000000,
    "operatingIncomeRatio": 0.0244242458,
    "totalOtherIncomeExpensesNet": -177000000,
    "incomeBeforeTax": 261000000,
    "incomeBeforeTaxRatio": 0.0145541739,
    "incomeTaxExpense": 36000000,
    "netIncome": 206000000,
    "netIncomeRatio": 0.0114872024,
    "eps": 1.36,
    "epsdiluted": 1.34,
    "weightedAverageShsOut": 151799677,
    "weightedAverageShsOutDil": 154072714,
    "link": "https://www.sec.gov/Archives/edgar/data/1144519/000114451922000190/0001144519-22-000190-index.htm",
    "finalLink": "https://www.sec.gov/Archives/edgar/data/1144519/000114451922000190/bg-20220630.htm"
  },
  {
    "date": "2022-03-31",
    "symbol": "BG",
    "reportedCurrency": "USD",
    "cik": "0001996862",
    "fillingDate": "2022-04-27",
    "acceptedDate": "2022-04-27 16:10:29",
    "calendarYear": "2022",
    "period": "Q1",
    "revenue": 15880000000,
    "costOfRevenue": 14676000000,
    "grossProfit": 1204000000,
    "grossProfitRatio": 0.0758186398,
    "researchAndDevelopmentExpenses": 0,
    "generalAndAdministrativeExpenses": 0,
    "sellingAndMarketingExpenses": 0,
    "sellingGeneralAndAdministrativeExpenses": 308000000,
    "otherExpenses": 0,
    "operatingExpenses": 308000000,
    "costAndExpenses": 14984000000,
    "interestIncome": 9000000,
    "interestExpense": 111000000,
    "depreciationAndAmortization": 102000000,
    "ebitda": 1017000000,
    "ebitdaratio": 0.0640428212,
    "operatingIncome": 896000000,
    "operatingIncomeRatio": 0.0564231738,
    "totalOtherIncomeExpensesNet": -92000000,
    "incomeBeforeTax": 804000000,
    "incomeBeforeTaxRatio": 0.0506297229,
    "incomeTaxExpense": 108000000,
    "netIncome": 688000000,
    "netIncomeRatio": 0.043324937,
    "eps": 4.83,
    "epsdiluted": 4.48,
    "weightedAverageShsOut": 153571462,
    "weightedAverageShsOutDil": 153620928,
    "link": "https://www.sec.gov/Archives/edgar/data/1144519/000114451922000105/0001144519-22-000105-index.htm",
    "finalLink": "https://www.sec.gov/Archives/edgar/data/1144519/000114451922000105/bg-20220331.htm"
  },
  {
    "date": "2021-12-31",
    "symbol": "BG",
    "reportedCurrency": "USD",
    "cik": "0001996862",
    "fillingDate": "2022-02-24",
    "acceptedDate": "2022-02-24 17:28:50",
    "calendarYear": "2021",
    "period": "Q4",
    "revenue": 16683000000,
    "costOfRevenue": 15994000000,
    "grossProfit": 689000000,
    "grossProfitRatio": 0.0412995265,
    "researchAndDevelopmentExpenses": 0,
    "generalAndAdministrativeExpenses": 0,
    "sellingAndMarketingExpenses": 0,
    "sellingGeneralAndAdministrativeExpenses": 338000000,
    "otherExpenses": 0,
    "operatingExpenses": 338000000,
    "costAndExpenses": 16332000000,
    "interestIncome": 14000000,
    "interestExpense": 59000000,
    "depreciationAndAmortization": 107000000,
    "ebitda": 462000000,
    "ebitdaratio": 0.027692861,
    "operatingIncome": 351000000,
    "operatingIncomeRatio": 0.0210393814,
    "totalOtherIncomeExpensesNet": -55000000,
    "incomeBeforeTax": 296000000,
    "incomeBeforeTaxRatio": 0.0177426122,
    "incomeTaxExpense": 64000000,
    "netIncome": 231000000,
    "netIncomeRatio": 0.0138464305,
    "eps": 1.57,
    "epsdiluted": 1.52,
    "weightedAverageShsOut": 141057414,
    "weightedAverageShsOutDil": 152000000,
    "link": "https://www.sec.gov/Archives/edgar/data/1144519/000114451922000017/0001144519-22-000017-index.htm",
    "finalLink": "https://www.sec.gov/Archives/edgar/data/1144519/000114451922000017/bg-20211231.htm"
  },
  {
    "date": "2021-09-30",
    "symbol": "BG",
    "reportedCurrency": "USD",
    "cik": "0001996862",
    "fillingDate": "2021-10-27",
    "acceptedDate": "2021-10-27 16:20:13",
    "calendarYear": "2021",
    "period": "Q3",
    "revenue": 14117000000,
    "costOfRevenue": 13255000000,
    "grossProfit": 862000000,
    "grossProfitRatio": 0.061061132,
    "researchAndDevelopmentExpenses": 0,
    "generalAndAdministrativeExpenses": 0,
    "sellingAndMarketingExpenses": 0,
    "sellingGeneralAndAdministrativeExpenses": 327000000,
    "otherExpenses": 0,
    "operatingExpenses": 327000000,
    "costAndExpenses": 13582000000,
    "interestIncome": 19000000,
    "interestExpense": 57000000,
    "depreciationAndAmortization": 105000000,
    "ebitda": 903000000,
    "ebitdaratio": 0.0639654317,
    "operatingIncome": 535000000,
    "operatingIncomeRatio": 0.0378975703,
    "totalOtherIncomeExpensesNet": 206000000,
    "incomeBeforeTax": 741000000,
    "incomeBeforeTaxRatio": 0.0524899058,
    "incomeTaxExpense": 92000000,
    "netIncome": 653000000,
    "netIncomeRatio": 0.0462562867,
    "eps": 4.59,
    "epsdiluted": 4.28,
    "weightedAverageShsOut": 141433651,
    "weightedAverageShsOutDil": 152538592,
    "link": "https://www.sec.gov/Archives/edgar/data/1144519/000114451921000208/0001144519-21-000208-index.htm",
    "finalLink": "https://www.sec.gov/Archives/edgar/data/1144519/000114451921000208/bg-20210930.htm"
  },
  {
    "date": "2021-06-30",
    "symbol": "BG",
    "reportedCurrency": "USD",
    "cik": "0001996862",
    "fillingDate": "2021-07-28",
    "acceptedDate": "2021-07-28 17:10:05",
    "calendarYear": "2021",
    "period": "Q2",
    "revenue": 15391000000,
    "costOfRevenue": 14726000000,
    "grossProfit": 665000000,
    "grossProfitRatio": 0.0432070691,
    "researchAndDevelopmentExpenses": 0,
    "generalAndAdministrativeExpenses": 0,
    "sellingAndMarketingExpenses": 0,
    "sellingGeneralAndAdministrativeExpenses": 297000000,
    "otherExpenses": 0,
    "operatingExpenses": 297000000,
    "costAndExpenses": 15023000000,
    "interestIncome": 6000000,
    "interestExpense": 54000000,
    "depreciationAndAmortization": 106000000,
    "ebitda": 579000000,
    "ebitdaratio": 0.037619388,
    "operatingIncome": 368000000,
    "operatingIncomeRatio": 0.0239100773,
    "totalOtherIncomeExpensesNet": 51000000,
    "incomeBeforeTax": 419000000,
    "incomeBeforeTaxRatio": 0.0272237022,
    "incomeTaxExpense": 50000000,
    "netIncome": 362000000,
    "netIncomeRatio": 0.0235202391,
    "eps": 2.49,
    "epsdiluted": 2.37,
    "weightedAverageShsOut": 141536775,
    "weightedAverageShsOutDil": 152679954,
    "link": "https://www.sec.gov/Archives/edgar/data/1144519/000114451921000156/0001144519-21-000156-index.htm",
    "finalLink": "https://www.sec.gov/Archives/edgar/data/1144519/000114451921000156/bg-20210630.htm"
  },
  {
    "date": "2021-03-31",
    "symbol": "BG",
    "reportedCurrency": "USD",
    "cik": "0001996862",
    "fillingDate": "2021-05-04",
    "acceptedDate": "2021-05-04 17:13:14",
    "calendarYear": "2021",
    "period": "Q1",
    "revenue": 12961000000,
    "costOfRevenue": 11814000000,
    "grossProfit": 1147000000,
    "grossProfitRatio": 0.088496258,
    "researchAndDevelopmentExpenses": 0,
    "generalAndAdministrativeExpenses": 0,
    "sellingAndMarketingExpenses": 0,
    "sellingGeneralAndAdministrativeExpenses": 271000000,
    "otherExpenses": 0,
    "operatingExpenses": 271000000,
    "costAndExpenses": 12085000000,
    "interestIncome": 9000000,
    "interestExpense": 73000000,
    "depreciationAndAmortization": 106000000,
    "ebitda": 1288000000,
    "ebitdaratio": 0.0993750482,
    "operatingIncome": 876000000,
    "operatingIncomeRatio": 0.0675873775,
    "totalOtherIncomeExpensesNet": 233000000,
    "incomeBeforeTax": 1109000000,
    "incomeBeforeTaxRatio": 0.0855643855,
    "incomeTaxExpense": 192000000,
    "netIncome": 831000000,
    "netIncomeRatio": 0.0641154232,
    "eps": 5.86,
    "epsdiluted": 5.52,
    "weightedAverageShsOut": 140342396,
    "weightedAverageShsOutDil": 150612122,
    "link": "https://www.sec.gov/Archives/edgar/data/1144519/000114451921000076/0001144519-21-000076-index.htm",
    "finalLink": "https://www.sec.gov/Archives/edgar/data/1144519/000114451921000076/bg-20210331.htm"
  },
  {
    "date": "2020-12-31",
    "symbol": "BG",
    "reportedCurrency": "USD",
    "cik": "0001996862",
    "fillingDate": "2021-02-19",
    "acceptedDate": "2021-02-19 14:45:09",
    "calendarYear": "2020",
    "period": "Q4",
    "revenue": 12610000000,
    "costOfRevenue": 11706000000,
    "grossProfit": 904000000,
    "grossProfitRatio": 0.0716891356,
    "researchAndDevelopmentExpenses": 0,
    "generalAndAdministrativeExpenses": 0,
    "sellingAndMarketingExpenses": 0,
    "sellingGeneralAndAdministrativeExpenses": 365000000,
    "otherExpenses": 0,
    "operatingExpenses": 365000000,
    "costAndExpenses": 12071000000,
    "interestIncome": 4000000,
    "interestExpense": 70000000,
    "depreciationAndAmortization": 112000000,
    "ebitda": 848000000,
    "ebitdaratio": 0.0672482157,
    "operatingIncome": 539000000,
    "operatingIncomeRatio": 0.0427438541,
    "totalOtherIncomeExpensesNet": 127000000,
    "incomeBeforeTax": 666000000,
    "incomeBeforeTaxRatio": 0.052815226,
    "incomeTaxExpense": 97000000,
    "netIncome": 551000000,
    "netIncomeRatio": 0.0436954798,
    "eps": 3.93,
    "epsdiluted": 3.74,
    "weightedAverageShsOut": 139790238,
    "weightedAverageShsOutDil": 149000000,
    "link": "https://www.sec.gov/Archives/edgar/data/1144519/000114451921000006/0001144519-21-000006-index.htm",
    "finalLink": "https://www.sec.gov/Archives/edgar/data/1144519/000114451921000006/bg-20201231.htm"
  },
  {
    "date": "2020-09-30",
    "symbol": "BG",
    "reportedCurrency": "USD",
    "cik": "0001996862",
    "fillingDate": "2020-10-28",
    "acceptedDate": "2020-10-28 15:51:37",
    "calendarYear": "2020",
    "period": "Q3",
    "revenue": 10159000000,
    "costOfRevenue": 9557000000,
    "grossProfit": 602000000,
    "grossProfitRatio": 0.059257801,
    "researchAndDevelopmentExpenses": 0,
    "generalAndAdministrativeExpenses": 0,
    "sellingAndMarketingExpenses": 0,
    "sellingGeneralAndAdministrativeExpenses": 352000000,
    "otherExpenses": 0,
    "operatingExpenses": 352000000,
    "costAndExpenses": 9909000000,
    "interestIncome": 5000000,
    "interestExpense": 56000000,
    "depreciationAndAmortization": 106000000,
    "ebitda": 467000000,
    "ebitdaratio": 0.0459690914,
    "operatingIncome": 250000000,
    "operatingIncomeRatio": 0.0246087213,
    "totalOtherIncomeExpensesNet": 55000000,
    "incomeBeforeTax": 305000000,
    "incomeBeforeTaxRatio": 0.03002264,
    "incomeTaxExpense": 38000000,
    "netIncome": 262000000,
    "netIncomeRatio": 0.02578994,
    "eps": 1.9,
    "epsdiluted": 1.84,
    "weightedAverageShsOut": 139642937,
    "weightedAverageShsOutDil": 148549984,
    "link": "https://www.sec.gov/Archives/edgar/data/1144519/000114451920000061/0001144519-20-000061-index.htm",
    "finalLink": "https://www.sec.gov/Archives/edgar/data/1144519/000114451920000061/bg-20200930.htm"
  },
  {
    "date": "2020-06-30",
    "symbol": "BG",
    "reportedCurrency": "USD",
    "cik": "0001996862",
    "fillingDate": "2020-07-29",
    "acceptedDate": "2020-07-29 15:09:36",
    "calendarYear": "2020",
    "period": "Q2",
    "revenue": 9462000000,
    "costOfRevenue": 8357000000,
    "grossProfit": 1105000000,
    "grossProfitRatio": 0.1167829212,
    "researchAndDevelopmentExpenses": 0,
    "generalAndAdministrativeExpenses": 0,
    "sellingAndMarketingExpenses": 0,
    "sellingGeneralAndAdministrativeExpenses": 346000000,
    "otherExpenses": 0,
    "operatingExpenses": 346000000,
    "costAndExpenses": 8703000000,
    "interestIncome": 6000000,
    "interestExpense": 62000000,
    "depreciationAndAmortization": 104000000,
    "ebitda": 856000000,
    "ebitdaratio": 0.0904671317,
    "operatingIncome": 759000000,
    "operatingIncomeRatio": 0.0802155992,
    "totalOtherIncomeExpensesNet": -69000000,
    "incomeBeforeTax": 690000000,
    "incomeBeforeTaxRatio": 0.072923272,
    "incomeTaxExpense": 168000000,
    "netIncome": 516000000,
    "netIncomeRatio": 0.0545339252,
    "eps": 3.62,
    "epsdiluted": 3.47,
    "weightedAverageShsOut": 141565298,
    "weightedAverageShsOutDil": 150203077,
    "link": "https://www.sec.gov/Archives/edgar/data/1144519/000114451920000057/0001144519-20-000057-index.htm",
    "finalLink": "https://www.sec.gov/Archives/edgar/data/1144519/000114451920000057/bg-20200630.htm"
  },
  {
    "date": "2020-03-31",
    "symbol": "BG",
    "reportedCurrency": "USD",
    "cik": "0001996862",
    "fillingDate": "2020-05-07",
    "acceptedDate": "2020-05-06 18:50:43",
    "calendarYear": "2020",
    "period": "Q1",
    "revenue": 9173000000,
    "costOfRevenue": 8999000000,
    "grossProfit": 174000000,
    "grossProfitRatio": 0.0189687125,
    "researchAndDevelopmentExpenses": 0,
    "generalAndAdministrativeExpenses": 0,
    "sellingAndMarketingExpenses": 0,
    "sellingGeneralAndAdministrativeExpenses": 295000000,
    "otherExpenses": 0,
    "operatingExpenses": 295000000,
    "costAndExpenses": 9294000000,
    "interestIncome": 7000000,
    "interestExpense": 77000000,
    "depreciationAndAmortization": 113000000,
    "ebitda": -58000000,
    "ebitdaratio": -0.0063229042,
    "operatingIncome": -121000000,
    "operatingIncomeRatio": -0.0131908863,
    "totalOtherIncomeExpensesNet": -127000000,
    "incomeBeforeTax": -248000000,
    "incomeBeforeTaxRatio": -0.0270358661,
    "incomeTaxExpense": -55000000,
    "netIncome": -184000000,
    "netIncomeRatio": -0.0200588684,
    "eps": -1.46,
    "epsdiluted": -1.46,
    "weightedAverageShsOut": 141780821,
    "weightedAverageShsOutDil": 141899104,
    "link": "https://www.sec.gov/Archives/edgar/data/1144519/000114451920000020/0001144519-20-000020-index.htm",
    "finalLink": "https://www.sec.gov/Archives/edgar/data/1144519/000114451920000020/bg-03312020x10q.htm"
  },
  {
    "date": "2019-12-31",
    "symbol": "BG",
    "reportedCurrency": "USD",
    "cik": "0001996862",
    "fillingDate": "2020-02-21",
    "acceptedDate": "2020-02-21 14:58:14",
    "calendarYear": "2019",
    "period": "Q4",
    "revenue": 10783000000,
    "costOfRevenue": 10212000000,
    "grossProfit": 571000000,
    "grossProfitRatio": 0.0529537235,
    "researchAndDevelopmentExpenses": 0,
    "generalAndAdministrativeExpenses": 0,
    "sellingAndMarketingExpenses": 0,
    "sellingGeneralAndAdministrativeExpenses": 382000000,
    "otherExpenses": 0,
    "operatingExpenses": 382000000,
    "costAndExpenses": 10594000000,
    "interestIncome": 9000000,
    "interestExpense": 90000000,
    "depreciationAndAmortization": 120000000,
    "ebitda": 155000000,
    "ebitdaratio": 0.0143744783,
    "operatingIncome": 189000000,
    "operatingIncomeRatio": 0.0175275897,
    "totalOtherIncomeExpensesNet": -244000000,
    "incomeBeforeTax": -55000000,
    "incomeBeforeTaxRatio": -0.0051006213,
    "incomeTaxExpense": 16000000,
    "netIncome": -51000000,
    "netIncomeRatio": -0.0047296671,
    "eps": -0.48,
    "epsdiluted": -0.48,
    "weightedAverageShsOut": 141813142,
    "weightedAverageShsOutDil": 142000000,
    "link": "https://www.sec.gov/Archives/edgar/data/1144519/000114451920000004/0001144519-20-000004-index.htm",
    "finalLink": "https://www.sec.gov/Archives/edgar/data/1144519/000114451920000004/bg-12312019x10k.htm"
  },
  {
    "date": "2019-09-30",
    "symbol": "BG",
    "reportedCurrency": "USD",
    "cik": "0001996862",
    "fillingDate": "2019-10-30",
    "acceptedDate": "2019-10-30 16:10:19",
    "calendarYear": "2019",
    "period": "Q3",
    "revenue": 10323000000,
    "costOfRevenue": 11301000000,
    "grossProfit": -978000000,
    "grossProfitRatio": -0.0947399012,
    "researchAndDevelopmentExpenses": 0,
    "generalAndAdministrativeExpenses": 0,
    "sellingAndMarketingExpenses": 0,
    "sellingGeneralAndAdministrativeExpenses": 329000000,
    "otherExpenses": 0,
    "operatingExpenses": 329000000,
    "costAndExpenses": 11630000000,
    "interestIncome": 8000000,
    "interestExpense": 86000000,
    "depreciationAndAmortization": 134000000,
    "ebitda": -1290000000,
    "ebitdaratio": -0.1249636734,
    "operatingIncome": -1307000000,
    "operatingIncomeRatio": -0.1266104814,
    "totalOtherIncomeExpensesNet": -203000000,
    "incomeBeforeTax": -1510000000,
    "incomeBeforeTaxRatio": -0.1462753076,
    "incomeTaxExpense": -28000000,
    "netIncome": -1488000000,
    "netIncomeRatio": -0.1441441441,
    "eps": -10.57,
    "epsdiluted": -10.57,
    "weightedAverageShsOut": 141532639,
    "weightedAverageShsOutDil": 141562431,
    "link": "https://www.sec.gov/Archives/edgar/data/1144519/000114451919000052/0001144519-19-000052-index.htm",
    "finalLink": "https://www.sec.gov/Archives/edgar/data/1144519/000114451919000052/bg-09302019x10q.htm"
  },
  {
    "date": "2019-06-30",
    "symbol": "BG",
    "reportedCurrency": "USD",
    "cik": "0001996862",
    "fillingDate": "2019-07-31",
    "acceptedDate": "2019-07-31 15:30:28",
    "calendarYear": "2019",
    "period": "Q2",
    "revenue": 10096000000,
    "costOfRevenue": 9584000000,
    "grossProfit": 512000000,
    "grossProfitRatio": 0.0507131537,
    "researchAndDevelopmentExpenses": 0,
    "generalAndAdministrativeExpenses": 0,
    "sellingAndMarketingExpenses": 0,
    "sellingGeneralAndAdministrativeExpenses": 335000000,
    "otherExpenses": 0,
    "operatingExpenses": 335000000,
    "costAndExpenses": 9919000000,
    "interestIncome": 7000000,
    "interestExpense": 88000000,
    "depreciationAndAmortization": 155000000,
    "ebitda": 515000000,
    "ebitdaratio": 0.0510103011,
    "operatingIncome": 177000000,
    "operatingIncomeRatio": 0.0175316957,
    "totalOtherIncomeExpensesNet": 95000000,
    "incomeBeforeTax": 272000000,
    "incomeBeforeTaxRatio": 0.0269413629,
    "incomeTaxExpense": 60000000,
    "netIncome": 214000000,
    "netIncomeRatio": 0.0211965135,
    "eps": 1.46,
    "epsdiluted": 1.43,
    "weightedAverageShsOut": 141497071,
    "weightedAverageShsOutDil": 150136640,
    "link": "https://www.sec.gov/Archives/edgar/data/1144519/000114451919000046/0001144519-19-000046-index.htm",
    "finalLink": "https://www.sec.gov/Archives/edgar/data/1144519/000114451919000046/bg-06302019x10q.htm"
  },
  {
    "date": "2019-03-31",
    "symbol": "BG",
    "reportedCurrency": "USD",
    "cik": "0001996862",
    "fillingDate": "2019-05-08",
    "acceptedDate": "2019-05-08 17:05:38",
    "calendarYear": "2019",
    "period": "Q1",
    "revenue": 9938000000,
    "costOfRevenue": 9501000000,
    "grossProfit": 437000000,
    "grossProfitRatio": 0.0439726303,
    "researchAndDevelopmentExpenses": 0,
    "generalAndAdministrativeExpenses": 0,
    "sellingAndMarketingExpenses": 0,
    "sellingGeneralAndAdministrativeExpenses": 305000000,
    "otherExpenses": 0,
    "operatingExpenses": 305000000,
    "costAndExpenses": 9806000000,
    "interestIncome": 7000000,
    "interestExpense": 75000000,
    "depreciationAndAmortization": 139000000,
    "ebitda": 302000000,
    "ebitdaratio": 0.0303884081,
    "operatingIncome": 132000000,
    "operatingIncomeRatio": 0.0132823506,
    "totalOtherIncomeExpensesNet": -44000000,
    "incomeBeforeTax": 88000000,
    "incomeBeforeTaxRatio": 0.0088549004,
    "incomeTaxExpense": 38000000,
    "netIncome": 45000000,
    "netIncomeRatio": 0.0045280741,
    "eps": 0.26,
    "epsdiluted": 0.26,
    "weightedAverageShsOut": 141205004,
    "weightedAverageShsOutDil": 141558770,
    "link": "https://www.sec.gov/Archives/edgar/data/1144519/000114451919000027/0001144519-19-000027-index.htm",
    "finalLink": "https://www.sec.gov/Archives/edgar/data/1144519/000114451919000027/bg-03312019x10q.htm"
  },
  {
    "date": "2018-12-31",
    "symbol": "BG",
    "reportedCurrency": "USD",
    "cik": "0001996862",
    "fillingDate": "2019-02-22",
    "acceptedDate": "2019-02-22 15:19:27",
    "calendarYear": "2018",
    "period": "Q4",
    "revenue": 11543000000,
    "costOfRevenue": 11121000000,
    "grossProfit": 422000000,
    "grossProfitRatio": 0.0365589535,
    "researchAndDevelopmentExpenses": 0,
    "generalAndAdministrativeExpenses": 0,
    "sellingAndMarketingExpenses": 0,
    "sellingGeneralAndAdministrativeExpenses": 369000000,
    "otherExpenses": 0,
    "operatingExpenses": 369000000,
    "costAndExpenses": 11490000000,
    "interestIncome": 10000000,
    "interestExpense": 74000000,
    "depreciationAndAmortization": 159000000,
    "ebitda": 250000000,
    "ebitdaratio": 0.0216581478,
    "operatingIncome": 53000000,
    "operatingIncomeRatio": 0.0045915273,
    "totalOtherIncomeExpensesNet": -36000000,
    "incomeBeforeTax": 17000000,
    "incomeBeforeTaxRatio": 0.0014727541,
    "incomeTaxExpense": 73000000,
    "netIncome": -65000000,
    "netIncomeRatio": -0.0056311184,
    "eps": -0.52,
    "epsdiluted": -0.52,
    "weightedAverageShsOut": 141100851,
    "weightedAverageShsOutDil": 141111081,
    "link": "https://www.sec.gov/Archives/edgar/data/1144519/000114451919000006/0001144519-19-000006-index.htm",
    "finalLink": "https://www.sec.gov/Archives/edgar/data/1144519/000114451919000006/bg-12312018x10k.htm"
  },
  {
    "date": "2018-09-30",
    "symbol": "BG",
    "reportedCurrency": "USD",
    "cik": "0001996862",
    "fillingDate": "2018-10-31",
    "acceptedDate": "2018-10-31 12:25:23",
    "calendarYear": "2018",
    "period": "Q3",
    "revenue": 11412000000,
    "costOfRevenue": 10494000000,
    "grossProfit": 918000000,
    "grossProfitRatio": 0.0804416404,
    "researchAndDevelopmentExpenses": 0,
    "generalAndAdministrativeExpenses": 0,
    "sellingAndMarketingExpenses": 0,
    "sellingGeneralAndAdministrativeExpenses": 333000000,
    "otherExpenses": 0,
    "operatingExpenses": 333000000,
    "costAndExpenses": 10827000000,
    "interestIncome": 7000000,
    "interestExpense": 101000000,
    "depreciationAndAmortization": 159000000,
    "ebitda": 712000000,
    "ebitdaratio": 0.0623904662,
    "operatingIncome": 585000000,
    "operatingIncomeRatio": 0.0512618297,
    "totalOtherIncomeExpensesNet": -133000000,
    "incomeBeforeTax": 452000000,
    "incomeBeforeTaxRatio": 0.0396074308,
    "incomeTaxExpense": 85000000,
    "netIncome": 365000000,
    "netIncomeRatio": 0.0319838766,
    "eps": 2.53,
    "epsdiluted": 2.44,
    "weightedAverageShsOut": 141075026,
    "weightedAverageShsOutDil": 149905174,
    "link": "https://www.sec.gov/Archives/edgar/data/1144519/000114451918000059/0001144519-18-000059-index.htm",
    "finalLink": "https://www.sec.gov/Archives/edgar/data/1144519/000114451918000059/bg-9302018x10q.htm"
  },
  {
    "date": "2018-06-30",
    "symbol": "BG",
    "reportedCurrency": "USD",
    "cik": "0001996862",
    "fillingDate": "2018-08-01",
    "acceptedDate": "2018-08-01 13:07:04",
    "calendarYear": "2018",
    "period": "Q2",
    "revenue": 12147000000,
    "costOfRevenue": 11605000000,
    "grossProfit": 542000000,
    "grossProfitRatio": 0.0446200708,
    "researchAndDevelopmentExpenses": 0,
    "generalAndAdministrativeExpenses": 0,
    "sellingAndMarketingExpenses": 0,
    "sellingGeneralAndAdministrativeExpenses": 377000000,
    "otherExpenses": 0,
    "operatingExpenses": 377000000,
    "costAndExpenses": 11982000000,
    "interestIncome": 6000000,
    "interestExpense": 94000000,
    "depreciationAndAmortization": 162000000,
    "ebitda": 241000000,
    "ebitdaratio": 0.0198402898,
    "operatingIncome": 165000000,
    "operatingIncomeRatio": 0.0135836009,
    "totalOtherIncomeExpensesNet": -180000000,
    "incomeBeforeTax": -15000000,
    "incomeBeforeTaxRatio": -0.0012348728,
    "incomeTaxExpense": 2000000,
    "netIncome": -12000000,
    "netIncomeRatio": -0.0009878982,
    "eps": -0.15,
    "epsdiluted": -0.15,
    "weightedAverageShsOut": 140000700,
    "weightedAverageShsOutDil": 140959421,
    "link": "https://www.sec.gov/Archives/edgar/data/1144519/000114451918000044/0001144519-18-000044-index.htm",
    "finalLink": "https://www.sec.gov/Archives/edgar/data/1144519/000114451918000044/bg-6302018x10q.htm"
  },
  {
    "date": "2018-03-31",
    "symbol": "BG",
    "reportedCurrency": "USD",
    "cik": "0001996862",
    "fillingDate": "2018-05-02",
    "acceptedDate": "2018-05-02 16:13:47",
    "calendarYear": "2018",
    "period": "Q1",
    "revenue": 10641000000,
    "costOfRevenue": 10257000000,
    "grossProfit": 384000000,
    "grossProfitRatio": 0.0360868339,
    "researchAndDevelopmentExpenses": 0,
    "generalAndAdministrativeExpenses": 0,
    "sellingAndMarketingExpenses": 0,
    "sellingGeneralAndAdministrativeExpenses": 344000000,
    "otherExpenses": 0,
    "operatingExpenses": 344000000,
    "costAndExpenses": 10601000000,
    "interestIncome": 8000000,
    "interestExpense": 70000000,
    "depreciationAndAmortization": 142000000,
    "ebitda": 214000000,
    "ebitdaratio": 0.0201108918,
    "operatingIncome": 40000000,
    "operatingIncomeRatio": 0.0037590452,
    "totalOtherIncomeExpensesNet": -38000000,
    "incomeBeforeTax": 2000000,
    "incomeBeforeTaxRatio": 0.0001879523,
    "incomeTaxExpense": 19000000,
    "netIncome": -21000000,
    "netIncomeRatio": -0.0019734987,
    "eps": -0.21,
    "epsdiluted": -0.21,
    "weightedAverageShsOut": 135000675,
    "weightedAverageShsOutDil": 140736907,
    "link": "https://www.sec.gov/Archives/edgar/data/1144519/000114451918000020/0001144519-18-000020-index.htm",
    "finalLink": "https://www.sec.gov/Archives/edgar/data/1144519/000114451918000020/bg-3312018x10q.htm"
  },
  {
    "date": "2017-12-31",
    "symbol": "BG",
    "reportedCurrency": "USD",
    "cik": "0001996862",
    "fillingDate": "2018-02-23",
    "acceptedDate": "2018-02-23 16:34:06",
    "calendarYear": "2017",
    "period": "Q4",
    "revenue": 11605000000,
    "costOfRevenue": 11146000000,
    "grossProfit": 459000000,
    "grossProfitRatio": 0.0395519173,
    "researchAndDevelopmentExpenses": 0,
    "generalAndAdministrativeExpenses": 0,
    "sellingAndMarketingExpenses": 0,
    "sellingGeneralAndAdministrativeExpenses": 399000000,
    "otherExpenses": 0,
    "operatingExpenses": 399000000,
    "costAndExpenses": 11545000000,
    "interestIncome": 9000000,
    "interestExpense": 72000000,
    "depreciationAndAmortization": 161000000,
    "ebitda": 234000000,
    "ebitdaratio": 0.0201637225,
    "operatingIncome": 60000000,
    "operatingIncomeRatio": 0.0051701853,
    "totalOtherIncomeExpensesNet": -59000000,
    "incomeBeforeTax": 1000000,
    "incomeBeforeTaxRatio": 0.0000861698,
    "incomeTaxExpense": 54000000,
    "netIncome": -60000000,
    "netIncomeRatio": -0.0051701853,
    "eps": -0.43,
    "epsdiluted": -0.43,
    "weightedAverageShsOut": 140646829,
    "weightedAverageShsOutDil": 141000000,
    "link": "https://www.sec.gov/Archives/edgar/data/1144519/000114451918000008/0001144519-18-000008-index.htm",
    "finalLink": "https://www.sec.gov/Archives/edgar/data/1144519/000114451918000008/bg-12312017x10k.htm"
  },
  {
    "date": "2017-09-30",
    "symbol": "BG",
    "reportedCurrency": "USD",
    "cik": "0001996862",
    "fillingDate": "2017-11-01",
    "acceptedDate": "2017-11-01 16:26:03",
    "calendarYear": "2017",
    "period": "Q3",
    "revenue": 11423000000,
    "costOfRevenue": 10934000000,
    "grossProfit": 489000000,
    "grossProfitRatio": 0.0428083691,
    "researchAndDevelopmentExpenses": 0,
    "generalAndAdministrativeExpenses": 0,
    "sellingAndMarketingExpenses": 0,
    "sellingGeneralAndAdministrativeExpenses": 339000000,
    "otherExpenses": 0,
    "operatingExpenses": 339000000,
    "costAndExpenses": 11273000000,
    "interestIncome": 9000000,
    "interestExpense": 64000000,
    "depreciationAndAmortization": 166000000,
    "ebitda": 351000000,
    "ebitdaratio": 0.0307274796,
    "operatingIncome": 150000000,
    "operatingIncomeRatio": 0.0131314016,
    "totalOtherIncomeExpensesNet": -29000000,
    "incomeBeforeTax": 121000000,
    "incomeBeforeTaxRatio": 0.0105926639,
    "incomeTaxExpense": 29000000,
    "netIncome": 92000000,
    "netIncomeRatio": 0.0080539263,
    "eps": 0.59,
    "epsdiluted": 0.59,
    "weightedAverageShsOut": 140601605,
    "weightedAverageShsOutDil": 141556299,
    "link": "https://www.sec.gov/Archives/edgar/data/1144519/000162828017010515/0001628280-17-010515-index.htm",
    "finalLink": "https://www.sec.gov/Archives/edgar/data/1144519/000162828017010515/bg-9302017x10q.htm"
  },
  {
    "date": "2017-06-30",
    "symbol": "BG",
    "reportedCurrency": "USD",
    "cik": "0001996862",
    "fillingDate": "2017-08-02",
    "acceptedDate": "2017-08-02 16:09:06",
    "calendarYear": "2017",
    "period": "Q2",
    "revenue": 11645000000,
    "costOfRevenue": 11290000000,
    "grossProfit": 355000000,
    "grossProfitRatio": 0.0304851868,
    "researchAndDevelopmentExpenses": 0,
    "generalAndAdministrativeExpenses": 0,
    "sellingAndMarketingExpenses": 0,
    "sellingGeneralAndAdministrativeExpenses": 326000000,
    "otherExpenses": 0,
    "operatingExpenses": 326000000,
    "costAndExpenses": 11616000000,
    "interestIncome": 8000000,
    "interestExpense": 62000000,
    "depreciationAndAmortization": 152000000,
    "ebitda": 240000000,
    "ebitdaratio": 0.0206097037,
    "operatingIncome": 29000000,
    "operatingIncomeRatio": 0.0024903392,
    "totalOtherIncomeExpensesNet": -3000000,
    "incomeBeforeTax": 26000000,
    "incomeBeforeTaxRatio": 0.0022327179,
    "incomeTaxExpense": -55000000,
    "netIncome": 81000000,
    "netIncomeRatio": 0.006955775,
    "eps": 0.52,
    "epsdiluted": 0.51,
    "weightedAverageShsOut": 140466021,
    "weightedAverageShsOutDil": 141398804,
    "link": "https://www.sec.gov/Archives/edgar/data/1144519/000110465917048844/0001104659-17-048844-index.htm",
    "finalLink": "https://www.sec.gov/Archives/edgar/data/1144519/000110465917048844/a17-13282_110q.htm"
  },
  {
    "date": "2017-03-31",
    "symbol": "BG",
    "reportedCurrency": "USD",
    "cik": "0001996862",
    "fillingDate": "2017-05-03",
    "acceptedDate": "2017-05-03 16:07:46",
    "calendarYear": "2017",
    "period": "Q1",
    "revenue": 11121000000,
    "costOfRevenue": 10661000000,
    "grossProfit": 460000000,
    "grossProfitRatio": 0.0413631868,
    "researchAndDevelopmentExpenses": 0,
    "generalAndAdministrativeExpenses": 0,
    "sellingAndMarketingExpenses": 0,
    "sellingGeneralAndAdministrativeExpenses": 378000000,
    "otherExpenses": 0,
    "operatingExpenses": 378000000,
    "costAndExpenses": 11039000000,
    "interestIncome": 12000000,
    "interestExpense": 65000000,
    "depreciationAndAmortization": 130000000,
    "ebitda": 277000000,
    "ebitdaratio": 0.024907832,
    "operatingIncome": 82000000,
    "operatingIncomeRatio": 0.0073734376,
    "totalOtherIncomeExpensesNet": 0,
    "incomeBeforeTax": 82000000,
    "incomeBeforeTaxRatio": 0.0073734376,
    "incomeTaxExpense": 28000000,
    "netIncome": 47000000,
    "netIncomeRatio": 0.0042262386,
    "eps": 0.27,
    "epsdiluted": 0.27,
    "weightedAverageShsOut": 139752305,
    "weightedAverageShsOutDil": 140897156,
    "link": "https://www.sec.gov/Archives/edgar/data/1144519/000110465917029418/0001104659-17-029418-index.htm",
    "finalLink": "https://www.sec.gov/Archives/edgar/data/1144519/000110465917029418/a17-8814_110q.htm"
  },
  {
    "date": "2016-12-31",
    "symbol": "BG",
    "reportedCurrency": "USD",
    "cik": "0001996862",
    "fillingDate": "2017-02-28",
    "acceptedDate": "2017-02-28 16:19:47",
    "calendarYear": "2016",
    "period": "Q4",
    "revenue": 11799000000,
    "costOfRevenue": 11095000000,
    "grossProfit": 704000000,
    "grossProfitRatio": 0.0596660734,
    "researchAndDevelopmentExpenses": 0,
    "generalAndAdministrativeExpenses": 0,
    "sellingAndMarketingExpenses": 0,
    "sellingGeneralAndAdministrativeExpenses": 345000000,
    "otherExpenses": 0,
    "operatingExpenses": 345000000,
    "costAndExpenses": 11440000000,
    "interestIncome": 14000000,
    "interestExpense": 45000000,
    "depreciationAndAmortization": 145000000,
    "ebitda": 578000000,
    "ebitdaratio": 0.0489872023,
    "operatingIncome": 359000000,
    "operatingIncomeRatio": 0.0304263073,
    "totalOtherIncomeExpensesNet": 29000000,
    "incomeBeforeTax": 388000000,
    "incomeBeforeTaxRatio": 0.0328841427,
    "incomeTaxExpense": 102000000,
    "netIncome": 271000000,
    "netIncomeRatio": 0.0229680481,
    "eps": 1.88,
    "epsdiluted": 1.82,
    "weightedAverageShsOut": 139500862,
    "weightedAverageShsOutDil": 148000000,
    "link": "https://www.sec.gov/Archives/edgar/data/1144519/000104746917001059/0001047469-17-001059-index.htm",
    "finalLink": "https://www.sec.gov/Archives/edgar/data/1144519/000104746917001059/a2230755z10-k.htm"
  },
  {
    "date": "2016-09-30",
    "symbol": "BG",
    "reportedCurrency": "USD",
    "cik": "0001996862",
    "fillingDate": "2016-11-02",
    "acceptedDate": "2016-11-02 16:17:16",
    "calendarYear": "2016",
    "period": "Q3",
    "revenue": 11423000000,
    "costOfRevenue": 10867000000,
    "grossProfit": 556000000,
    "grossProfitRatio": 0.0486737284,
    "researchAndDevelopmentExpenses": 0,
    "generalAndAdministrativeExpenses": 0,
    "sellingAndMarketingExpenses": 0,
    "sellingGeneralAndAdministrativeExpenses": 324000000,
    "otherExpenses": 0,
    "operatingExpenses": 324000000,
    "costAndExpenses": 11191000000,
    "interestIncome": 13000000,
    "interestExpense": 73000000,
    "depreciationAndAmortization": 148000000,
    "ebitda": 391000000,
    "ebitdaratio": 0.0342291867,
    "operatingIncome": 232000000,
    "operatingIncomeRatio": 0.0203099011,
    "totalOtherIncomeExpensesNet": -62000000,
    "incomeBeforeTax": 170000000,
    "incomeBeforeTaxRatio": 0.0148822551,
    "incomeTaxExpense": 45000000,
    "netIncome": 118000000,
    "netIncomeRatio": 0.0103300359,
    "eps": 0.83,
    "epsdiluted": 0.83,
    "weightedAverageShsOut": 139444320,
    "weightedAverageShsOutDil": 139927845,
    "link": "https://www.sec.gov/Archives/edgar/data/1144519/000110465916154166/0001104659-16-154166-index.htm",
    "finalLink": "https://www.sec.gov/Archives/edgar/data/1144519/000110465916154166/a16-17104_110q.htm"
  },
  {
    "date": "2016-06-30",
    "symbol": "BG",
    "reportedCurrency": "USD",
    "cik": "0001996862",
    "fillingDate": "2016-07-28",
    "acceptedDate": "2016-07-28 16:17:11",
    "calendarYear": "2016",
    "period": "Q2",
    "revenue": 10541000000,
    "costOfRevenue": 10011000000,
    "grossProfit": 530000000,
    "grossProfitRatio": 0.0502798596,
    "researchAndDevelopmentExpenses": 0,
    "generalAndAdministrativeExpenses": 0,
    "sellingAndMarketingExpenses": 0,
    "sellingGeneralAndAdministrativeExpenses": 303000000,
    "otherExpenses": 0,
    "operatingExpenses": 303000000,
    "costAndExpenses": 10314000000,
    "interestIncome": 14000000,
    "interestExpense": 59000000,
    "depreciationAndAmortization": 141000000,
    "ebitda": 363000000,
    "ebitdaratio": 0.0344369604,
    "operatingIncome": 227000000,
    "operatingIncomeRatio": 0.0215349587,
    "totalOtherIncomeExpensesNet": -64000000,
    "incomeBeforeTax": 163000000,
    "incomeBeforeTaxRatio": 0.0154634285,
    "incomeTaxExpense": 39000000,
    "netIncome": 121000000,
    "netIncomeRatio": 0.0114789868,
    "eps": 0.78,
    "epsdiluted": 0.78,
    "weightedAverageShsOut": 139406634,
    "weightedAverageShsOutDil": 139764877,
    "link": "https://www.sec.gov/Archives/edgar/data/1144519/000110465916135011/0001104659-16-135011-index.htm",
    "finalLink": "https://www.sec.gov/Archives/edgar/data/1144519/000110465916135011/a16-11229_110q.htm"
  },
  {
    "date": "2016-03-31",
    "symbol": "BG",
    "reportedCurrency": "USD",
    "cik": "0001996862",
    "fillingDate": "2016-04-28",
    "acceptedDate": "2016-04-28 16:29:48",
    "calendarYear": "2016",
    "period": "Q1",
    "revenue": 8916000000,
    "costOfRevenue": 8296000000,
    "grossProfit": 620000000,
    "grossProfitRatio": 0.0695379094,
    "researchAndDevelopmentExpenses": 0,
    "generalAndAdministrativeExpenses": 0,
    "sellingAndMarketingExpenses": 0,
    "sellingGeneralAndAdministrativeExpenses": 314000000,
    "otherExpenses": 0,
    "operatingExpenses": 314000000,
    "costAndExpenses": 8610000000,
    "interestIncome": 10000000,
    "interestExpense": 57000000,
    "depreciationAndAmortization": 113000000,
    "ebitda": 445000000,
    "ebitdaratio": 0.0499102737,
    "operatingIncome": 306000000,
    "operatingIncomeRatio": 0.034320323,
    "totalOtherIncomeExpensesNet": -31000000,
    "incomeBeforeTax": 275000000,
    "incomeBeforeTaxRatio": 0.0308434275,
    "incomeTaxExpense": 34000000,
    "netIncome": 235000000,
    "netIncomeRatio": 0.0263571108,
    "eps": 1.57,
    "epsdiluted": 1.54,
    "weightedAverageShsOut": 141062415,
    "weightedAverageShsOutDil": 149213091,
    "link": "https://www.sec.gov/Archives/edgar/data/1144519/000110465916115315/0001104659-16-115315-index.htm",
    "finalLink": "https://www.sec.gov/Archives/edgar/data/1144519/000110465916115315/a16-6538_110q.htm"
  },
  {
    "date": "2015-12-31",
    "symbol": "BG",
    "reportedCurrency": "USD",
    "cik": "0001996862",
    "fillingDate": "2016-02-25",
    "acceptedDate": "2016-02-25 17:05:27",
    "calendarYear": "2015",
    "period": "Q4",
    "revenue": 11105000000,
    "costOfRevenue": 10402000000,
    "grossProfit": 703000000,
    "grossProfitRatio": 0.0633048176,
    "researchAndDevelopmentExpenses": 0,
    "generalAndAdministrativeExpenses": 0,
    "sellingAndMarketingExpenses": 0,
    "sellingGeneralAndAdministrativeExpenses": 385000000,
    "otherExpenses": 0,
    "operatingExpenses": 385000000,
    "costAndExpenses": 10787000000,
    "interestIncome": 1000000,
    "interestExpense": 71000000,
    "depreciationAndAmortization": 142000000,
    "ebitda": 443000000,
    "ebitdaratio": 0.0398919406,
    "operatingIncome": 318000000,
    "operatingIncomeRatio": 0.0286357497,
    "totalOtherIncomeExpensesNet": -88000000,
    "incomeBeforeTax": 230000000,
    "incomeBeforeTaxRatio": 0.0207113913,
    "incomeTaxExpense": 26000000,
    "netIncome": 203000000,
    "netIncomeRatio": 0.018280054,
    "eps": 1.32,
    "epsdiluted": 1.3,
    "weightedAverageShsOut": 142483467,
    "weightedAverageShsOutDil": 151000000,
    "link": "https://www.sec.gov/Archives/edgar/data/1144519/000104746916010442/0001047469-16-010442-index.htm",
    "finalLink": "https://www.sec.gov/Archives/edgar/data/1144519/000104746916010442/a2227431z10-k.htm"
  },
  {
    "date": "2015-09-30",
    "symbol": "BG",
    "reportedCurrency": "USD",
    "cik": "0001996862",
    "fillingDate": "2015-11-06",
    "acceptedDate": "2015-11-06 16:11:53",
    "calendarYear": "2015",
    "period": "Q3",
    "revenue": 10762000000,
    "costOfRevenue": 10017000000,
    "grossProfit": 745000000,
    "grossProfitRatio": 0.0692250511,
    "researchAndDevelopmentExpenses": 0,
    "generalAndAdministrativeExpenses": 0,
    "sellingAndMarketingExpenses": 0,
    "sellingGeneralAndAdministrativeExpenses": 358000000,
    "otherExpenses": 0,
    "operatingExpenses": 358000000,
    "costAndExpenses": 10375000000,
    "interestIncome": 18000000,
    "interestExpense": 77000000,
    "depreciationAndAmortization": 136000000,
    "ebitda": 566000000,
    "ebitdaratio": 0.0525924549,
    "operatingIncome": 387000000,
    "operatingIncomeRatio": 0.0359598588,
    "totalOtherIncomeExpensesNet": -34000000,
    "incomeBeforeTax": 353000000,
    "incomeBeforeTaxRatio": 0.0328005947,
    "incomeTaxExpense": 140000000,
    "netIncome": 239000000,
    "netIncomeRatio": 0.0222077681,
    "eps": 1.61,
    "epsdiluted": 1.56,
    "weightedAverageShsOut": 142453910,
    "weightedAverageShsOutDil": 152000000,
    "link": "https://www.sec.gov/Archives/edgar/data/1144519/000110465915076699/0001104659-15-076699-index.htm",
    "finalLink": "https://www.sec.gov/Archives/edgar/data/1144519/000110465915076699/a15-17887_110q.htm"
  },
  {
    "date": "2015-06-30",
    "symbol": "BG",
    "reportedCurrency": "USD",
    "cik": "0001996862",
    "fillingDate": "2015-07-31",
    "acceptedDate": "2015-07-31 16:03:12",
    "calendarYear": "2015",
    "period": "Q2",
    "revenue": 10782000000,
    "costOfRevenue": 10247000000,
    "grossProfit": 535000000,
    "grossProfitRatio": 0.0496197366,
    "researchAndDevelopmentExpenses": 0,
    "generalAndAdministrativeExpenses": 0,
    "sellingAndMarketingExpenses": 0,
    "sellingGeneralAndAdministrativeExpenses": 361000000,
    "otherExpenses": 0,
    "operatingExpenses": 361000000,
    "costAndExpenses": 10608000000,
    "interestIncome": 13000000,
    "interestExpense": 57000000,
    "depreciationAndAmortization": 147000000,
    "ebitda": 341000000,
    "ebitdaratio": 0.0316267854,
    "operatingIncome": 174000000,
    "operatingIncomeRatio": 0.0161380078,
    "totalOtherIncomeExpensesNet": -37000000,
    "incomeBeforeTax": 137000000,
    "incomeBeforeTaxRatio": 0.0127063625,
    "incomeTaxExpense": 45000000,
    "netIncome": 86000000,
    "netIncomeRatio": 0.0079762567,
    "eps": 0.5,
    "epsdiluted": 0.5,
    "weightedAverageShsOut": 143843805,
    "weightedAverageShsOutDil": 145000000,
    "link": "https://www.sec.gov/Archives/edgar/data/1144519/000110465915055238/0001104659-15-055238-index.htm",
    "finalLink": "https://www.sec.gov/Archives/edgar/data/1144519/000110465915055238/a15-11965_110q.htm"
  },
  {
    "date": "2015-03-31",
    "symbol": "BG",
    "reportedCurrency": "USD",
    "cik": "0001996862",
    "fillingDate": "2015-04-30",
    "acceptedDate": "2015-04-30 16:27:04",
    "calendarYear": "2015",
    "period": "Q1",
    "revenue": 10806000000,
    "costOfRevenue": 10096000000,
    "grossProfit": 710000000,
    "grossProfitRatio": 0.0657042384,
    "researchAndDevelopmentExpenses": 0,
    "generalAndAdministrativeExpenses": 0,
    "sellingAndMarketingExpenses": 0,
    "sellingGeneralAndAdministrativeExpenses": 331000000,
    "otherExpenses": 0,
    "operatingExpenses": 331000000,
    "costAndExpenses": 10427000000,
    "interestIncome": 11000000,
    "interestExpense": 53000000,
    "depreciationAndAmortization": 120000000,
    "ebitda": 504000000,
    "ebitdaratio": 0.0466407551,
    "operatingIncome": 379000000,
    "operatingIncomeRatio": 0.0350731075,
    "totalOtherIncomeExpensesNet": -48000000,
    "incomeBeforeTax": 331000000,
    "incomeBeforeTaxRatio": 0.0306311309,
    "incomeTaxExpense": 85000000,
    "netIncome": 263000000,
    "netIncomeRatio": 0.0243383306,
    "eps": 1.71,
    "epsdiluted": 1.67,
    "weightedAverageShsOut": 145164587,
    "weightedAverageShsOutDil": 153817713,
    "link": "https://www.sec.gov/Archives/edgar/data/1144519/000110465915032559/0001104659-15-032559-index.htm",
    "finalLink": "https://www.sec.gov/Archives/edgar/data/1144519/000110465915032559/a15-7182_110q.htm"
  },
  {
    "date": "2014-12-31",
    "symbol": "BG",
    "reportedCurrency": "USD",
    "cik": "0001996862",
    "fillingDate": "2015-03-02",
    "acceptedDate": "2015-03-02 06:18:57",
    "calendarYear": "2014",
    "period": "Q4",
    "revenue": 13231000000,
    "costOfRevenue": 12536000000,
    "grossProfit": 695000000,
    "grossProfitRatio": 0.0525281536,
    "researchAndDevelopmentExpenses": 0,
    "generalAndAdministrativeExpenses": 0,
    "sellingAndMarketingExpenses": 0,
    "sellingGeneralAndAdministrativeExpenses": 530000000,
    "otherExpenses": 0,
    "operatingExpenses": 530000000,
    "costAndExpenses": 13066000000,
    "interestIncome": 16000000,
    "interestExpense": 122000000,
    "depreciationAndAmortization": 159000000,
    "ebitda": 340000000,
    "ebitdaratio": 0.0256972262,
    "operatingIncome": 165000000,
    "operatingIncomeRatio": 0.0124707127,
    "totalOtherIncomeExpensesNet": -106000000,
    "incomeBeforeTax": 59000000,
    "incomeBeforeTaxRatio": 0.0044592245,
    "incomeTaxExpense": 99000000,
    "netIncome": -54000000,
    "netIncomeRatio": -0.0040813242,
    "eps": 0.56,
    "epsdiluted": 0.56,
    "weightedAverageShsOut": 145703198,
    "weightedAverageShsOutDil": 146000000,
    "link": "https://www.sec.gov/Archives/edgar/data/1144519/000104746915001442/0001047469-15-001442-index.htm",
    "finalLink": "https://www.sec.gov/Archives/edgar/data/1144519/000104746915001442/a2223279z10-k.htm"
  },
  {
    "date": "2014-09-30",
    "symbol": "BG",
    "reportedCurrency": "USD",
    "cik": "0001996862",
    "fillingDate": "2014-11-07",
    "acceptedDate": "2014-11-07 16:17:02",
    "calendarYear": "2014",
    "period": "Q3",
    "revenue": 13676000000,
    "costOfRevenue": 12957000000,
    "grossProfit": 719000000,
    "grossProfitRatio": 0.052573852,
    "researchAndDevelopmentExpenses": 0,
    "generalAndAdministrativeExpenses": 0,
    "sellingAndMarketingExpenses": 0,
    "sellingGeneralAndAdministrativeExpenses": 403000000,
    "otherExpenses": 0,
    "operatingExpenses": 403000000,
    "costAndExpenses": 13360000000,
    "interestIncome": 19000000,
    "interestExpense": 70000000,
    "depreciationAndAmortization": 162000000,
    "ebitda": 518000000,
    "ebitdaratio": 0.0378765721,
    "operatingIncome": 316000000,
    "operatingIncomeRatio": 0.0231061714,
    "totalOtherIncomeExpensesNet": -30000000,
    "incomeBeforeTax": 286000000,
    "incomeBeforeTaxRatio": 0.0209125475,
    "incomeTaxExpense": 9000000,
    "netIncome": 294000000,
    "netIncomeRatio": 0.0214975139,
    "eps": 1.96,
    "epsdiluted": 1.9,
    "weightedAverageShsOut": 145053724,
    "weightedAverageShsOutDil": 154000000,
    "link": "https://www.sec.gov/Archives/edgar/data/1144519/000110465914078401/0001104659-14-078401-index.htm",
    "finalLink": "https://www.sec.gov/Archives/edgar/data/1144519/000110465914078401/a14-18938_110q.htm"
  },
  {
    "date": "2014-06-30",
    "symbol": "BG",
    "reportedCurrency": "USD",
    "cik": "0001996862",
    "fillingDate": "2014-07-31",
    "acceptedDate": "2014-07-31 16:13:39",
    "calendarYear": "2014",
    "period": "Q2",
    "revenue": 16793000000,
    "costOfRevenue": 16000000000,
    "grossProfit": 793000000,
    "grossProfitRatio": 0.0472220568,
    "researchAndDevelopmentExpenses": 0,
    "generalAndAdministrativeExpenses": 0,
    "sellingAndMarketingExpenses": 0,
    "sellingGeneralAndAdministrativeExpenses": 392000000,
    "otherExpenses": 0,
    "operatingExpenses": 392000000,
    "costAndExpenses": 16392000000,
    "interestIncome": 33000000,
    "interestExpense": 76000000,
    "depreciationAndAmortization": 162000000,
    "ebitda": 611000000,
    "ebitdaratio": 0.0363842077,
    "operatingIncome": 401000000,
    "operatingIncomeRatio": 0.0238789972,
    "totalOtherIncomeExpensesNet": -28000000,
    "incomeBeforeTax": 373000000,
    "incomeBeforeTaxRatio": 0.0222116358,
    "incomeTaxExpense": 111000000,
    "netIncome": 288000000,
    "netIncomeRatio": 0.017150003,
    "eps": 1.85,
    "epsdiluted": 1.81,
    "weightedAverageShsOut": 146477301,
    "weightedAverageShsOutDil": 155039427,
    "link": "https://www.sec.gov/Archives/edgar/data/1144519/000110465914055483/0001104659-14-055483-index.htm",
    "finalLink": "https://www.sec.gov/Archives/edgar/data/1144519/000110465914055483/a14-13892_110q.htm"
  },
  {
    "date": "2014-03-31",
    "symbol": "BG",
    "reportedCurrency": "USD",
    "cik": "0001996862",
    "fillingDate": "2014-05-06",
    "acceptedDate": "2014-05-06 17:20:54",
    "calendarYear": "2014",
    "period": "Q1",
    "revenue": 13461000000,
    "costOfRevenue": 13047000000,
    "grossProfit": 414000000,
    "grossProfitRatio": 0.0307555159,
    "researchAndDevelopmentExpenses": 0,
    "generalAndAdministrativeExpenses": 0,
    "sellingAndMarketingExpenses": 0,
    "sellingGeneralAndAdministrativeExpenses": 366000000,
    "otherExpenses": 0,
    "operatingExpenses": 366000000,
    "costAndExpenses": 13413000000,
    "interestIncome": 19000000,
    "interestExpense": 79000000,
    "depreciationAndAmortization": 124000000,
    "ebitda": 219000000,
    "ebitdaratio": 0.0162692222,
    "operatingIncome": 48000000,
    "operatingIncomeRatio": 0.0035658569,
    "totalOtherIncomeExpensesNet": -32000000,
    "incomeBeforeTax": 16000000,
    "incomeBeforeTaxRatio": 0.001188619,
    "incomeTaxExpense": 30000000,
    "netIncome": -13000000,
    "netIncomeRatio": -0.0009657529,
    "eps": -0.0886,
    "epsdiluted": -0.0884,
    "weightedAverageShsOut": 146666666,
    "weightedAverageShsOutDil": 147135656,
    "link": "https://www.sec.gov/Archives/edgar/data/1144519/000110465914035293/0001104659-14-035293-index.htm",
    "finalLink": "https://www.sec.gov/Archives/edgar/data/1144519/000110465914035293/a14-8495_110q.htm"
  },
  {
    "date": "2013-12-31",
    "symbol": "BG",
    "reportedCurrency": "USD",
    "cik": "0001996862",
    "fillingDate": "2014-02-28",
    "acceptedDate": "2014-02-28 17:15:37",
    "calendarYear": "2013",
    "period": "Q4",
    "revenue": 16375000000,
    "costOfRevenue": 15565000000,
    "grossProfit": 810000000,
    "grossProfitRatio": 0.0494656489,
    "researchAndDevelopmentExpenses": 0,
    "generalAndAdministrativeExpenses": 0,
    "sellingAndMarketingExpenses": 0,
    "sellingGeneralAndAdministrativeExpenses": 443000000,
    "otherExpenses": 0,
    "operatingExpenses": 443000000,
    "costAndExpenses": 16008000000,
    "interestIncome": 29000000,
    "interestExpense": 99000000,
    "depreciationAndAmortization": 145000000,
    "ebitda": 573000000,
    "ebitdaratio": 0.0349923664,
    "operatingIncome": 367000000,
    "operatingIncomeRatio": 0.0224122137,
    "totalOtherIncomeExpensesNet": -38000000,
    "incomeBeforeTax": 329000000,
    "incomeBeforeTaxRatio": 0.0200916031,
    "incomeTaxExpense": 202000000,
    "netIncome": 138000000,
    "netIncomeRatio": 0.0084274809,
    "eps": 0.78,
    "epsdiluted": 0.78,
    "weightedAverageShsOut": 147796784,
    "weightedAverageShsOutDil": 149000000,
    "link": "https://www.sec.gov/Archives/edgar/data/1144519/000104746914001600/0001047469-14-001600-index.htm",
    "finalLink": "https://www.sec.gov/Archives/edgar/data/1144519/000104746914001600/a2218521z10-k.htm"
  },
  {
    "date": "2013-09-30",
    "symbol": "BG",
    "reportedCurrency": "USD",
    "cik": "0001996862",
    "fillingDate": "2013-11-08",
    "acceptedDate": "2013-11-08 17:16:16",
    "calendarYear": "2013",
    "period": "Q3",
    "revenue": 14701000000,
    "costOfRevenue": 14013000000,
    "grossProfit": 688000000,
    "grossProfitRatio": 0.0467995374,
    "researchAndDevelopmentExpenses": 0,
    "generalAndAdministrativeExpenses": 0,
    "sellingAndMarketingExpenses": 0,
    "sellingGeneralAndAdministrativeExpenses": 382000000,
    "otherExpenses": 0,
    "operatingExpenses": 382000000,
    "costAndExpenses": 14395000000,
    "interestIncome": 27000000,
    "interestExpense": 103000000,
    "depreciationAndAmortization": 153000000,
    "ebitda": 551000000,
    "ebitdaratio": 0.0374804435,
    "operatingIncome": 306000000,
    "operatingIncomeRatio": 0.0208149106,
    "totalOtherIncomeExpensesNet": -11000000,
    "incomeBeforeTax": 295000000,
    "incomeBeforeTaxRatio": 0.0200666621,
    "incomeTaxExpense": 591000000,
    "netIncome": -148000000,
    "netIncomeRatio": -0.0100673424,
    "eps": -0.81,
    "epsdiluted": -0.81,
    "weightedAverageShsOut": 147252747,
    "weightedAverageShsOutDil": 147349175,
    "link": "https://www.sec.gov/Archives/edgar/data/1144519/000110465913082906/0001104659-13-082906-index.htm",
    "finalLink": "https://www.sec.gov/Archives/edgar/data/1144519/000110465913082906/a13-19609_110q.htm"
  },
  {
    "date": "2013-06-30",
    "symbol": "BG",
    "reportedCurrency": "USD",
    "cik": "0001996862",
    "fillingDate": "2013-08-05",
    "acceptedDate": "2013-08-05 17:08:46",
    "calendarYear": "2013",
    "period": "Q2",
    "revenue": 15491000000,
    "costOfRevenue": 14875000000,
    "grossProfit": 616000000,
    "grossProfitRatio": 0.0397650249,
    "researchAndDevelopmentExpenses": 0,
    "generalAndAdministrativeExpenses": 0,
    "sellingAndMarketingExpenses": 0,
    "sellingGeneralAndAdministrativeExpenses": 379000000,
    "otherExpenses": 0,
    "operatingExpenses": 379000000,
    "costAndExpenses": 15254000000,
    "interestIncome": 12000000,
    "interestExpense": 86000000,
    "depreciationAndAmortization": 149000000,
    "ebitda": 394000000,
    "ebitdaratio": 0.025434123,
    "operatingIncome": 237000000,
    "operatingIncomeRatio": 0.015299206,
    "totalOtherIncomeExpensesNet": -78000000,
    "incomeBeforeTax": 159000000,
    "incomeBeforeTaxRatio": 0.0102640243,
    "incomeTaxExpense": 38000000,
    "netIncome": 136000000,
    "netIncomeRatio": 0.0087792912,
    "eps": 0.76,
    "epsdiluted": 0.75,
    "weightedAverageShsOut": 147128500,
    "weightedAverageShsOutDil": 147873841,
    "link": "https://www.sec.gov/Archives/edgar/data/1144519/000110465913059916/0001104659-13-059916-index.htm",
    "finalLink": "https://www.sec.gov/Archives/edgar/data/1144519/000110465913059916/a13-13725_110q.htm"
  },
  {
    "date": "2013-03-31",
    "symbol": "BG",
    "reportedCurrency": "USD",
    "cik": "0001996862",
    "fillingDate": "2013-05-03",
    "acceptedDate": "2013-05-03 16:53:14",
    "calendarYear": "2013",
    "period": "Q1",
    "revenue": 14785000000,
    "costOfRevenue": 14138000000,
    "grossProfit": 647000000,
    "grossProfitRatio": 0.0437605681,
    "researchAndDevelopmentExpenses": 0,
    "generalAndAdministrativeExpenses": 0,
    "sellingAndMarketingExpenses": 0,
    "sellingGeneralAndAdministrativeExpenses": 349000000,
    "otherExpenses": 0,
    "operatingExpenses": 349000000,
    "costAndExpenses": 14487000000,
    "interestIncome": 9000000,
    "interestExpense": 76000000,
    "depreciationAndAmortization": 121000000,
    "ebitda": 427000000,
    "ebitdaratio": 0.0288806223,
    "operatingIncome": 298000000,
    "operatingIncomeRatio": 0.0201555631,
    "totalOtherIncomeExpensesNet": -68000000,
    "incomeBeforeTax": 230000000,
    "incomeBeforeTaxRatio": 0.0155563071,
    "incomeTaxExpense": 73000000,
    "netIncome": 180000000,
    "netIncomeRatio": 0.0121745012,
    "eps": 1.16,
    "epsdiluted": 1.15,
    "weightedAverageShsOut": 146648822,
    "weightedAverageShsOutDil": 147867817,
    "link": "https://www.sec.gov/Archives/edgar/data/1144519/000110465913037183/0001104659-13-037183-index.htm",
    "finalLink": "https://www.sec.gov/Archives/edgar/data/1144519/000110465913037183/a13-8390_110q.htm"
  },
  {
    "date": "2012-12-31",
    "symbol": "BG",
    "reportedCurrency": "USD",
    "cik": "0001996862",
    "fillingDate": "2013-03-01",
    "acceptedDate": "2013-03-01 16:14:11",
    "calendarYear": "2012",
    "period": "Q4",
    "revenue": 15162000000,
    "costOfRevenue": 14629000000,
    "grossProfit": 533000000,
    "grossProfitRatio": 0.0351536737,
    "researchAndDevelopmentExpenses": 0,
    "generalAndAdministrativeExpenses": 0,
    "sellingAndMarketingExpenses": 0,
    "sellingGeneralAndAdministrativeExpenses": 332000000,
    "otherExpenses": 0,
    "operatingExpenses": 332000000,
    "costAndExpenses": 14961000000,
    "interestIncome": 0,
    "interestExpense": 64000000,
    "depreciationAndAmortization": 156000000,
    "ebitda": -226000000,
    "ebitdaratio": -0.0149056853,
    "operatingIncome": 201000000,
    "operatingIncomeRatio": 0.0132568263,
    "totalOtherIncomeExpensesNet": -647000000,
    "incomeBeforeTax": -446000000,
    "incomeBeforeTaxRatio": -0.0294156444,
    "incomeTaxExpense": -168000000,
    "netIncome": -599000000,
    "netIncomeRatio": -0.0395066614,
    "eps": -4.09,
    "epsdiluted": -4.09,
    "weightedAverageShsOut": 146348499,
    "weightedAverageShsOutDil": 146348499,
    "link": "https://www.sec.gov/Archives/edgar/data/1144519/000104746913002069/0001047469-13-002069-index.htm",
    "finalLink": "https://www.sec.gov/Archives/edgar/data/1144519/000104746913002069/a2213025z10-k.htm"
  },
  {
    "date": "2012-09-30",
    "symbol": "BG",
    "reportedCurrency": "USD",
    "cik": "0001996862",
    "fillingDate": "2012-11-06",
    "acceptedDate": "2012-11-06 16:52:59",
    "calendarYear": "2012",
    "period": "Q3",
    "revenue": 16543000000,
    "costOfRevenue": 15700000000,
    "grossProfit": 843000000,
    "grossProfitRatio": 0.0509581092,
    "researchAndDevelopmentExpenses": 0,
    "generalAndAdministrativeExpenses": 0,
    "sellingAndMarketingExpenses": 0,
    "sellingGeneralAndAdministrativeExpenses": 396000000,
    "otherExpenses": 0,
    "operatingExpenses": 396000000,
    "costAndExpenses": 16096000000,
    "interestIncome": 5000000,
    "interestExpense": 77000000,
    "depreciationAndAmortization": 150000000,
    "ebitda": 608000000,
    "ebitdaratio": 0.0367527051,
    "operatingIncome": 447000000,
    "operatingIncomeRatio": 0.0270204921,
    "totalOtherIncomeExpensesNet": -66000000,
    "incomeBeforeTax": 381000000,
    "incomeBeforeTaxRatio": 0.0230308892,
    "incomeTaxExpense": 82000000,
    "netIncome": 297000000,
    "netIncomeRatio": 0.0179532128,
    "eps": 2,
    "epsdiluted": 1.92,
    "weightedAverageShsOut": 144175316,
    "weightedAverageShsOutDil": 155000000,
    "link": "https://www.sec.gov/Archives/edgar/data/1144519/000110465912074763/0001104659-12-074763-index.htm",
    "finalLink": "https://www.sec.gov/Archives/edgar/data/1144519/000110465912074763/a12-19842_110q.htm"
  },
  {
    "date": "2012-06-30",
    "symbol": "BG",
    "reportedCurrency": "USD",
    "cik": "0001996862",
    "fillingDate": "2012-08-01",
    "acceptedDate": "2012-08-01 17:16:03",
    "calendarYear": "2012",
    "period": "Q2",
    "revenue": 14499000000,
    "costOfRevenue": 13856000000,
    "grossProfit": 643000000,
    "grossProfitRatio": 0.0443478861,
    "researchAndDevelopmentExpenses": 0,
    "generalAndAdministrativeExpenses": 0,
    "sellingAndMarketingExpenses": 0,
    "sellingGeneralAndAdministrativeExpenses": 374000000,
    "otherExpenses": 0,
    "operatingExpenses": 374000000,
    "costAndExpenses": 14230000000,
    "interestIncome": 16000000,
    "interestExpense": 78000000,
    "depreciationAndAmortization": 144000000,
    "ebitda": 556000000,
    "ebitdaratio": 0.0383474722,
    "operatingIncome": 269000000,
    "operatingIncomeRatio": 0.0185530037,
    "totalOtherIncomeExpensesNet": 65000000,
    "incomeBeforeTax": 334000000,
    "incomeBeforeTaxRatio": 0.0230360715,
    "incomeTaxExpense": 75000000,
    "netIncome": 274000000,
    "netIncomeRatio": 0.018897855,
    "eps": 1.81,
    "epsdiluted": 1.78,
    "weightedAverageShsOut": 146035349,
    "weightedAverageShsOutDil": 154000000,
    "link": "https://www.sec.gov/Archives/edgar/data/1144519/000110465912053289/0001104659-12-053289-index.htm",
    "finalLink": "https://www.sec.gov/Archives/edgar/data/1144519/000110465912053289/a12-12379_110q.htm"
  },
  {
    "date": "2012-03-31",
    "symbol": "BG",
    "reportedCurrency": "USD",
    "cik": "0001996862",
    "fillingDate": "2012-05-07",
    "acceptedDate": "2012-05-07 06:44:28",
    "calendarYear": "2012",
    "period": "Q1",
    "revenue": 12909000000,
    "costOfRevenue": 12372000000,
    "grossProfit": 537000000,
    "grossProfitRatio": 0.0415988845,
    "researchAndDevelopmentExpenses": 0,
    "generalAndAdministrativeExpenses": 0,
    "sellingAndMarketingExpenses": 0,
    "sellingGeneralAndAdministrativeExpenses": 393000000,
    "otherExpenses": 0,
    "operatingExpenses": 393000000,
    "costAndExpenses": 12765000000,
    "interestIncome": 25000000,
    "interestExpense": 62000000,
    "depreciationAndAmortization": 120000000,
    "ebitda": 346000000,
    "ebitdaratio": 0.0268030057,
    "operatingIncome": 144000000,
    "operatingIncomeRatio": 0.0111550081,
    "totalOtherIncomeExpensesNet": 20000000,
    "incomeBeforeTax": 164000000,
    "incomeBeforeTaxRatio": 0.0127043148,
    "incomeTaxExpense": 40000000,
    "netIncome": 92000000,
    "netIncomeRatio": 0.0071268108,
    "eps": 0.58,
    "epsdiluted": 0.57,
    "weightedAverageShsOut": 145907590,
    "weightedAverageShsOutDil": 147000000,
    "link": "https://www.sec.gov/Archives/edgar/data/1144519/000110465912033452/0001104659-12-033452-index.htm",
    "finalLink": "https://www.sec.gov/Archives/edgar/data/1144519/000110465912033452/a12-7279_110q.htm"
  },
  {
    "date": "2011-12-31",
    "symbol": "BG",
    "reportedCurrency": "USD",
    "cik": "0001996862",
    "fillingDate": "2012-02-27",
    "acceptedDate": "2012-02-27 17:14:20",
    "calendarYear": "2011",
    "period": "Q4",
    "revenue": 16445000000,
    "costOfRevenue": 15709000000,
    "grossProfit": 736000000,
    "grossProfitRatio": 0.0447552448,
    "researchAndDevelopmentExpenses": 0,
    "generalAndAdministrativeExpenses": 0,
    "sellingAndMarketingExpenses": 0,
    "sellingGeneralAndAdministrativeExpenses": 432000000,
    "otherExpenses": 0,
    "operatingExpenses": 432000000,
    "costAndExpenses": 16141000000,
    "interestIncome": 30000000,
    "interestExpense": 80000000,
    "depreciationAndAmortization": 128000000,
    "ebitda": 448000000,
    "ebitdaratio": 0.0272423229,
    "operatingIncome": 304000000,
    "operatingIncomeRatio": 0.018485862,
    "totalOtherIncomeExpensesNet": -64000000,
    "incomeBeforeTax": 240000000,
    "incomeBeforeTaxRatio": 0.0145941016,
    "incomeTaxExpense": -18000000,
    "netIncome": 254000000,
    "netIncomeRatio": 0.0154454241,
    "eps": 1.74,
    "epsdiluted": 1.73,
    "weightedAverageShsOut": 145907590,
    "weightedAverageShsOutDil": 147000000,
    "link": "https://www.sec.gov/Archives/edgar/data/1144519/000104746912001630/0001047469-12-001630-index.htm",
    "finalLink": "https://www.sec.gov/Archives/edgar/data/1144519/000104746912001630/a2207393z10-k.htm"
  },
  {
    "date": "2011-09-30",
    "symbol": "BG",
    "reportedCurrency": "USD",
    "cik": "0001996862",
    "fillingDate": "2011-11-09",
    "acceptedDate": "2011-11-09 08:02:45",
    "calendarYear": "2011",
    "period": "Q3",
    "revenue": 15616000000,
    "costOfRevenue": 14910000000,
    "grossProfit": 706000000,
    "grossProfitRatio": 0.045210041,
    "researchAndDevelopmentExpenses": 0,
    "generalAndAdministrativeExpenses": 0,
    "sellingAndMarketingExpenses": 0,
    "sellingGeneralAndAdministrativeExpenses": 394000000,
    "otherExpenses": 0,
    "operatingExpenses": 394000000,
    "costAndExpenses": 15304000000,
    "interestIncome": 28000000,
    "interestExpense": 80000000,
    "depreciationAndAmortization": 151000000,
    "ebitda": 363000000,
    "ebitdaratio": 0.0232453893,
    "operatingIncome": 312000000,
    "operatingIncomeRatio": 0.0199795082,
    "totalOtherIncomeExpensesNet": -180000000,
    "incomeBeforeTax": 132000000,
    "incomeBeforeTaxRatio": 0.0084528689,
    "incomeTaxExpense": -1000000,
    "netIncome": 140000000,
    "netIncomeRatio": 0.0089651639,
    "eps": 0.91,
    "epsdiluted": 0.89,
    "weightedAverageShsOut": 145515581,
    "weightedAverageShsOutDil": 147631723,
    "link": "https://www.sec.gov/Archives/edgar/data/1144519/000110465911062400/0001104659-11-062400-index.htm",
    "finalLink": "https://www.sec.gov/Archives/edgar/data/1144519/000110465911062400/a11-25387_110q.htm"
  },
  {
    "date": "2011-06-30",
    "symbol": "BG",
    "reportedCurrency": "USD",
    "cik": "0001996862",
    "fillingDate": "2011-08-09",
    "acceptedDate": "2011-08-09 08:08:01",
    "calendarYear": "2011",
    "period": "Q2",
    "revenue": 14488000000,
    "costOfRevenue": 13841000000,
    "grossProfit": 647000000,
    "grossProfitRatio": 0.0446576477,
    "researchAndDevelopmentExpenses": 0,
    "generalAndAdministrativeExpenses": 0,
    "sellingAndMarketingExpenses": 0,
    "sellingGeneralAndAdministrativeExpenses": 383000000,
    "otherExpenses": 0,
    "operatingExpenses": 383000000,
    "costAndExpenses": 14224000000,
    "interestIncome": 23000000,
    "interestExpense": 70000000,
    "depreciationAndAmortization": 143000000,
    "ebitda": 545000000,
    "ebitdaratio": 0.0376173385,
    "operatingIncome": 264000000,
    "operatingIncomeRatio": 0.0182219768,
    "totalOtherIncomeExpensesNet": 68000000,
    "incomeBeforeTax": 332000000,
    "incomeBeforeTaxRatio": 0.0229155163,
    "incomeTaxExpense": 20000000,
    "netIncome": 316000000,
    "netIncomeRatio": 0.0218111541,
    "eps": 2.08,
    "epsdiluted": 2.02,
    "weightedAverageShsOut": 147344609,
    "weightedAverageShsOutDil": 156176828,
    "link": "https://www.sec.gov/Archives/edgar/data/1144519/000110465911045140/0001104659-11-045140-index.htm",
    "finalLink": "https://www.sec.gov/Archives/edgar/data/1144519/000110465911045140/a11-13908_110q.htm"
  },
  {
    "date": "2011-03-31",
    "symbol": "BG",
    "reportedCurrency": "USD",
    "cik": "0001996862",
    "fillingDate": "2011-05-10",
    "acceptedDate": "2011-05-10 16:31:48",
    "calendarYear": "2011",
    "period": "Q1",
    "revenue": 12194000000,
    "costOfRevenue": 11555000000,
    "grossProfit": 639000000,
    "grossProfitRatio": 0.0524028211,
    "researchAndDevelopmentExpenses": 0,
    "generalAndAdministrativeExpenses": 0,
    "sellingAndMarketingExpenses": 0,
    "sellingGeneralAndAdministrativeExpenses": 344000000,
    "otherExpenses": 0,
    "operatingExpenses": 344000000,
    "costAndExpenses": 11899000000,
    "interestIncome": 21000000,
    "interestExpense": 72000000,
    "depreciationAndAmortization": 104000000,
    "ebitda": 454000000,
    "ebitdaratio": 0.0372314253,
    "operatingIncome": 295000000,
    "operatingIncomeRatio": 0.0241922257,
    "totalOtherIncomeExpensesNet": -17000000,
    "incomeBeforeTax": 278000000,
    "incomeBeforeTaxRatio": 0.0227980974,
    "incomeTaxExpense": 43000000,
    "netIncome": 232000000,
    "netIncomeRatio": 0.0190257504,
    "eps": 1.52,
    "epsdiluted": 1.49,
    "weightedAverageShsOut": 147206447,
    "weightedAverageShsOutDil": 155647491,
    "link": "https://www.sec.gov/Archives/edgar/data/1144519/000110465911027833/0001104659-11-027833-index.htm",
    "finalLink": "https://www.sec.gov/Archives/edgar/data/1144519/000110465911027833/a11-9271_110q.htm"
  },
  {
    "date": "2010-12-31",
    "symbol": "BG",
    "reportedCurrency": "USD",
    "cik": "0001996862",
    "fillingDate": "2011-03-01",
    "acceptedDate": "2011-03-01 17:20:41",
    "calendarYear": "2010",
    "period": "Q4",
    "revenue": 12726000000,
    "costOfRevenue": 11897000000,
    "grossProfit": 829000000,
    "grossProfitRatio": 0.0651422285,
    "researchAndDevelopmentExpenses": 0,
    "generalAndAdministrativeExpenses": 0,
    "sellingAndMarketingExpenses": 0,
    "sellingGeneralAndAdministrativeExpenses": 439000000,
    "otherExpenses": 0,
    "operatingExpenses": 439000000,
    "costAndExpenses": 12336000000,
    "interestIncome": 7000000,
    "interestExpense": 57000000,
    "depreciationAndAmortization": 117000000,
    "ebitda": 520000000,
    "ebitdaratio": 0.040861229,
    "operatingIncome": 390000000,
    "operatingIncomeRatio": 0.0306459217,
    "totalOtherIncomeExpensesNet": -44000000,
    "incomeBeforeTax": 346000000,
    "incomeBeforeTaxRatio": 0.0271884331,
    "incomeTaxExpense": 41000000,
    "netIncome": 301000000,
    "netIncomeRatio": 0.0236523652,
    "eps": 2.04,
    "epsdiluted": 1.93,
    "weightedAverageShsOut": 147206447,
    "weightedAverageShsOutDil": 155647491,
    "link": "https://www.sec.gov/Archives/edgar/data/1144519/000104746911001636/0001047469-11-001636-index.htm",
    "finalLink": "https://www.sec.gov/Archives/edgar/data/1144519/000104746911001636/a2202154z10-k.htm"
  },
  {
    "date": "2010-09-30",
    "symbol": "BG",
    "reportedCurrency": "USD",
    "cik": "0001996862",
    "fillingDate": "2010-11-09",
    "acceptedDate": "2010-11-09 16:35:08",
    "calendarYear": "2010",
    "period": "Q3",
    "revenue": 11662000000,
    "costOfRevenue": 10950000000,
    "grossProfit": 712000000,
    "grossProfitRatio": 0.0610529926,
    "researchAndDevelopmentExpenses": 0,
    "generalAndAdministrativeExpenses": 0,
    "sellingAndMarketingExpenses": 0,
    "sellingGeneralAndAdministrativeExpenses": 357000000,
    "otherExpenses": 0,
    "operatingExpenses": 357000000,
    "costAndExpenses": 11307000000,
    "interestIncome": 20000000,
    "interestExpense": 62000000,
    "depreciationAndAmortization": 111000000,
    "ebitda": 468000000,
    "ebitdaratio": 0.0401303378,
    "operatingIncome": 355000000,
    "operatingIncomeRatio": 0.0304407477,
    "totalOtherIncomeExpensesNet": -60000000,
    "incomeBeforeTax": 295000000,
    "incomeBeforeTaxRatio": 0.0252958326,
    "incomeTaxExpense": 97000000,
    "netIncome": 212000000,
    "netIncomeRatio": 0.0181787001,
    "eps": 1.38,
    "epsdiluted": 1.36,
    "weightedAverageShsOut": 139600641,
    "weightedAverageShsOutDil": 147993316,
    "link": "https://www.sec.gov/Archives/edgar/data/1144519/000110465910057302/0001104659-10-057302-index.htm",
    "finalLink": "https://www.sec.gov/Archives/edgar/data/1144519/000110465910057302/a10-17279_110q.htm"
  },
  {
    "date": "2010-06-30",
    "symbol": "BG",
    "reportedCurrency": "USD",
    "cik": "0001996862",
    "fillingDate": "2010-08-09",
    "acceptedDate": "2010-08-09 17:20:30",
    "calendarYear": "2010",
    "period": "Q2",
    "revenue": 10974000000,
    "costOfRevenue": 10549000000,
    "grossProfit": 425000000,
    "grossProfitRatio": 0.0387279023,
    "researchAndDevelopmentExpenses": 0,
    "generalAndAdministrativeExpenses": 0,
    "sellingAndMarketingExpenses": 0,
    "sellingGeneralAndAdministrativeExpenses": 415000000,
    "otherExpenses": 0,
    "operatingExpenses": 415000000,
    "costAndExpenses": 10964000000,
    "interestIncome": 23000000,
    "interestExpense": 101000000,
    "depreciationAndAmortization": 113000000,
    "ebitda": 2534000000,
    "ebitdaratio": 0.2309094223,
    "operatingIncome": 10000000,
    "operatingIncomeRatio": 0.0009112448,
    "totalOtherIncomeExpensesNet": 2310000000,
    "incomeBeforeTax": 2320000000,
    "incomeBeforeTaxRatio": 0.2114087844,
    "incomeTaxExpense": 542000000,
    "netIncome": 1778000000,
    "netIncomeRatio": 0.1620193184,
    "eps": 12.21,
    "epsdiluted": 11.15,
    "weightedAverageShsOut": 144034189,
    "weightedAverageShsOutDil": 159448713,
    "link": "https://www.sec.gov/Archives/edgar/data/1144519/000110465910043252/0001104659-10-043252-index.htm",
    "finalLink": "https://www.sec.gov/Archives/edgar/data/1144519/000110465910043252/a10-12617_110q.htm"
  },
  {
    "date": "2010-03-31",
    "symbol": "BG",
    "reportedCurrency": "USD",
    "cik": "0001996862",
    "fillingDate": "2010-05-10",
    "acceptedDate": "2010-05-10 17:16:37",
    "calendarYear": "2010",
    "period": "Q1",
    "revenue": 10345000000,
    "costOfRevenue": 9800000000,
    "grossProfit": 545000000,
    "grossProfitRatio": 0.0526824553,
    "researchAndDevelopmentExpenses": 0,
    "generalAndAdministrativeExpenses": 0,
    "sellingAndMarketingExpenses": 0,
    "sellingGeneralAndAdministrativeExpenses": 347000000,
    "otherExpenses": 0,
    "operatingExpenses": 347000000,
    "costAndExpenses": 10147000000,
    "interestIncome": 19000000,
    "interestExpense": 78000000,
    "depreciationAndAmortization": 102000000,
    "ebitda": 269000000,
    "ebitdaratio": 0.0260029,
    "operatingIncome": 198000000,
    "operatingIncomeRatio": 0.019139681,
    "totalOtherIncomeExpensesNet": -109000000,
    "incomeBeforeTax": 89000000,
    "incomeBeforeTaxRatio": 0.0086031899,
    "incomeTaxExpense": 9000000,
    "netIncome": 63000000,
    "netIncomeRatio": 0.0060898985,
    "eps": 0.31,
    "epsdiluted": 0.31,
    "weightedAverageShsOut": 140112091,
    "weightedAverageShsOutDil": 141286541,
    "link": "https://www.sec.gov/Archives/edgar/data/1144519/000110465910027336/0001104659-10-027336-index.htm",
    "finalLink": "https://www.sec.gov/Archives/edgar/data/1144519/000110465910027336/a10-5744_110q.htm"
  },
  {
    "date": "2009-12-31",
    "symbol": "BG",
    "reportedCurrency": "USD",
    "cik": "0001996862",
    "fillingDate": "2010-03-01",
    "acceptedDate": "2010-03-01 17:23:13",
    "calendarYear": "2009",
    "period": "Q4",
    "revenue": 10436000000,
    "costOfRevenue": 10122000000,
    "grossProfit": 314000000,
    "grossProfitRatio": 0.0300881564,
    "researchAndDevelopmentExpenses": 0,
    "generalAndAdministrativeExpenses": 0,
    "sellingAndMarketingExpenses": 0,
    "sellingGeneralAndAdministrativeExpenses": 390000000,
    "otherExpenses": 0,
    "operatingExpenses": 390000000,
    "costAndExpenses": 10512000000,
    "interestIncome": 26000000,
    "interestExpense": 71000000,
    "depreciationAndAmortization": 124000000,
    "ebitda": 60000000,
    "ebitdaratio": 0.0057493292,
    "operatingIncome": -76000000,
    "operatingIncomeRatio": -0.0072824837,
    "totalOtherIncomeExpensesNet": -59000000,
    "incomeBeforeTax": -135000000,
    "incomeBeforeTaxRatio": -0.0129359908,
    "incomeTaxExpense": -58000000,
    "netIncome": 11000000,
    "netIncomeRatio": 0.0010540437,
    "eps": 0.076,
    "epsdiluted": 0.076,
    "weightedAverageShsOut": 144152871,
    "weightedAverageShsOutDil": 144152871,
    "link": "https://www.sec.gov/Archives/edgar/data/1144519/000104746910001666/0001047469-10-001666-index.htm",
    "finalLink": "https://www.sec.gov/Archives/edgar/data/1144519/000104746910001666/a2196752z10-k.htm"
  },
  {
    "date": "2009-09-30",
    "symbol": "BG",
    "reportedCurrency": "USD",
    "cik": "0001996862",
    "fillingDate": "2009-11-09",
    "acceptedDate": "2009-11-09 17:11:25",
    "calendarYear": "2009",
    "period": "Q3",
    "revenue": 11298000000,
    "costOfRevenue": 10955000000,
    "grossProfit": 343000000,
    "grossProfitRatio": 0.0303593556,
    "researchAndDevelopmentExpenses": 0,
    "generalAndAdministrativeExpenses": 0,
    "sellingAndMarketingExpenses": 0,
    "sellingGeneralAndAdministrativeExpenses": 349000000,
    "otherExpenses": 0,
    "operatingExpenses": 349000000,
    "costAndExpenses": 11304000000,
    "interestIncome": 20000000,
    "interestExpense": 79000000,
    "depreciationAndAmortization": 119000000,
    "ebitda": 298000000,
    "ebitdaratio": 0.0263763498,
    "operatingIncome": -6000000,
    "operatingIncomeRatio": -0.0005310674,
    "totalOtherIncomeExpensesNet": 106000000,
    "incomeBeforeTax": 100000000,
    "incomeBeforeTaxRatio": 0.0088511241,
    "incomeTaxExpense": -97000000,
    "netIncome": 232000000,
    "netIncomeRatio": 0.0205346079,
    "eps": 1.73,
    "epsdiluted": 1.62,
    "weightedAverageShsOut": 121878864,
    "weightedAverageShsOutDil": 143540130,
    "link": "https://www.sec.gov/Archives/edgar/data/1144519/000110465909063755/0001104659-09-063755-index.htm",
    "finalLink": "https://www.sec.gov/Archives/edgar/data/1144519/000110465909063755/a09-30768_110q.htm"
  },
  {
    "date": "2009-06-30",
    "symbol": "BG",
    "reportedCurrency": "USD",
    "cik": "0001996862",
    "fillingDate": "2009-08-10",
    "acceptedDate": "2009-08-10 16:27:53",
    "calendarYear": "2009",
    "period": "Q2",
    "revenue": 10994000000,
    "costOfRevenue": 10582000000,
    "grossProfit": 412000000,
    "grossProfitRatio": 0.0374749864,
    "researchAndDevelopmentExpenses": 0,
    "generalAndAdministrativeExpenses": 0,
    "sellingAndMarketingExpenses": 0,
    "sellingGeneralAndAdministrativeExpenses": 309000000,
    "otherExpenses": 0,
    "operatingExpenses": 309000000,
    "costAndExpenses": 10891000000,
    "interestIncome": 40000000,
    "interestExpense": 66000000,
    "depreciationAndAmortization": 105000000,
    "ebitda": 567000000,
    "ebitdaratio": 0.0515735856,
    "operatingIncome": 103000000,
    "operatingIncomeRatio": 0.0093687466,
    "totalOtherIncomeExpensesNet": 293000000,
    "incomeBeforeTax": 396000000,
    "incomeBeforeTaxRatio": 0.0360196471,
    "incomeTaxExpense": 79000000,
    "netIncome": 313000000,
    "netIncomeRatio": 0.0284700746,
    "eps": 2.47,
    "epsdiluted": 2.28,
    "weightedAverageShsOut": 121730058,
    "weightedAverageShsOutDil": 137576049,
    "link": "https://www.sec.gov/Archives/edgar/data/1144519/000110465909048657/0001104659-09-048657-index.htm",
    "finalLink": "https://www.sec.gov/Archives/edgar/data/1144519/000110465909048657/a09-17259_110q.htm"
  },
  {
    "date": "2009-03-31",
    "symbol": "BG",
    "reportedCurrency": "USD",
    "cik": "0001996862",
    "fillingDate": "2009-05-11",
    "acceptedDate": "2009-05-11 17:23:53",
    "calendarYear": "2009",
    "period": "Q1",
    "revenue": 9198000000,
    "costOfRevenue": 9063000000,
    "grossProfit": 135000000,
    "grossProfitRatio": 0.0146771037,
    "researchAndDevelopmentExpenses": 0,
    "generalAndAdministrativeExpenses": 0,
    "sellingAndMarketingExpenses": 0,
    "sellingGeneralAndAdministrativeExpenses": 294000000,
    "otherExpenses": 0,
    "operatingExpenses": 294000000,
    "costAndExpenses": 9357000000,
    "interestIncome": 36000000,
    "interestExpense": 67000000,
    "depreciationAndAmortization": 95000000,
    "ebitda": -54000000,
    "ebitdaratio": -0.0058708415,
    "operatingIncome": -159000000,
    "operatingIncomeRatio": -0.0172863666,
    "totalOtherIncomeExpensesNet": -57000000,
    "incomeBeforeTax": -216000000,
    "incomeBeforeTaxRatio": -0.0234833659,
    "incomeTaxExpense": -34000000,
    "netIncome": -195000000,
    "netIncomeRatio": -0.0212002609,
    "eps": -1.6,
    "epsdiluted": -1.6,
    "weightedAverageShsOut": 121730058,
    "weightedAverageShsOutDil": 121730058,
    "link": "https://www.sec.gov/Archives/edgar/data/1144519/000110465909031609/0001104659-09-031609-index.htm",
    "finalLink": "https://www.sec.gov/Archives/edgar/data/1144519/000110465909031609/a09-11508_110q.htm"
  },
  {
    "date": "2008-12-31",
    "symbol": "BG",
    "reportedCurrency": "USD",
    "cik": "0001996862",
    "fillingDate": "2009-03-02",
    "acceptedDate": "2009-03-02 17:19:31",
    "calendarYear": "2008",
    "period": "Q4",
    "revenue": 10943000000,
    "costOfRevenue": 10434000000,
    "grossProfit": 509000000,
    "grossProfitRatio": 0.0465137531,
    "researchAndDevelopmentExpenses": 0,
    "generalAndAdministrativeExpenses": 0,
    "sellingAndMarketingExpenses": 0,
    "sellingGeneralAndAdministrativeExpenses": 369000000,
    "otherExpenses": 0,
    "operatingExpenses": 369000000,
    "costAndExpenses": 10803000000,
    "interestIncome": 0,
    "interestExpense": 0,
    "depreciationAndAmortization": 95000000,
    "ebitda": -290000000,
    "ebitdaratio": -0.0265009595,
    "operatingIncome": 140000000,
    "operatingIncomeRatio": 0.0127935667,
    "totalOtherIncomeExpensesNet": -541000000,
    "incomeBeforeTax": -401000000,
    "incomeBeforeTaxRatio": -0.0366444302,
    "incomeTaxExpense": -214000000,
    "netIncome": -210000000,
    "netIncomeRatio": -0.01919035,
    "eps": -1.73,
    "epsdiluted": -1.73,
    "weightedAverageShsOut": 121628233,
    "weightedAverageShsOutDil": 121730058,
    "link": "https://www.sec.gov/Archives/edgar/data/1144519/000104746909002143/0001047469-09-002143-index.htm",
    "finalLink": "https://www.sec.gov/Archives/edgar/data/1144519/000104746909002143/a2190837z10-k.htm"
  },
  {
    "date": "2008-09-30",
    "symbol": "BG",
    "reportedCurrency": "USD",
    "cik": "0001996862",
    "fillingDate": "2008-11-10",
    "acceptedDate": "2008-11-10 17:20:02",
    "calendarYear": "2008",
    "period": "Q3",
    "revenue": 14797000000,
    "costOfRevenue": 13588000000,
    "grossProfit": 1209000000,
    "grossProfitRatio": 0.0817057512,
    "researchAndDevelopmentExpenses": 0,
    "generalAndAdministrativeExpenses": 0,
    "sellingAndMarketingExpenses": 0,
    "sellingGeneralAndAdministrativeExpenses": 382000000,
    "otherExpenses": 0,
    "operatingExpenses": 382000000,
    "costAndExpenses": 13970000000,
    "interestIncome": 57000000,
    "interestExpense": 97000000,
    "depreciationAndAmortization": 117000000,
    "ebitda": 529000000,
    "ebitdaratio": 0.03575049,
    "operatingIncome": 827000000,
    "operatingIncomeRatio": 0.0558897074,
    "totalOtherIncomeExpensesNet": -512000000,
    "incomeBeforeTax": 315000000,
    "incomeBeforeTaxRatio": 0.0212880989,
    "incomeTaxExpense": 5000000,
    "netIncome": 234000000,
    "netIncomeRatio": 0.0158140164,
    "eps": 1.77,
    "epsdiluted": 1.7,
    "weightedAverageShsOut": 121616824,
    "weightedAverageShsOutDil": 137839070,
    "link": "https://www.sec.gov/Archives/edgar/data/1144519/000110465908069827/0001104659-08-069827-index.htm",
    "finalLink": "https://www.sec.gov/Archives/edgar/data/1144519/000110465908069827/a08-25902_210q.htm"
  },
  {
    "date": "2008-06-30",
    "symbol": "BG",
    "reportedCurrency": "USD",
    "cik": "0001996862",
    "fillingDate": "2008-08-11",
    "acceptedDate": "2008-08-11 17:25:43",
    "calendarYear": "2008",
    "period": "Q2",
    "revenue": 14365000000,
    "costOfRevenue": 12914000000,
    "grossProfit": 1451000000,
    "grossProfitRatio": 0.1010093978,
    "researchAndDevelopmentExpenses": 0,
    "generalAndAdministrativeExpenses": 0,
    "sellingAndMarketingExpenses": 0,
    "sellingGeneralAndAdministrativeExpenses": 460000000,
    "otherExpenses": 0,
    "operatingExpenses": 460000000,
    "costAndExpenses": 13374000000,
    "interestIncome": 54000000,
    "interestExpense": 90000000,
    "depreciationAndAmortization": 119000000,
    "ebitda": 1413000000,
    "ebitdaratio": 0.0983640794,
    "operatingIncome": 991000000,
    "operatingIncomeRatio": 0.0689871215,
    "totalOtherIncomeExpensesNet": 213000000,
    "incomeBeforeTax": 1204000000,
    "incomeBeforeTaxRatio": 0.0838148277,
    "incomeTaxExpense": 337000000,
    "netIncome": 751000000,
    "netIncomeRatio": 0.0522798468,
    "eps": 6.01,
    "epsdiluted": 5.45,
    "weightedAverageShsOut": 121564112,
    "weightedAverageShsOutDil": 137788430,
    "link": "https://www.sec.gov/Archives/edgar/data/1144519/000110465908051970/0001104659-08-051970-index.htm",
    "finalLink": "https://www.sec.gov/Archives/edgar/data/1144519/000110465908051970/a08-21372_110q.htm"
  },
  {
    "date": "2008-03-31",
    "symbol": "BG",
    "reportedCurrency": "USD",
    "cik": "0001996862",
    "fillingDate": "2008-05-12",
    "acceptedDate": "2008-05-12 17:19:19",
    "calendarYear": "2008",
    "period": "Q1",
    "revenue": 12469000000,
    "costOfRevenue": 11602000000,
    "grossProfit": 867000000,
    "grossProfitRatio": 0.0695324405,
    "researchAndDevelopmentExpenses": 0,
    "generalAndAdministrativeExpenses": 0,
    "sellingAndMarketingExpenses": 0,
    "sellingGeneralAndAdministrativeExpenses": 402000000,
    "otherExpenses": 0,
    "operatingExpenses": 402000000,
    "costAndExpenses": 12004000000,
    "interestIncome": 48000000,
    "interestExpense": 98000000,
    "depreciationAndAmortization": 108000000,
    "ebitda": 625000000,
    "ebitdaratio": 0.0501243083,
    "operatingIncome": 465000000,
    "operatingIncomeRatio": 0.0372924854,
    "totalOtherIncomeExpensesNet": -46000000,
    "incomeBeforeTax": 419000000,
    "incomeBeforeTaxRatio": 0.0336033363,
    "incomeTaxExpense": 117000000,
    "netIncome": 289000000,
    "netIncomeRatio": 0.0231774802,
    "eps": 2.23,
    "epsdiluted": 2.1,
    "weightedAverageShsOut": 121299803,
    "weightedAverageShsOutDil": 137605437,
    "link": "https://www.sec.gov/Archives/edgar/data/1144519/000104746908006431/0001047469-08-006431-index.htm",
    "finalLink": "https://www.sec.gov/Archives/edgar/data/1144519/000104746908006431/a2185664z10-q.htm"
  },
  {
    "date": "2007-12-31",
    "symbol": "BG",
    "reportedCurrency": "USD",
    "cik": "0001996862",
    "fillingDate": "2008-03-03",
    "acceptedDate": "2008-03-03 06:59:00",
    "calendarYear": "2007",
    "period": "Q4",
    "revenue": 7056000000,
    "costOfRevenue": 6280000000,
    "grossProfit": 776000000,
    "grossProfitRatio": 0.1099773243,
    "researchAndDevelopmentExpenses": 0,
    "generalAndAdministrativeExpenses": 0,
    "sellingAndMarketingExpenses": 0,
    "sellingGeneralAndAdministrativeExpenses": 434000000,
    "otherExpenses": 0,
    "operatingExpenses": 434000000,
    "costAndExpenses": 6714000000,
    "interestIncome": 0,
    "interestExpense": 0,
    "depreciationAndAmortization": 114000000,
    "ebitda": 456000000,
    "ebitdaratio": 0.0646258503,
    "operatingIncome": 342000000,
    "operatingIncomeRatio": 0.0484693878,
    "totalOtherIncomeExpensesNet": -415000000,
    "incomeBeforeTax": -73000000,
    "incomeBeforeTaxRatio": -0.010345805,
    "incomeTaxExpense": 89000000,
    "netIncome": 245000000,
    "netIncomeRatio": 0.0347222222,
    "eps": 2.02,
    "epsdiluted": 1.91,
    "weightedAverageShsOut": 121076233,
    "weightedAverageShsOutDil": 128571429,
    "link": "https://www.sec.gov/Archives/edgar/data/1144519/000104746908002119/0001047469-08-002119-index.htm",
    "finalLink": "https://www.sec.gov/Archives/edgar/data/1144519/000104746908002119/a2183015z10-k.htm"
  },
  {
    "date": "2007-09-30",
    "symbol": "BG",
    "reportedCurrency": "USD",
    "cik": "0001996862",
    "fillingDate": "2007-11-09",
    "acceptedDate": "2007-11-09 17:13:39",
    "calendarYear": "2007",
    "period": "Q3",
    "revenue": 9729000000,
    "costOfRevenue": 8822000000,
    "grossProfit": 907000000,
    "grossProfitRatio": 0.0932264364,
    "researchAndDevelopmentExpenses": 0,
    "generalAndAdministrativeExpenses": 0,
    "sellingAndMarketingExpenses": 0,
    "sellingGeneralAndAdministrativeExpenses": 353000000,
    "otherExpenses": 0,
    "operatingExpenses": 353000000,
    "costAndExpenses": 9175000000,
    "interestIncome": 0,
    "interestExpense": 0,
    "depreciationAndAmortization": 95000000,
    "ebitda": 649000000,
    "ebitdaratio": 0.0667077809,
    "operatingIncome": 554000000,
    "operatingIncomeRatio": 0.0569431596,
    "totalOtherIncomeExpensesNet": -7000000,
    "incomeBeforeTax": 547000000,
    "incomeBeforeTaxRatio": 0.0562236612,
    "incomeTaxExpense": 145000000,
    "netIncome": 351000000,
    "netIncomeRatio": 0.0360777058,
    "eps": 2.84,
    "epsdiluted": 2.7,
    "weightedAverageShsOut": 120854591,
    "weightedAverageShsOutDil": 129794933,
    "link": "https://www.sec.gov/Archives/edgar/data/1144519/000104746907008930/0001047469-07-008930-index.htm",
    "finalLink": "https://www.sec.gov/Archives/edgar/data/1144519/000104746907008930/a2180920z10-q.htm"
  },
  {
    "date": "2007-06-30",
    "symbol": "BG",
    "reportedCurrency": "USD",
    "cik": "0001996862",
    "fillingDate": "2007-08-09",
    "acceptedDate": "2007-08-09 17:20:03",
    "calendarYear": "2007",
    "period": "Q2",
    "revenue": 9915000000,
    "costOfRevenue": 9383000000,
    "grossProfit": 532000000,
    "grossProfitRatio": 0.0536560767,
    "researchAndDevelopmentExpenses": 0,
    "generalAndAdministrativeExpenses": 0,
    "sellingAndMarketingExpenses": 0,
    "sellingGeneralAndAdministrativeExpenses": 307000000,
    "otherExpenses": 0,
    "operatingExpenses": 307000000,
    "costAndExpenses": 9690000000,
    "interestIncome": 0,
    "interestExpense": 0,
    "depreciationAndAmortization": 90000000,
    "ebitda": 315000000,
    "ebitdaratio": 0.0317700454,
    "operatingIncome": 225000000,
    "operatingIncomeRatio": 0.0226928896,
    "totalOtherIncomeExpensesNet": 52000000,
    "incomeBeforeTax": 277000000,
    "incomeBeforeTaxRatio": 0.0279374685,
    "incomeTaxExpense": 70000000,
    "netIncome": 168000000,
    "netIncomeRatio": 0.0169440242,
    "eps": 1.32,
    "epsdiluted": 1.3,
    "weightedAverageShsOut": 120454545,
    "weightedAverageShsOutDil": 122307692,
    "link": "https://www.sec.gov/Archives/edgar/data/1144519/000104746907006262/0001047469-07-006262-index.htm",
    "finalLink": "https://www.sec.gov/Archives/edgar/data/1144519/000104746907006262/a2179231z10-q.htm"
  },
  {
    "date": "2007-03-31",
    "symbol": "BG",
    "reportedCurrency": "USD",
    "cik": "0001996862",
    "fillingDate": "2007-05-10",
    "acceptedDate": "2007-05-10 16:28:58",
    "calendarYear": "2007",
    "period": "Q1",
    "revenue": 7343000000,
    "costOfRevenue": 7043000000,
    "grossProfit": 300000000,
    "grossProfitRatio": 0.0408552363,
    "researchAndDevelopmentExpenses": 0,
    "generalAndAdministrativeExpenses": 0,
    "sellingAndMarketingExpenses": 0,
    "sellingGeneralAndAdministrativeExpenses": 265000000,
    "otherExpenses": 0,
    "operatingExpenses": 265000000,
    "costAndExpenses": 7308000000,
    "interestIncome": 0,
    "interestExpense": 0,
    "depreciationAndAmortization": 86000000,
    "ebitda": 121000000,
    "ebitdaratio": 0.0164782786,
    "operatingIncome": 35000000,
    "operatingIncomeRatio": 0.0047664442,
    "totalOtherIncomeExpensesNet": -8000000,
    "incomeBeforeTax": 27000000,
    "incomeBeforeTaxRatio": 0.0036769713,
    "incomeTaxExpense": 6000000,
    "netIncome": 14000000,
    "netIncomeRatio": 0.0019065777,
    "eps": 0.05,
    "epsdiluted": 0.05,
    "weightedAverageShsOut": 120000000,
    "weightedAverageShsOutDil": 120000000,
    "link": "https://www.sec.gov/Archives/edgar/data/1144519/000104746907003992/0001047469-07-003992-index.htm",
    "finalLink": "https://www.sec.gov/Archives/edgar/data/1144519/000104746907003992/a2177759z10-q.htm"
  },
  {
    "date": "2006-12-31",
    "symbol": "BG",
    "reportedCurrency": "USD",
    "cik": "0001996862",
    "fillingDate": "2007-03-01",
    "acceptedDate": "2007-03-01 16:17:19",
    "calendarYear": "2006",
    "period": "Q4",
    "revenue": 7683000000,
    "costOfRevenue": 7169000000,
    "grossProfit": 514000000,
    "grossProfitRatio": 0.0669009501,
    "researchAndDevelopmentExpenses": 0,
    "generalAndAdministrativeExpenses": 0,
    "sellingAndMarketingExpenses": 0,
    "sellingGeneralAndAdministrativeExpenses": 278000000,
    "otherExpenses": 0,
    "operatingExpenses": 278000000,
    "costAndExpenses": 7447000000,
    "interestIncome": 0,
    "interestExpense": 0,
    "depreciationAndAmortization": 85000000,
    "ebitda": 321000000,
    "ebitdaratio": 0.0417805545,
    "operatingIncome": 236000000,
    "operatingIncomeRatio": 0.0307171678,
    "totalOtherIncomeExpensesNet": -6000000,
    "incomeBeforeTax": 230000000,
    "incomeBeforeTaxRatio": 0.0299362228,
    "incomeTaxExpense": -69000000,
    "netIncome": 264000000,
    "netIncomeRatio": 0.0343615775,
    "eps": 2.2,
    "epsdiluted": 2.2,
    "weightedAverageShsOut": 120000000,
    "weightedAverageShsOutDil": 120000000,
    "link": "https://www.sec.gov/Archives/edgar/data/1144519/000110465907015539/0001104659-07-015539-index.htm",
    "finalLink": "https://www.sec.gov/Archives/edgar/data/1144519/000110465907015539/a07-5412_110k.htm"
  },
  {
    "date": "2006-09-30",
    "symbol": "BG",
    "reportedCurrency": "USD",
    "cik": "0001996862",
    "fillingDate": "2006-11-09",
    "acceptedDate": "2006-11-09 15:45:27",
    "calendarYear": "2006",
    "period": "Q3",
    "revenue": 6965000000,
    "costOfRevenue": 6480000000,
    "grossProfit": 485000000,
    "grossProfitRatio": 0.0696338837,
    "researchAndDevelopmentExpenses": 0,
    "generalAndAdministrativeExpenses": 0,
    "sellingAndMarketingExpenses": 0,
    "sellingGeneralAndAdministrativeExpenses": 255000000,
    "otherExpenses": 0,
    "operatingExpenses": 255000000,
    "costAndExpenses": 6735000000,
    "interestIncome": 0,
    "interestExpense": 0,
    "depreciationAndAmortization": 82000000,
    "ebitda": 312000000,
    "ebitdaratio": 0.0447954056,
    "operatingIncome": 230000000,
    "operatingIncomeRatio": 0.0330222541,
    "totalOtherIncomeExpensesNet": -27000000,
    "incomeBeforeTax": 203000000,
    "incomeBeforeTaxRatio": 0.0291457286,
    "incomeTaxExpense": 25000000,
    "netIncome": 169000000,
    "netIncomeRatio": 0.024264178,
    "eps": 1.41,
    "epsdiluted": 1.4,
    "weightedAverageShsOut": 119858156,
    "weightedAverageShsOutDil": 120714286,
    "link": "https://www.sec.gov/Archives/edgar/data/1144519/000104746906013831/0001047469-06-013831-index.htm",
    "finalLink": "https://www.sec.gov/Archives/edgar/data/1144519/000104746906013831/a2174355z10-q.htm"
  },
  {
    "date": "2006-06-30",
    "symbol": "BG",
    "reportedCurrency": "USD",
    "cik": "0001996862",
    "fillingDate": "2006-08-09",
    "acceptedDate": "2006-08-09 15:37:00",
    "calendarYear": "2006",
    "period": "Q2",
    "revenue": 6001000000,
    "costOfRevenue": 5713000000,
    "grossProfit": 288000000,
    "grossProfitRatio": 0.0479920013,
    "researchAndDevelopmentExpenses": 0,
    "generalAndAdministrativeExpenses": 0,
    "sellingAndMarketingExpenses": 0,
    "sellingGeneralAndAdministrativeExpenses": 218000000,
    "otherExpenses": 0,
    "operatingExpenses": 218000000,
    "costAndExpenses": 5931000000,
    "interestIncome": 0,
    "interestExpense": 0,
    "depreciationAndAmortization": 79000000,
    "ebitda": 149000000,
    "ebitdaratio": 0.0248291951,
    "operatingIncome": 70000000,
    "operatingIncomeRatio": 0.0116647225,
    "totalOtherIncomeExpensesNet": -49000000,
    "incomeBeforeTax": 21000000,
    "incomeBeforeTaxRatio": 0.0034994168,
    "incomeTaxExpense": -3000000,
    "netIncome": 30000000,
    "netIncomeRatio": 0.0049991668,
    "eps": 0.25,
    "epsdiluted": 0.25,
    "weightedAverageShsOut": 120000000,
    "weightedAverageShsOutDil": 120000000,
    "link": "https://www.sec.gov/Archives/edgar/data/1144519/000104746906010647/0001047469-06-010647-index.htm",
    "finalLink": "https://www.sec.gov/Archives/edgar/data/1144519/000104746906010647/a2172491z10-q.htm"
  },
  {
    "date": "2006-03-31",
    "symbol": "BG",
    "reportedCurrency": "USD",
    "cik": "0001996862",
    "fillingDate": "2006-05-10",
    "acceptedDate": "2006-05-10 16:29:41",
    "calendarYear": "2006",
    "period": "Q1",
    "revenue": 5625000000,
    "costOfRevenue": 5341000000,
    "grossProfit": 284000000,
    "grossProfitRatio": 0.0504888889,
    "researchAndDevelopmentExpenses": 0,
    "generalAndAdministrativeExpenses": 0,
    "sellingAndMarketingExpenses": 0,
    "sellingGeneralAndAdministrativeExpenses": 227000000,
    "otherExpenses": 0,
    "operatingExpenses": 227000000,
    "costAndExpenses": 5568000000,
    "interestIncome": 0,
    "interestExpense": 0,
    "depreciationAndAmortization": 78000000,
    "ebitda": 135000000,
    "ebitdaratio": 0.024,
    "operatingIncome": 57000000,
    "operatingIncomeRatio": 0.0101333333,
    "totalOtherIncomeExpensesNet": 11000000,
    "incomeBeforeTax": 68000000,
    "incomeBeforeTaxRatio": 0.0120888889,
    "incomeTaxExpense": 11000000,
    "netIncome": 58000000,
    "netIncomeRatio": 0.0103111111,
    "eps": 0.49,
    "epsdiluted": 0.48,
    "weightedAverageShsOut": 118367347,
    "weightedAverageShsOutDil": 120833333,
    "link": "https://www.sec.gov/Archives/edgar/data/1144519/000104746906006814/0001047469-06-006814-index.htm",
    "finalLink": "https://www.sec.gov/Archives/edgar/data/1144519/000104746906006814/a2170198z10-q.htm"
  },
  {
    "date": "2005-12-31",
    "symbol": "BG",
    "reportedCurrency": "USD",
    "cik": "0001996862",
    "fillingDate": "2006-03-15",
    "acceptedDate": "2006-03-15 17:25:32",
    "calendarYear": "2005",
    "period": "Q4",
    "revenue": 6726000000,
    "costOfRevenue": 6374000000,
    "grossProfit": 352000000,
    "grossProfitRatio": 0.0523342254,
    "researchAndDevelopmentExpenses": 0,
    "generalAndAdministrativeExpenses": 0,
    "sellingAndMarketingExpenses": 0,
    "sellingGeneralAndAdministrativeExpenses": 287000000,
    "otherExpenses": 0,
    "operatingExpenses": 287000000,
    "costAndExpenses": 6661000000,
    "interestIncome": 0,
    "interestExpense": 0,
    "depreciationAndAmortization": 77000000,
    "ebitda": 142000000,
    "ebitdaratio": 0.0211121023,
    "operatingIncome": 65000000,
    "operatingIncomeRatio": 0.0096639905,
    "totalOtherIncomeExpensesNet": -64000000,
    "incomeBeforeTax": 1000000,
    "incomeBeforeTaxRatio": 0.0001486768,
    "incomeTaxExpense": -160000000,
    "netIncome": 149000000,
    "netIncomeRatio": 0.0221528397,
    "eps": 1.26,
    "epsdiluted": 1.23,
    "weightedAverageShsOut": 118367347,
    "weightedAverageShsOutDil": 120833333,
    "link": "https://www.sec.gov/Archives/edgar/data/1144519/000110465906016958/0001104659-06-016958-index.htm",
    "finalLink": "https://www.sec.gov/Archives/edgar/data/1144519/000110465906016958/a06-6603_110k.htm"
  },
  {
    "date": "2005-09-30",
    "symbol": "BG",
    "reportedCurrency": "USD",
    "cik": "0001996862",
    "fillingDate": "2005-11-09",
    "acceptedDate": "2005-11-09 16:24:33",
    "calendarYear": "2005",
    "period": "Q3",
    "revenue": 6248000000,
    "costOfRevenue": 5841000000,
    "grossProfit": 407000000,
    "grossProfitRatio": 0.0651408451,
    "researchAndDevelopmentExpenses": 0,
    "generalAndAdministrativeExpenses": 0,
    "sellingAndMarketingExpenses": 0,
    "sellingGeneralAndAdministrativeExpenses": 230000000,
    "otherExpenses": 0,
    "operatingExpenses": 230000000,
    "costAndExpenses": 6071000000,
    "interestIncome": 0,
    "interestExpense": 0,
    "depreciationAndAmortization": 70000000,
    "ebitda": 247000000,
    "ebitdaratio": 0.0395326504,
    "operatingIncome": 177000000,
    "operatingIncomeRatio": 0.0283290653,
    "totalOtherIncomeExpensesNet": -3000000,
    "incomeBeforeTax": 174000000,
    "incomeBeforeTaxRatio": 0.0278489117,
    "incomeTaxExpense": -18000000,
    "netIncome": 170000000,
    "netIncomeRatio": 0.0272087068,
    "eps": 1.53,
    "epsdiluted": 1.41,
    "weightedAverageShsOut": 111111111,
    "weightedAverageShsOutDil": 120567376,
    "link": "https://www.sec.gov/Archives/edgar/data/1144519/000104746905026563/0001047469-05-026563-index.htm",
    "finalLink": "https://www.sec.gov/Archives/edgar/data/1144519/000104746905026563/a2164857z10-q.htm"
  },
  {
    "date": "2005-06-30",
    "symbol": "BG",
    "reportedCurrency": "USD",
    "cik": "0001996862",
    "fillingDate": "2005-08-09",
    "acceptedDate": "2005-08-09 16:42:53",
    "calendarYear": "2005",
    "period": "Q2",
    "revenue": 5872000000,
    "costOfRevenue": 5445000000,
    "grossProfit": 427000000,
    "grossProfitRatio": 0.0727179837,
    "researchAndDevelopmentExpenses": 0,
    "generalAndAdministrativeExpenses": 0,
    "sellingAndMarketingExpenses": 0,
    "sellingGeneralAndAdministrativeExpenses": 243000000,
    "otherExpenses": 0,
    "operatingExpenses": 243000000,
    "costAndExpenses": 5688000000,
    "interestIncome": 0,
    "interestExpense": 0,
    "depreciationAndAmortization": 68000000,
    "ebitda": 252000000,
    "ebitdaratio": 0.0429155313,
    "operatingIncome": 184000000,
    "operatingIncomeRatio": 0.0313351499,
    "totalOtherIncomeExpensesNet": 3000000,
    "incomeBeforeTax": 187000000,
    "incomeBeforeTaxRatio": 0.031846049,
    "incomeTaxExpense": 52000000,
    "netIncome": 113000000,
    "netIncomeRatio": 0.0192438692,
    "eps": 1.02,
    "epsdiluted": 0.94,
    "weightedAverageShsOut": 110784314,
    "weightedAverageShsOutDil": 120212766,
    "link": "https://www.sec.gov/Archives/edgar/data/1144519/000104746905021127/0001047469-05-021127-index.htm",
    "finalLink": "https://www.sec.gov/Archives/edgar/data/1144519/000104746905021127/a2161887z10-q.htm"
  },
  {
    "date": "2005-03-31",
    "symbol": "BG",
    "reportedCurrency": "USD",
    "cik": "0001996862",
    "fillingDate": "2005-05-10",
    "acceptedDate": "2005-05-10 16:32:17",
    "calendarYear": "2005",
    "period": "Q1",
    "revenue": 5451000000,
    "costOfRevenue": 5066000000,
    "grossProfit": 385000000,
    "grossProfitRatio": 0.0706292423,
    "researchAndDevelopmentExpenses": 0,
    "generalAndAdministrativeExpenses": 0,
    "sellingAndMarketingExpenses": 0,
    "sellingGeneralAndAdministrativeExpenses": 196000000,
    "otherExpenses": 0,
    "operatingExpenses": 196000000,
    "costAndExpenses": 5262000000,
    "interestIncome": 0,
    "interestExpense": 0,
    "depreciationAndAmortization": 63000000,
    "ebitda": 252000000,
    "ebitdaratio": 0.0462300495,
    "operatingIncome": 189000000,
    "operatingIncomeRatio": 0.0346725371,
    "totalOtherIncomeExpensesNet": -42000000,
    "incomeBeforeTax": 147000000,
    "incomeBeforeTaxRatio": 0.0269675289,
    "incomeTaxExpense": 44000000,
    "netIncome": 98000000,
    "netIncomeRatio": 0.0179783526,
    "eps": 0.88,
    "epsdiluted": 0.82,
    "weightedAverageShsOut": 111363636,
    "weightedAverageShsOutDil": 119512195,
    "link": "https://www.sec.gov/Archives/edgar/data/1144519/000104746905014194/0001047469-05-014194-index.htm",
    "finalLink": "https://www.sec.gov/Archives/edgar/data/1144519/000104746905014194/a2157783z10-q.htm"
  },
  {
    "date": "2004-12-31",
    "symbol": "BG",
    "reportedCurrency": "USD",
    "cik": "0001996862",
    "fillingDate": "2005-03-16",
    "acceptedDate": "2005-03-16 15:41:25",
    "calendarYear": "2004",
    "period": "Q4",
    "revenue": 6212000000,
    "costOfRevenue": 5740000000,
    "grossProfit": 472000000,
    "grossProfitRatio": 0.0759819704,
    "researchAndDevelopmentExpenses": 0,
    "generalAndAdministrativeExpenses": 0,
    "sellingAndMarketingExpenses": 0,
    "sellingGeneralAndAdministrativeExpenses": 270000000,
    "otherExpenses": 111000000,
    "operatingExpenses": 381000000,
    "costAndExpenses": 6121000000,
    "interestIncome": 0,
    "interestExpense": 0,
    "depreciationAndAmortization": 58000000,
    "ebitda": 149000000,
    "ebitdaratio": 0.0239858339,
    "operatingIncome": 91000000,
    "operatingIncomeRatio": 0.0146490663,
    "totalOtherIncomeExpensesNet": 129000000,
    "incomeBeforeTax": 220000000,
    "incomeBeforeTaxRatio": 0.0354153252,
    "incomeTaxExpense": 73000000,
    "netIncome": 105000000,
    "netIncomeRatio": 0.0169027688,
    "eps": 0.94,
    "epsdiluted": 0.88,
    "weightedAverageShsOut": 111363636,
    "weightedAverageShsOutDil": 119512195,
    "link": "https://www.sec.gov/Archives/edgar/data/1144519/000104746905006732/0001047469-05-006732-index.htm",
    "finalLink": "https://www.sec.gov/Archives/edgar/data/1144519/000104746905006732/a2153218z10-k.htm"
  },
  {
    "date": "2004-09-30",
    "symbol": "BG",
    "reportedCurrency": "USD",
    "cik": "0001996862",
    "fillingDate": "2004-11-09",
    "acceptedDate": "2004-11-09 16:14:03",
    "calendarYear": "2004",
    "period": "Q3",
    "revenue": 6560000000,
    "costOfRevenue": 6007000000,
    "grossProfit": 553000000,
    "grossProfitRatio": 0.0842987805,
    "researchAndDevelopmentExpenses": 0,
    "generalAndAdministrativeExpenses": 0,
    "sellingAndMarketingExpenses": 0,
    "sellingGeneralAndAdministrativeExpenses": 231000000,
    "otherExpenses": 0,
    "operatingExpenses": 231000000,
    "costAndExpenses": 6238000000,
    "interestIncome": 0,
    "interestExpense": 0,
    "depreciationAndAmortization": 53000000,
    "ebitda": 375000000,
    "ebitdaratio": 0.0571646341,
    "operatingIncome": 322000000,
    "operatingIncomeRatio": 0.0490853659,
    "totalOtherIncomeExpensesNet": 15000000,
    "incomeBeforeTax": 337000000,
    "incomeBeforeTaxRatio": 0.0513719512,
    "incomeTaxExpense": 100000000,
    "netIncome": 182000000,
    "netIncomeRatio": 0.0277439024,
    "eps": 1.65,
    "epsdiluted": 1.53,
    "weightedAverageShsOut": 110303030,
    "weightedAverageShsOutDil": 118954248,
    "link": "https://www.sec.gov/Archives/edgar/data/1144519/000104746904033587/0001047469-04-033587-index.htm",
    "finalLink": "https://www.sec.gov/Archives/edgar/data/1144519/000104746904033587/a2146265z10-q.htm"
  },
  {
    "date": "2004-06-30",
    "symbol": "BG",
    "reportedCurrency": "USD",
    "cik": "0001996862",
    "fillingDate": "2004-08-09",
    "acceptedDate": "2004-08-09 17:22:41",
    "calendarYear": "2004",
    "period": "Q2",
    "revenue": 6657000000,
    "costOfRevenue": 6161000000,
    "grossProfit": 496000000,
    "grossProfitRatio": 0.0745080367,
    "researchAndDevelopmentExpenses": 0,
    "generalAndAdministrativeExpenses": 0,
    "sellingAndMarketingExpenses": 0,
    "sellingGeneralAndAdministrativeExpenses": 192000000,
    "otherExpenses": 0,
    "operatingExpenses": 192000000,
    "costAndExpenses": 6353000000,
    "interestIncome": 0,
    "interestExpense": 0,
    "depreciationAndAmortization": 50000000,
    "ebitda": 354000000,
    "ebitdaratio": 0.0531771068,
    "operatingIncome": 304000000,
    "operatingIncomeRatio": 0.045666216,
    "totalOtherIncomeExpensesNet": -103000000,
    "incomeBeforeTax": 201000000,
    "incomeBeforeTaxRatio": 0.030193781,
    "incomeTaxExpense": 58000000,
    "netIncome": 112000000,
    "netIncomeRatio": 0.0168243954,
    "eps": 1.08,
    "epsdiluted": 1,
    "weightedAverageShsOut": 103703704,
    "weightedAverageShsOutDil": 112000000,
    "link": "https://www.sec.gov/Archives/edgar/data/1144519/000104746904025869/0001047469-04-025869-index.htm",
    "finalLink": "https://www.sec.gov/Archives/edgar/data/1144519/000104746904025869/a2141534z10-q.htm"
  },
  {
    "date": "2004-03-31",
    "symbol": "BG",
    "reportedCurrency": "USD",
    "cik": "0001996862",
    "fillingDate": "2004-04-29",
    "acceptedDate": "2004-04-29 17:25:24",
    "calendarYear": "2004",
    "period": "Q1",
    "revenue": 5739000000,
    "costOfRevenue": 5374000000,
    "grossProfit": 365000000,
    "grossProfitRatio": 0.0635999303,
    "researchAndDevelopmentExpenses": 0,
    "generalAndAdministrativeExpenses": 0,
    "sellingAndMarketingExpenses": 0,
    "sellingGeneralAndAdministrativeExpenses": 178000000,
    "otherExpenses": 0,
    "operatingExpenses": 178000000,
    "costAndExpenses": 5552000000,
    "interestIncome": 0,
    "interestExpense": 0,
    "depreciationAndAmortization": 51000000,
    "ebitda": 238000000,
    "ebitdaratio": 0.0414706395,
    "operatingIncome": 187000000,
    "operatingIncomeRatio": 0.0325840739,
    "totalOtherIncomeExpensesNet": -41000000,
    "incomeBeforeTax": 146000000,
    "incomeBeforeTaxRatio": 0.0254399721,
    "incomeTaxExpense": 58000000,
    "netIncome": 70000000,
    "netIncomeRatio": 0.0121972469,
    "eps": 0.7,
    "epsdiluted": 0.65,
    "weightedAverageShsOut": 100000000,
    "weightedAverageShsOutDil": 107692308,
    "link": "https://www.sec.gov/Archives/edgar/data/1144519/000094787104001261/0000947871-04-001261-index.htm",
    "finalLink": "https://www.sec.gov/Archives/edgar/data/1144519/000094787104001261/ex1_042904-1.txt"
  },
  {
    "date": "2003-12-31",
    "symbol": "BG",
    "reportedCurrency": "USD",
    "cik": "0001996862",
    "fillingDate": "2004-03-15",
    "acceptedDate": "2004-03-15 17:30:49",
    "calendarYear": "2003",
    "period": "Q4",
    "revenue": 6229000000,
    "costOfRevenue": 5822000000,
    "grossProfit": 407000000,
    "grossProfitRatio": 0.0653395409,
    "researchAndDevelopmentExpenses": 0,
    "generalAndAdministrativeExpenses": 0,
    "sellingAndMarketingExpenses": 0,
    "sellingGeneralAndAdministrativeExpenses": 186000000,
    "otherExpenses": 2000000,
    "operatingExpenses": 188000000,
    "costAndExpenses": 6010000000,
    "interestIncome": 0,
    "interestExpense": 0,
    "depreciationAndAmortization": 51000000,
    "ebitda": 270000000,
    "ebitdaratio": 0.0433456414,
    "operatingIncome": 219000000,
    "operatingIncomeRatio": 0.0351581313,
    "totalOtherIncomeExpensesNet": -42000000,
    "incomeBeforeTax": 177000000,
    "incomeBeforeTaxRatio": 0.028415476,
    "incomeTaxExpense": 70000000,
    "netIncome": 100000000,
    "netIncomeRatio": 0.0160539412,
    "eps": 1,
    "epsdiluted": 0.93,
    "weightedAverageShsOut": 100000000,
    "weightedAverageShsOutDil": 107692308,
    "link": "https://www.sec.gov/Archives/edgar/data/1144519/000104746904008058/0001047469-04-008058-index.htm",
    "finalLink": "https://www.sec.gov/Archives/edgar/data/1144519/000104746904008058/a2130582z20-f.htm"
  },
  {
    "date": "2003-09-30",
    "symbol": "BG",
    "reportedCurrency": "USD",
    "cik": "0001996862",
    "fillingDate": "2003-09-30",
    "acceptedDate": "2003-09-29 20:00:00",
    "calendarYear": "2003",
    "period": "Q3",
    "revenue": 5826000000,
    "costOfRevenue": 5462000000,
    "grossProfit": 364000000,
    "grossProfitRatio": 0.0624785445,
    "researchAndDevelopmentExpenses": 0,
    "generalAndAdministrativeExpenses": 0,
    "sellingAndMarketingExpenses": 0,
    "sellingGeneralAndAdministrativeExpenses": 183000000,
    "otherExpenses": 0,
    "operatingExpenses": 183000000,
    "costAndExpenses": 5645000000,
    "interestIncome": 0,
    "interestExpense": 0,
    "depreciationAndAmortization": 43000000,
    "ebitda": 224000000,
    "ebitdaratio": 0.038448335,
    "operatingIncome": 181000000,
    "operatingIncomeRatio": 0.0310676279,
    "totalOtherIncomeExpensesNet": -45000000,
    "incomeBeforeTax": 136000000,
    "incomeBeforeTaxRatio": 0.023343632,
    "incomeTaxExpense": 47000000,
    "netIncome": 89000000,
    "netIncomeRatio": 0.0152763474,
    "eps": 0.89,
    "epsdiluted": 0.88,
    "weightedAverageShsOut": 99812000,
    "weightedAverageShsOutDil": 101223850,
    "link": "",
    "finalLink": ""
  },
  {
    "date": "2003-06-30",
    "symbol": "BG",
    "reportedCurrency": "USD",
    "cik": "0001996862",
    "fillingDate": "2003-06-30",
    "acceptedDate": "2003-06-29 20:00:00",
    "calendarYear": "2003",
    "period": "Q2",
    "revenue": 5181000000,
    "costOfRevenue": 4912000000,
    "grossProfit": 269000000,
    "grossProfitRatio": 0.0519204787,
    "researchAndDevelopmentExpenses": 0,
    "generalAndAdministrativeExpenses": 0,
    "sellingAndMarketingExpenses": 0,
    "sellingGeneralAndAdministrativeExpenses": 164000000,
    "otherExpenses": 0,
    "operatingExpenses": 164000000,
    "costAndExpenses": 5076000000,
    "interestIncome": 0,
    "interestExpense": 0,
    "depreciationAndAmortization": 41000000,
    "ebitda": 146000000,
    "ebitdaratio": 0.0281798881,
    "operatingIncome": 105000000,
    "operatingIncomeRatio": 0.0202663578,
    "totalOtherIncomeExpensesNet": 151000000,
    "incomeBeforeTax": 256000000,
    "incomeBeforeTaxRatio": 0.0494113106,
    "incomeTaxExpense": 48000000,
    "netIncome": 182000000,
    "netIncomeRatio": 0.0351283536,
    "eps": 1.83,
    "epsdiluted": 1.8,
    "weightedAverageShsOut": 99453552,
    "weightedAverageShsOutDil": 101111111,
    "link": "",
    "finalLink": ""
  },
  {
    "date": "2003-03-31",
    "symbol": "BG",
    "reportedCurrency": "USD",
    "cik": "0001996862",
    "fillingDate": "2003-03-31",
    "acceptedDate": "2003-03-30 19:00:00",
    "calendarYear": "2003",
    "period": "Q1",
    "revenue": 4884000000,
    "costOfRevenue": 4616000000,
    "grossProfit": 268000000,
    "grossProfitRatio": 0.0548730549,
    "researchAndDevelopmentExpenses": 0,
    "generalAndAdministrativeExpenses": 0,
    "sellingAndMarketingExpenses": 0,
    "sellingGeneralAndAdministrativeExpenses": 150000000,
    "otherExpenses": 0,
    "operatingExpenses": 150000000,
    "costAndExpenses": 4766000000,
    "interestIncome": 0,
    "interestExpense": 0,
    "depreciationAndAmortization": 49000000,
    "ebitda": 167000000,
    "ebitdaratio": 0.0341932842,
    "operatingIncome": 118000000,
    "operatingIncomeRatio": 0.0241605242,
    "totalOtherIncomeExpensesNet": -41000000,
    "incomeBeforeTax": 77000000,
    "incomeBeforeTaxRatio": 0.0157657658,
    "incomeTaxExpense": 37000000,
    "netIncome": 40000000,
    "netIncomeRatio": 0.0081900082,
    "eps": 0.4,
    "epsdiluted": 0.4,
    "weightedAverageShsOut": 99585970,
    "weightedAverageShsOutDil": 100502130,
    "link": "",
    "finalLink": ""
  },
  {
    "date": "2002-12-31",
    "symbol": "BG",
    "reportedCurrency": "USD",
    "cik": "0001996862",
    "fillingDate": "2003-03-31",
    "acceptedDate": "2003-03-31 17:23:30",
    "calendarYear": "2002",
    "period": "Q4",
    "revenue": 4684000000,
    "costOfRevenue": 4353000000,
    "grossProfit": 331000000,
    "grossProfitRatio": 0.0706660974,
    "researchAndDevelopmentExpenses": 0,
    "generalAndAdministrativeExpenses": 0,
    "sellingAndMarketingExpenses": 0,
    "sellingGeneralAndAdministrativeExpenses": 221000000,
    "otherExpenses": 0,
    "operatingExpenses": 221000000,
    "costAndExpenses": 4574000000,
    "interestIncome": 0,
    "interestExpense": 0,
    "depreciationAndAmortization": 53000000,
    "ebitda": 163000000,
    "ebitdaratio": 0.0347993168,
    "operatingIncome": 110000000,
    "operatingIncomeRatio": 0.0234842015,
    "totalOtherIncomeExpensesNet": -74000000,
    "incomeBeforeTax": 36000000,
    "incomeBeforeTaxRatio": 0.0076857387,
    "incomeTaxExpense": 0,
    "netIncome": 88000000,
    "netIncomeRatio": 0.0187873612,
    "eps": 0.88,
    "epsdiluted": 0.88,
    "weightedAverageShsOut": 99585970,
    "weightedAverageShsOutDil": 100502130,
    "link": "https://www.sec.gov/Archives/edgar/data/1144519/000104746903011358/0001047469-03-011358-index.htm",
    "finalLink": "https://www.sec.gov/Archives/edgar/data/1144519/000104746903011358/a2106536z20-f.htm"
  },
  {
    "date": "2002-09-30",
    "symbol": "BG",
    "reportedCurrency": "USD",
    "cik": "0001996862",
    "fillingDate": "2002-11-13",
    "acceptedDate": "2002-11-13 17:30:31",
    "calendarYear": "2002",
    "period": "Q3",
    "revenue": 3603000000,
    "costOfRevenue": 3107000000,
    "grossProfit": 496000000,
    "grossProfitRatio": 0.1376630586,
    "researchAndDevelopmentExpenses": 0,
    "generalAndAdministrativeExpenses": 0,
    "sellingAndMarketingExpenses": 0,
    "sellingGeneralAndAdministrativeExpenses": 132000000,
    "otherExpenses": 0,
    "operatingExpenses": 132000000,
    "costAndExpenses": 3239000000,
    "interestIncome": 0,
    "interestExpense": 0,
    "depreciationAndAmortization": 38000000,
    "ebitda": 402000000,
    "ebitdaratio": 0.1115736886,
    "operatingIncome": 364000000,
    "operatingIncomeRatio": 0.101026922,
    "totalOtherIncomeExpensesNet": -177000000,
    "incomeBeforeTax": 187000000,
    "incomeBeforeTaxRatio": 0.0519011934,
    "incomeTaxExpense": 65000000,
    "netIncome": 95000000,
    "netIncomeRatio": 0.0263669165,
    "eps": 0.96,
    "epsdiluted": 0.95,
    "weightedAverageShsOut": 99250814,
    "weightedAverageShsOutDil": 100017645,
    "link": "https://www.sec.gov/Archives/edgar/data/1144519/000104746902002916/0001047469-02-002916-index.htm",
    "finalLink": "https://www.sec.gov/Archives/edgar/data/1144519/000104746902002916/0001047469-02-002916.txt"
  },
  {
    "date": "2002-06-30",
    "symbol": "BG",
    "reportedCurrency": "USD",
    "cik": "0001996862",
    "fillingDate": "2002-08-14",
    "acceptedDate": "2002-08-14 18:14:23",
    "calendarYear": "2002",
    "period": "Q2",
    "revenue": 3103000000,
    "costOfRevenue": 2783000000,
    "grossProfit": 320000000,
    "grossProfitRatio": 0.1031260071,
    "researchAndDevelopmentExpenses": 0,
    "generalAndAdministrativeExpenses": 0,
    "sellingAndMarketingExpenses": 0,
    "sellingGeneralAndAdministrativeExpenses": 123000000,
    "otherExpenses": 0,
    "operatingExpenses": 123000000,
    "costAndExpenses": 2906000000,
    "interestIncome": 0,
    "interestExpense": 0,
    "depreciationAndAmortization": 37000000,
    "ebitda": 234000000,
    "ebitdaratio": 0.0754108927,
    "operatingIncome": 197000000,
    "operatingIncomeRatio": 0.0634869481,
    "totalOtherIncomeExpensesNet": -97000000,
    "incomeBeforeTax": 100000000,
    "incomeBeforeTaxRatio": 0.0322268772,
    "incomeTaxExpense": 36000000,
    "netIncome": 50000000,
    "netIncomeRatio": 0.0161134386,
    "eps": 0.5,
    "epsdiluted": 0.5,
    "weightedAverageShsOut": 99249886,
    "weightedAverageShsOutDil": 100076636,
    "link": "https://www.sec.gov/Archives/edgar/data/1144519/000091205702032247/0000912057-02-032247-index.htm",
    "finalLink": "https://www.sec.gov/Archives/edgar/data/1144519/000091205702032247/0000912057-02-032247.txt"
  },
  {
    "date": "2002-03-31",
    "symbol": "BG",
    "reportedCurrency": "USD",
    "cik": "0001996862",
    "fillingDate": "2002-05-14",
    "acceptedDate": "2002-05-14 17:25:10",
    "calendarYear": "2002",
    "period": "Q1",
    "revenue": 2684000000,
    "costOfRevenue": 2500000000,
    "grossProfit": 184000000,
    "grossProfitRatio": 0.0685543964,
    "researchAndDevelopmentExpenses": 0,
    "generalAndAdministrativeExpenses": 0,
    "sellingAndMarketingExpenses": 0,
    "sellingGeneralAndAdministrativeExpenses": 116000000,
    "otherExpenses": 0,
    "operatingExpenses": 116000000,
    "costAndExpenses": 2616000000,
    "interestIncome": 0,
    "interestExpense": 0,
    "depreciationAndAmortization": 43000000,
    "ebitda": 111000000,
    "ebitdaratio": 0.0413561848,
    "operatingIncome": 68000000,
    "operatingIncomeRatio": 0.0253353204,
    "totalOtherIncomeExpensesNet": -29000000,
    "incomeBeforeTax": 39000000,
    "incomeBeforeTaxRatio": 0.0145305514,
    "incomeTaxExpense": 3000000,
    "netIncome": 13000000,
    "netIncomeRatio": 0.0048435171,
    "eps": 0.15,
    "epsdiluted": 0.15,
    "weightedAverageShsOut": 85580221,
    "weightedAverageShsOutDil": 86270679,
    "link": "https://www.sec.gov/Archives/edgar/data/1144519/000091205702020320/0000912057-02-020320-index.htm",
    "finalLink": "https://www.sec.gov/Archives/edgar/data/1144519/000091205702020320/0000912057-02-020320.txt"
  },
  {
    "date": "2001-12-31",
    "symbol": "BG",
    "reportedCurrency": "USD",
    "cik": "0001996862",
    "fillingDate": "2002-03-28",
    "acceptedDate": "2002-03-28 00:00:00",
    "calendarYear": "2001",
    "period": "Q4",
    "revenue": 3172000000,
    "costOfRevenue": 2894000000,
    "grossProfit": 278000000,
    "grossProfitRatio": 0.0876418663,
    "researchAndDevelopmentExpenses": 0,
    "generalAndAdministrativeExpenses": 0,
    "sellingAndMarketingExpenses": 0,
    "sellingGeneralAndAdministrativeExpenses": 116000000,
    "otherExpenses": -14000000,
    "operatingExpenses": 102000000,
    "costAndExpenses": 2996000000,
    "interestIncome": 0,
    "interestExpense": 0,
    "depreciationAndAmortization": 53000000,
    "ebitda": 229000000,
    "ebitdaratio": 0.0721941992,
    "operatingIncome": 176000000,
    "operatingIncomeRatio": 0.0554854981,
    "totalOtherIncomeExpensesNet": -59000000,
    "incomeBeforeTax": 117000000,
    "incomeBeforeTaxRatio": 0.0368852459,
    "incomeTaxExpense": 40000000,
    "netIncome": 48000000,
    "netIncomeRatio": 0.0151324086,
    "eps": 0.56,
    "epsdiluted": 0.56,
    "weightedAverageShsOut": 85580221,
    "weightedAverageShsOutDil": 86270679,
    "link": "https://www.sec.gov/Archives/edgar/data/1144519/000091205702012302/0000912057-02-012302-index.htm",
    "finalLink": "https://www.sec.gov/Archives/edgar/data/1144519/000091205702012302/a2073364z20-f.htm"
  },
  {
    "date": "2001-09-30",
    "symbol": "BG",
    "reportedCurrency": "USD",
    "cik": "0001996862",
    "fillingDate": "2001-11-13",
    "acceptedDate": "2001-11-13 00:00:00",
    "calendarYear": "2001",
    "period": "Q3",
    "revenue": 3151000000,
    "costOfRevenue": 2818000000,
    "grossProfit": 333000000,
    "grossProfitRatio": 0.1056807363,
    "researchAndDevelopmentExpenses": 0,
    "generalAndAdministrativeExpenses": 0,
    "sellingAndMarketingExpenses": 0,
    "sellingGeneralAndAdministrativeExpenses": 126000000,
    "otherExpenses": 0,
    "operatingExpenses": 126000000,
    "costAndExpenses": 2944000000,
    "interestIncome": 0,
    "interestExpense": 0,
    "depreciationAndAmortization": 36000000,
    "ebitda": 243000000,
    "ebitdaratio": 0.0771183751,
    "operatingIncome": 207000000,
    "operatingIncomeRatio": 0.0656934307,
    "totalOtherIncomeExpensesNet": -100000000,
    "incomeBeforeTax": 107000000,
    "incomeBeforeTaxRatio": 0.0339574738,
    "incomeTaxExpense": 24000000,
    "netIncome": 57000000,
    "netIncomeRatio": 0.0180894954,
    "eps": 0.76,
    "epsdiluted": 0.76,
    "weightedAverageShsOut": 75221060,
    "weightedAverageShsOutDil": 75260335,
    "link": "https://www.sec.gov/Archives/edgar/data/1144519/000091205701539090/0000912057-01-539090-index.htm",
    "finalLink": "https://www.sec.gov/Archives/edgar/data/1144519/000091205701539090/0000912057-01-539090.txt"
  },
  {
    "date": "2001-06-30",
    "symbol": "BG",
    "reportedCurrency": "USD",
    "cik": "0001996862",
    "fillingDate": "2001-06-30",
    "acceptedDate": "2001-06-29 20:00:00",
    "calendarYear": "2001",
    "period": "Q2",
    "revenue": 2689000000,
    "costOfRevenue": 2479000000,
    "grossProfit": 210000000,
    "grossProfitRatio": 0.0780959464,
    "researchAndDevelopmentExpenses": 0,
    "generalAndAdministrativeExpenses": 0,
    "sellingAndMarketingExpenses": 0,
    "sellingGeneralAndAdministrativeExpenses": 112000000,
    "otherExpenses": 0,
    "operatingExpenses": 112000000,
    "costAndExpenses": 2591000000,
    "interestIncome": 0,
    "interestExpense": 0,
    "depreciationAndAmortization": 40000000,
    "ebitda": 138000000,
    "ebitdaratio": 0.0513201934,
    "operatingIncome": 98000000,
    "operatingIncomeRatio": 0.036444775,
    "totalOtherIncomeExpensesNet": -59000000,
    "incomeBeforeTax": 39000000,
    "incomeBeforeTaxRatio": 0.0145035329,
    "incomeTaxExpense": 4000000,
    "netIncome": 23000000,
    "netIncomeRatio": 0.0085533656,
    "eps": 0.36,
    "epsdiluted": 0.36,
    "weightedAverageShsOut": 64380000,
    "weightedAverageShsOutDil": 64380000,
    "link": "",
    "finalLink": ""
  },
  {
    "date": "2001-03-31",
    "symbol": "BG",
    "reportedCurrency": "USD",
    "cik": "0001996862",
    "fillingDate": "2001-03-31",
    "acceptedDate": "2001-03-30 19:00:00",
    "calendarYear": "2001",
    "period": "Q1",
    "revenue": 2472000000,
    "costOfRevenue": 2316000000,
    "grossProfit": 156000000,
    "grossProfitRatio": 0.0631067961,
    "researchAndDevelopmentExpenses": 0,
    "generalAndAdministrativeExpenses": 0,
    "sellingAndMarketingExpenses": 0,
    "sellingGeneralAndAdministrativeExpenses": 82000000,
    "otherExpenses": 0,
    "operatingExpenses": 82000000,
    "costAndExpenses": 2398000000,
    "interestIncome": 0,
    "interestExpense": 0,
    "depreciationAndAmortization": 38000000,
    "ebitda": 112000000,
    "ebitdaratio": 0.0453074434,
    "operatingIncome": 74000000,
    "operatingIncomeRatio": 0.0299352751,
    "totalOtherIncomeExpensesNet": -73000000,
    "incomeBeforeTax": 1000000,
    "incomeBeforeTaxRatio": 0.0004045307,
    "incomeTaxExpense": 0,
    "netIncome": 6000000,
    "netIncomeRatio": 0.0024271845,
    "eps": 0.09,
    "epsdiluted": 0.09,
    "weightedAverageShsOut": 64380000,
    "weightedAverageShsOutDil": 64380000,
    "link": "",
    "finalLink": ""
  }
]