[
  {
    "date": "2024-12-31",
    "symbol": "BG",
    "reportedCurrency": "USD",
    "cik": "0001996862",
    "fillingDate": "2025-02-20",
    "acceptedDate": "2025-02-20 14:39:04",
    "calendarYear": "2024",
    "period": "FY",
    "revenue": 53108000000,
    "costOfRevenue": 49715000000,
    "grossProfit": 3393000000,
    "grossProfitRatio": 0.0638886797,
    "researchAndDevelopmentExpenses": 30000000,
    "generalAndAdministrativeExpenses": 0,
    "sellingAndMarketingExpenses": 0,
    "sellingGeneralAndAdministrativeExpenses": 1776000000,
    "otherExpenses": -30000000,
    "operatingExpenses": 1776000000,
    "costAndExpenses": 51491000000,
    "interestIncome": 163000000,
    "interestExpense": 471000000,
    "depreciationAndAmortization": 468000000,
    "ebitda": 2463000000,
    "ebitdaratio": 0.0463771936,
    "operatingIncome": 1617000000,
    "operatingIncomeRatio": 0.0304473902,
    "totalOtherIncomeExpensesNet": -93000000,
    "incomeBeforeTax": 1524000000,
    "incomeBeforeTaxRatio": 0.0286962416,
    "incomeTaxExpense": 336000000,
    "netIncome": 1137000000,
    "netIncomeRatio": 0.0214092039,
    "eps": 8.09,
    "epsdiluted": 7.99,
    "weightedAverageShsOut": 139627104,
    "weightedAverageShsOutDil": 142000000,
    "link": "https://www.sec.gov/Archives/edgar/data/1996862/000199686225000008/0001996862-25-000008-index.htm",
    "finalLink": "https://www.sec.gov/Archives/edgar/data/1996862/000199686225000008/bg-20241231.htm"
  },
  {
    "date": "2023-12-31",
    "symbol": "BG",
    "reportedCurrency": "USD",
    "cik": "0001996862",
    "fillingDate": "2024-02-22",
    "acceptedDate": "2024-02-22 16:24:17",
    "calendarYear": "2023",
    "period": "FY",
    "revenue": 59540000000,
    "costOfRevenue": 54695000000,
    "grossProfit": 4845000000,
    "grossProfitRatio": 0.0813738663,
    "researchAndDevelopmentExpenses": 0,
    "generalAndAdministrativeExpenses": 0,
    "sellingAndMarketingExpenses": 0,
    "sellingGeneralAndAdministrativeExpenses": 1715000000,
    "otherExpenses": 0,
    "operatingExpenses": 1715000000,
    "costAndExpenses": 56410000000,
    "interestIncome": 148000000,
    "interestExpense": 516000000,
    "depreciationAndAmortization": 451000000,
    "ebitda": 4018000000,
    "ebitdaratio": 0.0674840443,
    "operatingIncome": 3130000000,
    "operatingIncomeRatio": 0.052569701,
    "totalOtherIncomeExpensesNet": -79000000,
    "incomeBeforeTax": 3051000000,
    "incomeBeforeTaxRatio": 0.0512428619,
    "incomeTaxExpense": 714000000,
    "netIncome": 2243000000,
    "netIncomeRatio": 0.0376721532,
    "eps": 15.07,
    "epsdiluted": 14.87,
    "weightedAverageShsOut": 148804387,
    "weightedAverageShsOutDil": 150787917,
    "link": "https://www.sec.gov/Archives/edgar/data/1996862/000199686224000007/0001996862-24-000007-index.htm",
    "finalLink": "https://www.sec.gov/Archives/edgar/data/1996862/000199686224000007/bg-20231231.htm"
  },
  {
    "date": "2022-12-31",
    "symbol": "BG",
    "reportedCurrency": "USD",
    "cik": "0001996862",
    "fillingDate": "2023-02-24",
    "acceptedDate": "2023-02-24 16:15:25",
    "calendarYear": "2022",
    "period": "FY",
    "revenue": 67232000000,
    "costOfRevenue": 63550000000,
    "grossProfit": 3682000000,
    "grossProfitRatio": 0.0547655878,
    "researchAndDevelopmentExpenses": 0,
    "generalAndAdministrativeExpenses": 0,
    "sellingAndMarketingExpenses": 0,
    "sellingGeneralAndAdministrativeExpenses": 1369000000,
    "otherExpenses": 0,
    "operatingExpenses": 1369000000,
    "costAndExpenses": 64919000000,
    "interestIncome": 71000000,
    "interestExpense": 403000000,
    "depreciationAndAmortization": 408000000,
    "ebitda": 2877000000,
    "ebitdaratio": 0.0427921228,
    "operatingIncome": 2313000000,
    "operatingIncomeRatio": 0.0344032604,
    "totalOtherIncomeExpensesNet": -247000000,
    "incomeBeforeTax": 2066000000,
    "incomeBeforeTaxRatio": 0.0307294146,
    "incomeTaxExpense": 388000000,
    "netIncome": 1610000000,
    "netIncomeRatio": 0.02394693,
    "eps": 10.74,
    "epsdiluted": 10.51,
    "weightedAverageShsOut": 148712251,
    "weightedAverageShsOutDil": 153134754,
    "link": "https://www.sec.gov/Archives/edgar/data/1144519/000114451923000010/0001144519-23-000010-index.htm",
    "finalLink": "https://www.sec.gov/Archives/edgar/data/1144519/000114451923000010/bg-20221231.htm"
  },
  {
    "date": "2021-12-31",
    "symbol": "BG",
    "reportedCurrency": "USD",
    "cik": "0001996862",
    "fillingDate": "2022-02-24",
    "acceptedDate": "2022-02-24 17:28:50",
    "calendarYear": "2021",
    "period": "FY",
    "revenue": 59152000000,
    "costOfRevenue": 55789000000,
    "grossProfit": 3363000000,
    "grossProfitRatio": 0.0568535299,
    "researchAndDevelopmentExpenses": 0,
    "generalAndAdministrativeExpenses": 0,
    "sellingAndMarketingExpenses": 0,
    "sellingGeneralAndAdministrativeExpenses": 1234000000,
    "otherExpenses": 0,
    "operatingExpenses": 1234000000,
    "costAndExpenses": 57023000000,
    "interestIncome": 48000000,
    "interestExpense": 243000000,
    "depreciationAndAmortization": 424000000,
    "ebitda": 3232000000,
    "ebitdaratio": 0.0546388964,
    "operatingIncome": 2129000000,
    "operatingIncomeRatio": 0.0359920206,
    "totalOtherIncomeExpensesNet": 436000000,
    "incomeBeforeTax": 2565000000,
    "incomeBeforeTaxRatio": 0.0433628618,
    "incomeTaxExpense": 398000000,
    "netIncome": 2078000000,
    "netIncomeRatio": 0.035129835,
    "eps": 14.49,
    "epsdiluted": 13.64,
    "weightedAverageShsOut": 141015388,
    "weightedAverageShsOutDil": 152366712,
    "link": "https://www.sec.gov/Archives/edgar/data/1144519/000114451922000017/0001144519-22-000017-index.htm",
    "finalLink": "https://www.sec.gov/Archives/edgar/data/1144519/000114451922000017/bg-20211231.htm"
  },
  {
    "date": "2020-12-31",
    "symbol": "BG",
    "reportedCurrency": "USD",
    "cik": "0001996862",
    "fillingDate": "2021-02-19",
    "acceptedDate": "2021-02-19 14:45:09",
    "calendarYear": "2020",
    "period": "FY",
    "revenue": 41404000000,
    "costOfRevenue": 38619000000,
    "grossProfit": 2785000000,
    "grossProfitRatio": 0.0672640325,
    "researchAndDevelopmentExpenses": 0,
    "generalAndAdministrativeExpenses": 0,
    "sellingAndMarketingExpenses": 0,
    "sellingGeneralAndAdministrativeExpenses": 1358000000,
    "otherExpenses": 0,
    "operatingExpenses": 1358000000,
    "costAndExpenses": 39977000000,
    "interestIncome": 22000000,
    "interestExpense": 265000000,
    "depreciationAndAmortization": 435000000,
    "ebitda": 2113000000,
    "ebitdaratio": 0.0510337165,
    "operatingIncome": 1427000000,
    "operatingIncomeRatio": 0.0344652691,
    "totalOtherIncomeExpensesNet": -14000000,
    "incomeBeforeTax": 1413000000,
    "incomeBeforeTaxRatio": 0.0341271375,
    "incomeTaxExpense": 248000000,
    "netIncome": 1145000000,
    "netIncomeRatio": 0.0276543329,
    "eps": 8.02,
    "epsdiluted": 7.71,
    "weightedAverageShsOut": 140693658,
    "weightedAverageShsOutDil": 149689816,
    "link": "https://www.sec.gov/Archives/edgar/data/1144519/000114451921000006/0001144519-21-000006-index.htm",
    "finalLink": "https://www.sec.gov/Archives/edgar/data/1144519/000114451921000006/bg-20201231.htm"
  },
  {
    "date": "2019-12-31",
    "symbol": "BG",
    "reportedCurrency": "USD",
    "cik": "0001996862",
    "fillingDate": "2020-02-21",
    "acceptedDate": "2020-02-21 14:58:14",
    "calendarYear": "2019",
    "period": "FY",
    "revenue": 41140000000,
    "costOfRevenue": 40598000000,
    "grossProfit": 542000000,
    "grossProfitRatio": 0.013174526,
    "researchAndDevelopmentExpenses": 0,
    "generalAndAdministrativeExpenses": 0,
    "sellingAndMarketingExpenses": 0,
    "sellingGeneralAndAdministrativeExpenses": 1351000000,
    "otherExpenses": 0,
    "operatingExpenses": 1351000000,
    "costAndExpenses": 41949000000,
    "interestIncome": 31000000,
    "interestExpense": 339000000,
    "depreciationAndAmortization": 548000000,
    "ebitda": -318000000,
    "ebitdaratio": -0.0077297035,
    "operatingIncome": -809000000,
    "operatingIncomeRatio": -0.01966456,
    "totalOtherIncomeExpensesNet": -396000000,
    "incomeBeforeTax": -1205000000,
    "incomeBeforeTaxRatio": -0.0292902285,
    "incomeTaxExpense": 86000000,
    "netIncome": -1280000000,
    "netIncomeRatio": -0.0311132718,
    "eps": -9.32,
    "epsdiluted": -9.34,
    "weightedAverageShsOut": 141492289,
    "weightedAverageShsOutDil": 141492289,
    "link": "https://www.sec.gov/Archives/edgar/data/1144519/000114451920000004/0001144519-20-000004-index.htm",
    "finalLink": "https://www.sec.gov/Archives/edgar/data/1144519/000114451920000004/bg-12312019x10k.htm"
  },
  {
    "date": "2018-12-31",
    "symbol": "BG",
    "reportedCurrency": "USD",
    "cik": "0001996862",
    "fillingDate": "2019-02-22",
    "acceptedDate": "2019-02-22 15:19:27",
    "calendarYear": "2018",
    "period": "FY",
    "revenue": 45743000000,
    "costOfRevenue": 43477000000,
    "grossProfit": 2266000000,
    "grossProfitRatio": 0.0495376342,
    "researchAndDevelopmentExpenses": 0,
    "generalAndAdministrativeExpenses": 0,
    "sellingAndMarketingExpenses": 0,
    "sellingGeneralAndAdministrativeExpenses": 1423000000,
    "otherExpenses": 0,
    "operatingExpenses": 1423000000,
    "costAndExpenses": 44900000000,
    "interestIncome": 31000000,
    "interestExpense": 339000000,
    "depreciationAndAmortization": 622000000,
    "ebitda": 1417000000,
    "ebitdaratio": 0.0309774173,
    "operatingIncome": 843000000,
    "operatingIncomeRatio": 0.0184290493,
    "totalOtherIncomeExpensesNet": -387000000,
    "incomeBeforeTax": 456000000,
    "incomeBeforeTaxRatio": 0.0099687384,
    "incomeTaxExpense": 179000000,
    "netIncome": 267000000,
    "netIncomeRatio": 0.0058369587,
    "eps": 1.65,
    "epsdiluted": 1.64,
    "weightedAverageShsOut": 140968980,
    "weightedAverageShsOutDil": 141703783,
    "link": "https://www.sec.gov/Archives/edgar/data/1144519/000114451919000006/0001144519-19-000006-index.htm",
    "finalLink": "https://www.sec.gov/Archives/edgar/data/1144519/000114451919000006/bg-12312018x10k.htm"
  },
  {
    "date": "2017-12-31",
    "symbol": "BG",
    "reportedCurrency": "USD",
    "cik": "0001996862",
    "fillingDate": "2018-02-23",
    "acceptedDate": "2018-02-23 16:34:06",
    "calendarYear": "2017",
    "period": "FY",
    "revenue": 45794000000,
    "costOfRevenue": 44029000000,
    "grossProfit": 1765000000,
    "grossProfitRatio": 0.0385421671,
    "researchAndDevelopmentExpenses": 0,
    "generalAndAdministrativeExpenses": 0,
    "sellingAndMarketingExpenses": 0,
    "sellingGeneralAndAdministrativeExpenses": 1437000000,
    "otherExpenses": 0,
    "operatingExpenses": 1437000000,
    "costAndExpenses": 45466000000,
    "interestIncome": 38000000,
    "interestExpense": 263000000,
    "depreciationAndAmortization": 609000000,
    "ebitda": 1102000000,
    "ebitdaratio": 0.0240642879,
    "operatingIncome": 328000000,
    "operatingIncomeRatio": 0.0071625104,
    "totalOtherIncomeExpensesNet": -98000000,
    "incomeBeforeTax": 230000000,
    "incomeBeforeTaxRatio": 0.005022492,
    "incomeTaxExpense": 56000000,
    "netIncome": 160000000,
    "netIncomeRatio": 0.0034939075,
    "eps": 0.9,
    "epsdiluted": 0.89,
    "weightedAverageShsOut": 140365549,
    "weightedAverageShsOutDil": 141265077,
    "link": "https://www.sec.gov/Archives/edgar/data/1144519/000114451918000008/0001144519-18-000008-index.htm",
    "finalLink": "https://www.sec.gov/Archives/edgar/data/1144519/000114451918000008/bg-12312017x10k.htm"
  },
  {
    "date": "2016-12-31",
    "symbol": "BG",
    "reportedCurrency": "USD",
    "cik": "0001996862",
    "fillingDate": "2017-02-28",
    "acceptedDate": "2017-02-28 16:19:47",
    "calendarYear": "2016",
    "period": "FY",
    "revenue": 42679000000,
    "costOfRevenue": 40269000000,
    "grossProfit": 2410000000,
    "grossProfitRatio": 0.0564680522,
    "researchAndDevelopmentExpenses": 0,
    "generalAndAdministrativeExpenses": 0,
    "sellingAndMarketingExpenses": 0,
    "sellingGeneralAndAdministrativeExpenses": 1284000000,
    "otherExpenses": 0,
    "operatingExpenses": 1284000000,
    "costAndExpenses": 41553000000,
    "interestIncome": 51000000,
    "interestExpense": 234000000,
    "depreciationAndAmortization": 547000000,
    "ebitda": 1777000000,
    "ebitdaratio": 0.041636402,
    "operatingIncome": 1126000000,
    "operatingIncomeRatio": 0.0263829987,
    "totalOtherIncomeExpensesNet": -130000000,
    "incomeBeforeTax": 996000000,
    "incomeBeforeTaxRatio": 0.0233370041,
    "incomeTaxExpense": 220000000,
    "netIncome": 745000000,
    "netIncomeRatio": 0.0174558917,
    "eps": 5.07,
    "epsdiluted": 5.01,
    "weightedAverageShsOut": 139845124,
    "weightedAverageShsOutDil": 148226475,
    "link": "https://www.sec.gov/Archives/edgar/data/1144519/000104746917001059/0001047469-17-001059-index.htm",
    "finalLink": "https://www.sec.gov/Archives/edgar/data/1144519/000104746917001059/a2230755z10-k.htm"
  },
  {
    "date": "2015-12-31",
    "symbol": "BG",
    "reportedCurrency": "USD",
    "cik": "0001996862",
    "fillingDate": "2016-02-25",
    "acceptedDate": "2016-02-25 17:05:27",
    "calendarYear": "2015",
    "period": "FY",
    "revenue": 43455000000,
    "costOfRevenue": 40762000000,
    "grossProfit": 2693000000,
    "grossProfitRatio": 0.0619721551,
    "researchAndDevelopmentExpenses": 0,
    "generalAndAdministrativeExpenses": 0,
    "sellingAndMarketingExpenses": 0,
    "sellingGeneralAndAdministrativeExpenses": 1435000000,
    "otherExpenses": 0,
    "operatingExpenses": 1435000000,
    "costAndExpenses": 42197000000,
    "interestIncome": 43000000,
    "interestExpense": 258000000,
    "depreciationAndAmortization": 545000000,
    "ebitda": 1854000000,
    "ebitdaratio": 0.0426648257,
    "operatingIncome": 1258000000,
    "operatingIncomeRatio": 0.028949488,
    "totalOtherIncomeExpensesNet": -207000000,
    "incomeBeforeTax": 1051000000,
    "incomeBeforeTaxRatio": 0.0241859395,
    "incomeTaxExpense": 296000000,
    "netIncome": 791000000,
    "netIncomeRatio": 0.0182027385,
    "eps": 5.18,
    "epsdiluted": 5.07,
    "weightedAverageShsOut": 142483467,
    "weightedAverageShsOutDil": 152000000,
    "link": "https://www.sec.gov/Archives/edgar/data/1144519/000104746916010442/0001047469-16-010442-index.htm",
    "finalLink": "https://www.sec.gov/Archives/edgar/data/1144519/000104746916010442/a2227431z10-k.htm"
  },
  {
    "date": "2014-12-31",
    "symbol": "BG",
    "reportedCurrency": "USD",
    "cik": "0001996862",
    "fillingDate": "2015-03-02",
    "acceptedDate": "2015-03-02 06:18:57",
    "calendarYear": "2014",
    "period": "FY",
    "revenue": 57161000000,
    "costOfRevenue": 54540000000,
    "grossProfit": 2621000000,
    "grossProfitRatio": 0.0458529417,
    "researchAndDevelopmentExpenses": 0,
    "generalAndAdministrativeExpenses": 0,
    "sellingAndMarketingExpenses": 0,
    "sellingGeneralAndAdministrativeExpenses": 1691000000,
    "otherExpenses": 0,
    "operatingExpenses": 1691000000,
    "costAndExpenses": 56231000000,
    "interestIncome": 87000000,
    "interestExpense": 347000000,
    "depreciationAndAmortization": 607000000,
    "ebitda": 1688000000,
    "ebitdaratio": 0.029530624,
    "operatingIncome": 930000000,
    "operatingIncomeRatio": 0.0162698343,
    "totalOtherIncomeExpensesNet": -196000000,
    "incomeBeforeTax": 734000000,
    "incomeBeforeTaxRatio": 0.012840923,
    "incomeTaxExpense": 249000000,
    "netIncome": 515000000,
    "netIncomeRatio": 0.0090096394,
    "eps": 4.19,
    "epsdiluted": 4.15,
    "weightedAverageShsOut": 145703198,
    "weightedAverageShsOutDil": 147000000,
    "link": "https://www.sec.gov/Archives/edgar/data/1144519/000104746915001442/0001047469-15-001442-index.htm",
    "finalLink": "https://www.sec.gov/Archives/edgar/data/1144519/000104746915001442/a2223279z10-k.htm"
  },
  {
    "date": "2013-12-31",
    "symbol": "BG",
    "reportedCurrency": "USD",
    "cik": "0001996862",
    "fillingDate": "2014-02-28",
    "acceptedDate": "2014-02-28 17:15:37",
    "calendarYear": "2013",
    "period": "FY",
    "revenue": 61347000000,
    "costOfRevenue": 58587000000,
    "grossProfit": 2760000000,
    "grossProfitRatio": 0.0449899751,
    "researchAndDevelopmentExpenses": 0,
    "generalAndAdministrativeExpenses": 0,
    "sellingAndMarketingExpenses": 0,
    "sellingGeneralAndAdministrativeExpenses": 1559000000,
    "otherExpenses": 0,
    "operatingExpenses": 1559000000,
    "costAndExpenses": 60146000000,
    "interestIncome": 76000000,
    "interestExpense": 363000000,
    "depreciationAndAmortization": 568000000,
    "ebitda": 1945000000,
    "ebitdaratio": 0.0317048918,
    "operatingIncome": 1201000000,
    "operatingIncomeRatio": 0.0195771594,
    "totalOtherIncomeExpensesNet": -187000000,
    "incomeBeforeTax": 1014000000,
    "incomeBeforeTaxRatio": 0.0165289256,
    "incomeTaxExpense": 904000000,
    "netIncome": 306000000,
    "netIncomeRatio": 0.004988019,
    "eps": 1.57,
    "epsdiluted": 1.55,
    "weightedAverageShsOut": 147204082,
    "weightedAverageShsOutDil": 148257309,
    "link": "https://www.sec.gov/Archives/edgar/data/1144519/000104746914001600/0001047469-14-001600-index.htm",
    "finalLink": "https://www.sec.gov/Archives/edgar/data/1144519/000104746914001600/a2218521z10-k.htm"
  },
  {
    "date": "2012-12-31",
    "symbol": "BG",
    "reportedCurrency": "USD",
    "cik": "0001996862",
    "fillingDate": "2013-03-01",
    "acceptedDate": "2013-03-01 16:14:11",
    "calendarYear": "2012",
    "period": "FY",
    "revenue": 60991000000,
    "costOfRevenue": 58418000000,
    "grossProfit": 2573000000,
    "grossProfitRatio": 0.0421865521,
    "researchAndDevelopmentExpenses": 0,
    "generalAndAdministrativeExpenses": 0,
    "sellingAndMarketingExpenses": 0,
    "sellingGeneralAndAdministrativeExpenses": 1563000000,
    "otherExpenses": 0,
    "operatingExpenses": 1563000000,
    "costAndExpenses": 59981000000,
    "interestIncome": 53000000,
    "interestExpense": 294000000,
    "depreciationAndAmortization": 570000000,
    "ebitda": 1236000000,
    "ebitdaratio": 0.020265285,
    "operatingIncome": 1010000000,
    "operatingIncomeRatio": 0.0165598203,
    "totalOtherIncomeExpensesNet": -638000000,
    "incomeBeforeTax": 372000000,
    "incomeBeforeTaxRatio": 0.0060992605,
    "incomeTaxExpense": -6000000,
    "netIncome": 64000000,
    "netIncomeRatio": 0.0010493351,
    "eps": 0.19,
    "epsdiluted": 0.19,
    "weightedAverageShsOut": 146348499,
    "weightedAverageShsOutDil": 147000000,
    "link": "https://www.sec.gov/Archives/edgar/data/1144519/000104746913002069/0001047469-13-002069-index.htm",
    "finalLink": "https://www.sec.gov/Archives/edgar/data/1144519/000104746913002069/a2213025z10-k.htm"
  },
  {
    "date": "2011-12-31",
    "symbol": "BG",
    "reportedCurrency": "USD",
    "cik": "0001996862",
    "fillingDate": "2012-02-27",
    "acceptedDate": "2012-02-27 17:14:20",
    "calendarYear": "2011",
    "period": "FY",
    "revenue": 56097000000,
    "costOfRevenue": 53470000000,
    "grossProfit": 2627000000,
    "grossProfitRatio": 0.0468295987,
    "researchAndDevelopmentExpenses": 0,
    "generalAndAdministrativeExpenses": 0,
    "sellingAndMarketingExpenses": 0,
    "sellingGeneralAndAdministrativeExpenses": 1436000000,
    "otherExpenses": 0,
    "operatingExpenses": 1436000000,
    "costAndExpenses": 54906000000,
    "interestIncome": 96000000,
    "interestExpense": 295000000,
    "depreciationAndAmortization": 526000000,
    "ebitda": 1841000000,
    "ebitdaratio": 0.0328181543,
    "operatingIncome": 1191000000,
    "operatingIncomeRatio": 0.0212310819,
    "totalOtherIncomeExpensesNet": -171000000,
    "incomeBeforeTax": 1020000000,
    "incomeBeforeTaxRatio": 0.0181827905,
    "incomeTaxExpense": 55000000,
    "netIncome": 942000000,
    "netIncomeRatio": 0.0167923418,
    "eps": 6.07,
    "epsdiluted": 5.85,
    "weightedAverageShsOut": 155209045,
    "weightedAverageShsOutDil": 155209045,
    "link": "https://www.sec.gov/Archives/edgar/data/1144519/000104746912001630/0001047469-12-001630-index.htm",
    "finalLink": "https://www.sec.gov/Archives/edgar/data/1144519/000104746912001630/a2207393z10-k.htm"
  },
  {
    "date": "2010-12-31",
    "symbol": "BG",
    "reportedCurrency": "USD",
    "cik": "0001996862",
    "fillingDate": "2011-12-22",
    "acceptedDate": "2011-12-22 17:26:17",
    "calendarYear": "2010",
    "period": "FY",
    "revenue": 43953000000,
    "costOfRevenue": 41640000000,
    "grossProfit": 2313000000,
    "grossProfitRatio": 0.0526243942,
    "researchAndDevelopmentExpenses": 0,
    "generalAndAdministrativeExpenses": 0,
    "sellingAndMarketingExpenses": 0,
    "sellingGeneralAndAdministrativeExpenses": 1455000000,
    "otherExpenses": 0,
    "operatingExpenses": 1455000000,
    "costAndExpenses": 43095000000,
    "interestIncome": 67000000,
    "interestExpense": 294000000,
    "depreciationAndAmortization": 443000000,
    "ebitda": 3786000000,
    "ebitdaratio": 0.086137465,
    "operatingIncome": 858000000,
    "operatingIncomeRatio": 0.0195208518,
    "totalOtherIncomeExpensesNet": 2191000000,
    "incomeBeforeTax": 3049000000,
    "incomeBeforeTaxRatio": 0.0693695538,
    "incomeTaxExpense": 699000000,
    "netIncome": 2354000000,
    "netIncomeRatio": 0.0535572088,
    "eps": 16.2,
    "epsdiluted": 15.06,
    "weightedAverageShsOut": 141191136,
    "weightedAverageShsOutDil": 156274814,
    "link": "https://www.sec.gov/Archives/edgar/data/1144519/000104746911010198/0001047469-11-010198-index.htm",
    "finalLink": "https://www.sec.gov/Archives/edgar/data/1144519/000104746911010198/a2206733z10-ka.htm"
  },
  {
    "date": "2009-12-31",
    "symbol": "BG",
    "reportedCurrency": "USD",
    "cik": "0001996862",
    "fillingDate": "2010-03-01",
    "acceptedDate": "2010-03-01 17:23:13",
    "calendarYear": "2009",
    "period": "FY",
    "revenue": 41926000000,
    "costOfRevenue": 40722000000,
    "grossProfit": 1204000000,
    "grossProfitRatio": 0.0287172638,
    "researchAndDevelopmentExpenses": 0,
    "generalAndAdministrativeExpenses": 0,
    "sellingAndMarketingExpenses": 0,
    "sellingGeneralAndAdministrativeExpenses": 1342000000,
    "otherExpenses": 0,
    "operatingExpenses": 1342000000,
    "costAndExpenses": 42064000000,
    "interestIncome": 122000000,
    "interestExpense": 283000000,
    "depreciationAndAmortization": 443000000,
    "ebitda": 871000000,
    "ebitdaratio": 0.0207746983,
    "operatingIncome": -138000000,
    "operatingIncomeRatio": -0.0032915136,
    "totalOtherIncomeExpensesNet": 283000000,
    "incomeBeforeTax": 145000000,
    "incomeBeforeTaxRatio": 0.0034584745,
    "incomeTaxExpense": -110000000,
    "netIncome": 361000000,
    "netIncomeRatio": 0.0086104088,
    "eps": 2.11,
    "epsdiluted": 2.11,
    "weightedAverageShsOut": 123874575,
    "weightedAverageShsOutDil": 127669822,
    "link": "https://www.sec.gov/Archives/edgar/data/1144519/000104746910001666/0001047469-10-001666-index.htm",
    "finalLink": "https://www.sec.gov/Archives/edgar/data/1144519/000104746910001666/a2196752z10-k.htm"
  },
  {
    "date": "2008-12-31",
    "symbol": "BG",
    "reportedCurrency": "USD",
    "cik": "0001996862",
    "fillingDate": "2009-03-02",
    "acceptedDate": "2009-03-02 17:19:31",
    "calendarYear": "2008",
    "period": "FY",
    "revenue": 52574000000,
    "costOfRevenue": 48538000000,
    "grossProfit": 4036000000,
    "grossProfitRatio": 0.0767679842,
    "researchAndDevelopmentExpenses": 0,
    "generalAndAdministrativeExpenses": 0,
    "sellingAndMarketingExpenses": 0,
    "sellingGeneralAndAdministrativeExpenses": 1613000000,
    "otherExpenses": 0,
    "operatingExpenses": 1613000000,
    "costAndExpenses": 50151000000,
    "interestIncome": 214000000,
    "interestExpense": 361000000,
    "depreciationAndAmortization": 439000000,
    "ebitda": 2337000000,
    "ebitdaratio": 0.0444516301,
    "operatingIncome": 2423000000,
    "operatingIncomeRatio": 0.0460874196,
    "totalOtherIncomeExpensesNet": -886000000,
    "incomeBeforeTax": 1537000000,
    "incomeBeforeTaxRatio": 0.0292349831,
    "incomeTaxExpense": 245000000,
    "netIncome": 1064000000,
    "netIncomeRatio": 0.0202381405,
    "eps": 8.11,
    "epsdiluted": 7.73,
    "weightedAverageShsOut": 121527580,
    "weightedAverageShsOutDil": 137591266,
    "link": "https://www.sec.gov/Archives/edgar/data/1144519/000104746909002143/0001047469-09-002143-index.htm",
    "finalLink": "https://www.sec.gov/Archives/edgar/data/1144519/000104746909002143/a2190837z10-k.htm"
  },
  {
    "date": "2007-12-31",
    "symbol": "BG",
    "reportedCurrency": "USD",
    "cik": "0001996862",
    "fillingDate": "2008-03-03",
    "acceptedDate": "2008-03-03 06:59:00",
    "calendarYear": "2007",
    "period": "FY",
    "revenue": 37842000000,
    "costOfRevenue": 35327000000,
    "grossProfit": 2515000000,
    "grossProfitRatio": 0.0664605465,
    "researchAndDevelopmentExpenses": 0,
    "generalAndAdministrativeExpenses": 0,
    "sellingAndMarketingExpenses": 0,
    "sellingGeneralAndAdministrativeExpenses": 1359000000,
    "otherExpenses": 0,
    "operatingExpenses": 1359000000,
    "costAndExpenses": 36686000000,
    "interestIncome": 166000000,
    "interestExpense": 353000000,
    "depreciationAndAmortization": 385000000,
    "ebitda": 1939000000,
    "ebitdaratio": 0.0512393637,
    "operatingIncome": 1156000000,
    "operatingIncomeRatio": 0.0305480683,
    "totalOtherIncomeExpensesNet": 45000000,
    "incomeBeforeTax": 1201000000,
    "incomeBeforeTaxRatio": 0.0317372232,
    "incomeTaxExpense": 310000000,
    "netIncome": 778000000,
    "netIncomeRatio": 0.0205591671,
    "eps": 6.11,
    "epsdiluted": 5.95,
    "weightedAverageShsOut": 120718134,
    "weightedAverageShsOutDil": 130753807,
    "link": "https://www.sec.gov/Archives/edgar/data/1144519/000104746908002119/0001047469-08-002119-index.htm",
    "finalLink": "https://www.sec.gov/Archives/edgar/data/1144519/000104746908002119/a2183015z10-k.htm"
  },
  {
    "date": "2006-12-31",
    "symbol": "BG",
    "reportedCurrency": "USD",
    "cik": "0001996862",
    "fillingDate": "2007-03-01",
    "acceptedDate": "2007-03-01 16:17:19",
    "calendarYear": "2006",
    "period": "FY",
    "revenue": 26274000000,
    "costOfRevenue": 24703000000,
    "grossProfit": 1571000000,
    "grossProfitRatio": 0.0597929512,
    "researchAndDevelopmentExpenses": 0,
    "generalAndAdministrativeExpenses": 0,
    "sellingAndMarketingExpenses": 0,
    "sellingGeneralAndAdministrativeExpenses": 978000000,
    "otherExpenses": 0,
    "operatingExpenses": 978000000,
    "costAndExpenses": 25681000000,
    "interestIncome": 0,
    "interestExpense": 0,
    "depreciationAndAmortization": 324000000,
    "ebitda": 917000000,
    "ebitdaratio": 0.0349014235,
    "operatingIncome": 593000000,
    "operatingIncomeRatio": 0.0225698409,
    "totalOtherIncomeExpensesNet": -71000000,
    "incomeBeforeTax": 522000000,
    "incomeBeforeTaxRatio": 0.0198675497,
    "incomeTaxExpense": -36000000,
    "netIncome": 521000000,
    "netIncomeRatio": 0.0198294892,
    "eps": 4.32,
    "epsdiluted": 4.28,
    "weightedAverageShsOut": 120601852,
    "weightedAverageShsOutDil": 121728972,
    "link": "https://www.sec.gov/Archives/edgar/data/1144519/000110465907015539/0001104659-07-015539-index.htm",
    "finalLink": "https://www.sec.gov/Archives/edgar/data/1144519/000110465907015539/a07-5412_110k.htm"
  },
  {
    "date": "2005-12-31",
    "symbol": "BG",
    "reportedCurrency": "USD",
    "cik": "0001996862",
    "fillingDate": "2006-03-15",
    "acceptedDate": "2006-03-15 17:25:32",
    "calendarYear": "2005",
    "period": "FY",
    "revenue": 24377000000,
    "costOfRevenue": 22806000000,
    "grossProfit": 1571000000,
    "grossProfitRatio": 0.0644459942,
    "researchAndDevelopmentExpenses": 0,
    "generalAndAdministrativeExpenses": 0,
    "sellingAndMarketingExpenses": 0,
    "sellingGeneralAndAdministrativeExpenses": 956000000,
    "otherExpenses": 0,
    "operatingExpenses": 956000000,
    "costAndExpenses": 23762000000,
    "interestIncome": 0,
    "interestExpense": 0,
    "depreciationAndAmortization": 278000000,
    "ebitda": 893000000,
    "ebitdaratio": 0.0366328917,
    "operatingIncome": 615000000,
    "operatingIncomeRatio": 0.0252286992,
    "totalOtherIncomeExpensesNet": -127000000,
    "incomeBeforeTax": 488000000,
    "incomeBeforeTaxRatio": 0.0200188702,
    "incomeTaxExpense": -82000000,
    "netIncome": 530000000,
    "netIncomeRatio": 0.0217418058,
    "eps": 4.73,
    "epsdiluted": 4.43,
    "weightedAverageShsOut": 112050740,
    "weightedAverageShsOutDil": 119638826,
    "link": "https://www.sec.gov/Archives/edgar/data/1144519/000110465906016958/0001104659-06-016958-index.htm",
    "finalLink": "https://www.sec.gov/Archives/edgar/data/1144519/000110465906016958/a06-6603_110k.htm"
  },
  {
    "date": "2004-12-31",
    "symbol": "BG",
    "reportedCurrency": "USD",
    "cik": "0001996862",
    "fillingDate": "2005-03-16",
    "acceptedDate": "2005-03-16 15:41:25",
    "calendarYear": "2004",
    "period": "FY",
    "revenue": 25168000000,
    "costOfRevenue": 23282000000,
    "grossProfit": 1886000000,
    "grossProfitRatio": 0.0749364272,
    "researchAndDevelopmentExpenses": 0,
    "generalAndAdministrativeExpenses": 0,
    "sellingAndMarketingExpenses": 0,
    "sellingGeneralAndAdministrativeExpenses": 871000000,
    "otherExpenses": 111000000,
    "operatingExpenses": 982000000,
    "costAndExpenses": 24264000000,
    "interestIncome": 0,
    "interestExpense": 0,
    "depreciationAndAmortization": 212000000,
    "ebitda": 1116000000,
    "ebitdaratio": 0.0443420216,
    "operatingIncome": 904000000,
    "operatingIncomeRatio": 0.0359186268,
    "totalOtherIncomeExpensesNet": 0,
    "incomeBeforeTax": 904000000,
    "incomeBeforeTaxRatio": 0.0359186268,
    "incomeTaxExpense": 289000000,
    "netIncome": 469000000,
    "netIncomeRatio": 0.0186347743,
    "eps": 4.42,
    "epsdiluted": 4.1,
    "weightedAverageShsOut": 106108597,
    "weightedAverageShsOutDil": 114390244,
    "link": "https://www.sec.gov/Archives/edgar/data/1144519/000104746905006732/0001047469-05-006732-index.htm",
    "finalLink": "https://www.sec.gov/Archives/edgar/data/1144519/000104746905006732/a2153218z10-k.htm"
  },
  {
    "date": "2003-12-31",
    "symbol": "BG",
    "reportedCurrency": "USD",
    "cik": "0001996862",
    "fillingDate": "2004-03-15",
    "acceptedDate": "2004-03-15 17:30:49",
    "calendarYear": "2003",
    "period": "FY",
    "revenue": 22165000000,
    "costOfRevenue": 20860000000,
    "grossProfit": 1305000000,
    "grossProfitRatio": 0.0588766073,
    "researchAndDevelopmentExpenses": 0,
    "generalAndAdministrativeExpenses": 0,
    "sellingAndMarketingExpenses": 0,
    "sellingGeneralAndAdministrativeExpenses": 691000000,
    "otherExpenses": -109000000,
    "operatingExpenses": 582000000,
    "costAndExpenses": 21442000000,
    "interestIncome": 0,
    "interestExpense": 0,
    "depreciationAndAmortization": 184000000,
    "ebitda": 907000000,
    "ebitdaratio": 0.04092037,
    "operatingIncome": 723000000,
    "operatingIncomeRatio": 0.0326189939,
    "totalOtherIncomeExpensesNet": 0,
    "incomeBeforeTax": 723000000,
    "incomeBeforeTaxRatio": 0.0326189939,
    "incomeTaxExpense": 201000000,
    "netIncome": 411000000,
    "netIncomeRatio": 0.0185427476,
    "eps": 4.12,
    "epsdiluted": 3.83,
    "weightedAverageShsOut": 99757282,
    "weightedAverageShsOutDil": 107310705,
    "link": "https://www.sec.gov/Archives/edgar/data/1144519/000104746904008058/0001047469-04-008058-index.htm",
    "finalLink": "https://www.sec.gov/Archives/edgar/data/1144519/000104746904008058/a2130582z20-f.htm"
  },
  {
    "date": "2002-12-31",
    "symbol": "BG",
    "reportedCurrency": "USD",
    "cik": "0001996862",
    "fillingDate": "2003-03-31",
    "acceptedDate": "2003-03-31 17:23:30",
    "calendarYear": "2002",
    "period": "FY",
    "revenue": 13882000000,
    "costOfRevenue": 12544000000,
    "grossProfit": 1338000000,
    "grossProfitRatio": 0.0963838064,
    "researchAndDevelopmentExpenses": 0,
    "generalAndAdministrativeExpenses": 0,
    "sellingAndMarketingExpenses": 0,
    "sellingGeneralAndAdministrativeExpenses": 579000000,
    "otherExpenses": 278000000,
    "operatingExpenses": 857000000,
    "costAndExpenses": 13401000000,
    "interestIncome": 0,
    "interestExpense": 0,
    "depreciationAndAmortization": 168000000,
    "ebitda": 649000000,
    "ebitdaratio": 0.0467511886,
    "operatingIncome": 481000000,
    "operatingIncomeRatio": 0.034649186,
    "totalOtherIncomeExpensesNet": 0,
    "incomeBeforeTax": 481000000,
    "incomeBeforeTaxRatio": 0.034649186,
    "incomeTaxExpense": 104000000,
    "netIncome": 255000000,
    "netIncomeRatio": 0.0183691111,
    "eps": 2.66,
    "epsdiluted": 2.63,
    "weightedAverageShsOut": 95864662,
    "weightedAverageShsOutDil": 96958175,
    "link": "https://www.sec.gov/Archives/edgar/data/1144519/000104746903011358/0001047469-03-011358-index.htm",
    "finalLink": "https://www.sec.gov/Archives/edgar/data/1144519/000104746903011358/a2106536z20-f.htm"
  },
  {
    "date": "2001-12-31",
    "symbol": "BG",
    "reportedCurrency": "USD",
    "cik": "0001996862",
    "fillingDate": "2002-03-28",
    "acceptedDate": "2002-03-28 00:00:00",
    "calendarYear": "2001",
    "period": "FY",
    "revenue": 11302000000,
    "costOfRevenue": 10331000000,
    "grossProfit": 971000000,
    "grossProfitRatio": 0.0859139975,
    "researchAndDevelopmentExpenses": 0,
    "generalAndAdministrativeExpenses": 0,
    "sellingAndMarketingExpenses": 0,
    "sellingGeneralAndAdministrativeExpenses": 423000000,
    "otherExpenses": 284000000,
    "operatingExpenses": 707000000,
    "costAndExpenses": 11038000000,
    "interestIncome": 0,
    "interestExpense": 0,
    "depreciationAndAmortization": 163000000,
    "ebitda": 427000000,
    "ebitdaratio": 0.0377809237,
    "operatingIncome": 264000000,
    "operatingIncomeRatio": 0.0233586976,
    "totalOtherIncomeExpensesNet": -72000000,
    "incomeBeforeTax": 192000000,
    "incomeBeforeTaxRatio": 0.0169881437,
    "incomeTaxExpense": 68000000,
    "netIncome": 134000000,
    "netIncomeRatio": 0.0118563086,
    "eps": 1.87,
    "epsdiluted": 1.86,
    "weightedAverageShsOut": 71657754,
    "weightedAverageShsOutDil": 72043011,
    "link": "https://www.sec.gov/Archives/edgar/data/1144519/000091205702012302/0000912057-02-012302-index.htm",
    "finalLink": "https://www.sec.gov/Archives/edgar/data/1144519/000091205702012302/a2073364z20-f.htm"
  },
  {
    "date": "2000-12-31",
    "symbol": "BG",
    "reportedCurrency": "USD",
    "cik": "0001996862",
    "fillingDate": "2000-12-31",
    "acceptedDate": "2000-12-30 19:00:00",
    "calendarYear": "2000",
    "period": "FY",
    "revenue": 9667000000,
    "costOfRevenue": 8935000000,
    "grossProfit": 732000000,
    "grossProfitRatio": 0.0757215268,
    "researchAndDevelopmentExpenses": 0,
    "generalAndAdministrativeExpenses": 0,
    "sellingAndMarketingExpenses": 0,
    "sellingGeneralAndAdministrativeExpenses": 387000000,
    "otherExpenses": 300000000,
    "operatingExpenses": 687000000,
    "costAndExpenses": 9622000000,
    "interestIncome": 0,
    "interestExpense": 0,
    "depreciationAndAmortization": 149000000,
    "ebitda": 194000000,
    "ebitdaratio": 0.0200682735,
    "operatingIncome": 45000000,
    "operatingIncomeRatio": 0.0046550119,
    "totalOtherIncomeExpensesNet": 26000000,
    "incomeBeforeTax": 71000000,
    "incomeBeforeTaxRatio": 0.0073445743,
    "incomeTaxExpense": 12000000,
    "netIncome": 12000000,
    "netIncomeRatio": 0.0012413365,
    "eps": 0.19,
    "epsdiluted": 0.19,
    "weightedAverageShsOut": 64380000,
    "weightedAverageShsOutDil": 64380000,
    "link": "",
    "finalLink": ""
  },
  {
    "date": "1999-12-31",
    "symbol": "BG",
    "reportedCurrency": "USD",
    "cik": "0001996862",
    "fillingDate": "1999-12-31",
    "acceptedDate": "1999-12-30 19:00:00",
    "calendarYear": "1999",
    "period": "FY",
    "revenue": 7950000000,
    "costOfRevenue": 7332000000,
    "grossProfit": 618000000,
    "grossProfitRatio": 0.0777358491,
    "researchAndDevelopmentExpenses": 0,
    "generalAndAdministrativeExpenses": 0,
    "sellingAndMarketingExpenses": 0,
    "sellingGeneralAndAdministrativeExpenses": 321000000,
    "otherExpenses": 0,
    "operatingExpenses": 321000000,
    "costAndExpenses": 7653000000,
    "interestIncome": 0,
    "interestExpense": 0,
    "depreciationAndAmortization": 0,
    "ebitda": 297000000,
    "ebitdaratio": 0.0373584906,
    "operatingIncome": 297000000,
    "operatingIncomeRatio": 0.0373584906,
    "totalOtherIncomeExpensesNet": -318000000,
    "incomeBeforeTax": -21000000,
    "incomeBeforeTaxRatio": -0.0026415094,
    "incomeTaxExpense": -27000000,
    "netIncome": -5000000,
    "netIncomeRatio": -0.0006289308,
    "eps": -0.08,
    "epsdiluted": -0.08,
    "weightedAverageShsOut": 62500000,
    "weightedAverageShsOutDil": 62500000,
    "link": "",
    "finalLink": ""
  }
]