[
  {
    "date": "2025-06-30",
    "symbol": "BIIB",
    "reportedCurrency": "USD",
    "cik": "0000875045",
    "fillingDate": "2025-07-31",
    "acceptedDate": "2025-07-31 06:05:42",
    "calendarYear": "2025",
    "period": "Q2",
    "revenue": 2645500000,
    "costOfRevenue": 605000000,
    "grossProfit": 2040500000,
    "grossProfitRatio": 0.7713097713,
    "researchAndDevelopmentExpenses": 399000000,
    "generalAndAdministrativeExpenses": 0,
    "sellingAndMarketingExpenses": 0,
    "sellingGeneralAndAdministrativeExpenses": 583800000,
    "otherExpenses": 205900000,
    "operatingExpenses": 1188700000,
    "costAndExpenses": 1793700000,
    "interestIncome": 32300000,
    "interestExpense": 72600000,
    "depreciationAndAmortization": 194300000,
    "ebitda": 1010900000,
    "ebitdaratio": 0.3821205821,
    "operatingIncome": 851800000,
    "operatingIncomeRatio": 0.321980722,
    "totalOtherIncomeExpensesNet": -107800000,
    "incomeBeforeTax": 744000000,
    "incomeBeforeTaxRatio": 0.2812322812,
    "incomeTaxExpense": 109200000,
    "netIncome": 634800000,
    "netIncomeRatio": 0.23995464,
    "eps": 4.35,
    "epsdiluted": 4.35,
    "weightedAverageShsOut": 145900000,
    "weightedAverageShsOutDil": 145900000,
    "link": "https://www.sec.gov/Archives/edgar/data/875045/000087504525000033/0000875045-25-000033-index.htm",
    "finalLink": "https://www.sec.gov/Archives/edgar/data/875045/000087504525000033/biib-20250630.htm"
  },
  {
    "date": "2025-03-31",
    "symbol": "BIIB",
    "reportedCurrency": "USD",
    "cik": "0000875045",
    "fillingDate": "2025-05-01",
    "acceptedDate": "2025-05-01 16:48:23",
    "calendarYear": "2025",
    "period": "Q1",
    "revenue": 2431000000,
    "costOfRevenue": 629300000,
    "grossProfit": 1801700000,
    "grossProfitRatio": 0.7411353353,
    "researchAndDevelopmentExpenses": 434100000,
    "generalAndAdministrativeExpenses": 0,
    "sellingAndMarketingExpenses": 0,
    "sellingGeneralAndAdministrativeExpenses": 572500000,
    "otherExpenses": 169900000,
    "operatingExpenses": 1176500000,
    "costAndExpenses": 1805800000,
    "interestIncome": 23900000,
    "interestExpense": 60000000,
    "depreciationAndAmortization": 183200000,
    "ebitda": 554400000,
    "ebitdaratio": 0.2280542986,
    "operatingIncome": 625200000,
    "operatingIncomeRatio": 0.257178116,
    "totalOtherIncomeExpensesNet": -314000000,
    "incomeBeforeTax": 311200000,
    "incomeBeforeTaxRatio": 0.1280131633,
    "incomeTaxExpense": 70700000,
    "netIncome": 240500000,
    "netIncomeRatio": 0.0989304813,
    "eps": 1.65,
    "epsdiluted": 1.65,
    "weightedAverageShsOut": 145900000,
    "weightedAverageShsOutDil": 145900000,
    "link": "https://www.sec.gov/Archives/edgar/data/875045/000087504525000018/0000875045-25-000018-index.htm",
    "finalLink": "https://www.sec.gov/Archives/edgar/data/875045/000087504525000018/biib-20250331.htm"
  },
  {
    "date": "2024-12-31",
    "symbol": "BIIB",
    "reportedCurrency": "USD",
    "cik": "0000875045",
    "fillingDate": "2025-02-12",
    "acceptedDate": "2025-02-12 07:06:19",
    "calendarYear": "2024",
    "period": "Q4",
    "revenue": 2454700000,
    "costOfRevenue": 583500000,
    "grossProfit": 1871200000,
    "grossProfitRatio": 0.7622927445,
    "researchAndDevelopmentExpenses": 532300000,
    "generalAndAdministrativeExpenses": 0,
    "sellingAndMarketingExpenses": 0,
    "sellingGeneralAndAdministrativeExpenses": 680000000,
    "otherExpenses": 208300000,
    "operatingExpenses": 1420600000,
    "costAndExpenses": 2004100000,
    "interestIncome": 18500000,
    "interestExpense": 60000000,
    "depreciationAndAmortization": 184000000,
    "ebitda": 535500000,
    "ebitdaratio": 0.2181529311,
    "operatingIncome": 450600000,
    "operatingIncomeRatio": 0.1835662199,
    "totalOtherIncomeExpensesNet": -159100000,
    "incomeBeforeTax": 291500000,
    "incomeBeforeTaxRatio": 0.1187517823,
    "incomeTaxExpense": 24800000,
    "netIncome": 266700000,
    "netIncomeRatio": 0.1086487147,
    "eps": 1.83,
    "epsdiluted": 1.83,
    "weightedAverageShsOut": 145700000,
    "weightedAverageShsOutDil": 146100000,
    "link": "https://www.sec.gov/Archives/edgar/data/875045/000087504525000009/0000875045-25-000009-index.htm",
    "finalLink": "https://www.sec.gov/Archives/edgar/data/875045/000087504525000009/biib-20241231.htm"
  },
  {
    "date": "2024-09-30",
    "symbol": "BIIB",
    "reportedCurrency": "USD",
    "cik": "0000875045",
    "fillingDate": "2024-10-30",
    "acceptedDate": "2024-10-30 16:31:22",
    "calendarYear": "2024",
    "period": "Q3",
    "revenue": 2465800000,
    "costOfRevenue": 638700000,
    "grossProfit": 1827100000,
    "grossProfitRatio": 0.7409765593,
    "researchAndDevelopmentExpenses": 542700000,
    "generalAndAdministrativeExpenses": 0,
    "sellingAndMarketingExpenses": 0,
    "sellingGeneralAndAdministrativeExpenses": 588400000,
    "otherExpenses": 199600000,
    "operatingExpenses": 1330700000,
    "costAndExpenses": 1969400000,
    "interestIncome": 11600000,
    "interestExpense": 59800000,
    "depreciationAndAmortization": 182800000,
    "ebitda": 693600000,
    "ebitdaratio": 0.2812880201,
    "operatingIncome": 496400000,
    "operatingIncomeRatio": 0.2013139752,
    "totalOtherIncomeExpensesNet": -45400000,
    "incomeBeforeTax": 451000000,
    "incomeBeforeTaxRatio": 0.1829021007,
    "incomeTaxExpense": 62500000,
    "netIncome": 388500000,
    "netIncomeRatio": 0.1575553573,
    "eps": 2.67,
    "epsdiluted": 2.66,
    "weightedAverageShsOut": 145700000,
    "weightedAverageShsOutDil": 145900000,
    "link": "https://www.sec.gov/Archives/edgar/data/875045/000087504524000032/0000875045-24-000032-index.htm",
    "finalLink": "https://www.sec.gov/Archives/edgar/data/875045/000087504524000032/biib-20240930.htm"
  },
  {
    "date": "2024-06-30",
    "symbol": "BIIB",
    "reportedCurrency": "USD",
    "cik": "0000875045",
    "fillingDate": "2024-08-01",
    "acceptedDate": "2024-08-01 16:11:25",
    "calendarYear": "2024",
    "period": "Q2",
    "revenue": 2464900000,
    "costOfRevenue": 546000000,
    "grossProfit": 1918900000,
    "grossProfitRatio": 0.7784899996,
    "researchAndDevelopmentExpenses": 513900000,
    "generalAndAdministrativeExpenses": 0,
    "sellingAndMarketingExpenses": 0,
    "sellingGeneralAndAdministrativeExpenses": 553800000,
    "otherExpenses": 149300000,
    "operatingExpenses": 1217000000,
    "costAndExpenses": 1763000000,
    "interestIncome": 20100000,
    "interestExpense": 61300000,
    "depreciationAndAmortization": 158900000,
    "ebitda": 918900000,
    "ebitdaratio": 0.3727940282,
    "operatingIncome": 701900000,
    "operatingIncomeRatio": 0.2847580024,
    "totalOtherIncomeExpensesNet": -3200000,
    "incomeBeforeTax": 698700000,
    "incomeBeforeTaxRatio": 0.2834597752,
    "incomeTaxExpense": 115100000,
    "netIncome": 583600000,
    "netIncomeRatio": 0.2367641689,
    "eps": 4.01,
    "epsdiluted": 4,
    "weightedAverageShsOut": 145600000,
    "weightedAverageShsOutDil": 145900000,
    "link": "https://www.sec.gov/Archives/edgar/data/875045/000087504524000025/0000875045-24-000025-index.htm",
    "finalLink": "https://www.sec.gov/Archives/edgar/data/875045/000087504524000025/biib-20240630.htm"
  },
  {
    "date": "2024-03-31",
    "symbol": "BIIB",
    "reportedCurrency": "USD",
    "cik": "0000875045",
    "fillingDate": "2024-04-24",
    "acceptedDate": "2024-04-24 16:15:22",
    "calendarYear": "2024",
    "period": "Q1",
    "revenue": 2290500000,
    "costOfRevenue": 542200000,
    "grossProfit": 1748300000,
    "grossProfitRatio": 0.763283126,
    "researchAndDevelopmentExpenses": 445400000,
    "generalAndAdministrativeExpenses": 0,
    "sellingAndMarketingExpenses": 0,
    "sellingGeneralAndAdministrativeExpenses": 581500000,
    "otherExpenses": 143900000,
    "operatingExpenses": 1170800000,
    "costAndExpenses": 1713000000,
    "interestIncome": 17400000,
    "interestExpense": 69200000,
    "depreciationAndAmortization": 147500000,
    "ebitda": 681500000,
    "ebitdaratio": 0.2975332897,
    "operatingIncome": 577500000,
    "operatingIncomeRatio": 0.2521283563,
    "totalOtherIncomeExpensesNet": -112700000,
    "incomeBeforeTax": 464800000,
    "incomeBeforeTaxRatio": 0.2029251255,
    "incomeTaxExpense": 71400000,
    "netIncome": 393400000,
    "netIncomeRatio": 0.1717528924,
    "eps": 2.71,
    "epsdiluted": 2.7,
    "weightedAverageShsOut": 145200000,
    "weightedAverageShsOutDil": 145900000,
    "link": "https://www.sec.gov/Archives/edgar/data/875045/000087504524000016/0000875045-24-000016-index.htm",
    "finalLink": "https://www.sec.gov/Archives/edgar/data/875045/000087504524000016/biib-20240331.htm"
  },
  {
    "date": "2023-12-31",
    "symbol": "BIIB",
    "reportedCurrency": "USD",
    "cik": "0000875045",
    "fillingDate": "2024-02-13",
    "acceptedDate": "2024-02-13 07:07:23",
    "calendarYear": "2023",
    "period": "Q4",
    "revenue": 2386300000,
    "costOfRevenue": 618300000,
    "grossProfit": 1768000000,
    "grossProfitRatio": 0.7408959477,
    "researchAndDevelopmentExpenses": 647500000,
    "generalAndAdministrativeExpenses": 537100000,
    "sellingAndMarketingExpenses": 71400000,
    "sellingGeneralAndAdministrativeExpenses": 608500000,
    "otherExpenses": 130900000,
    "operatingExpenses": 1255600000,
    "costAndExpenses": 1928600000,
    "interestIncome": 23800000,
    "interestExpense": 71500000,
    "depreciationAndAmortization": 140100000,
    "ebitda": 601200000,
    "ebitdaratio": 0.2519381469,
    "operatingIncome": 425200000,
    "operatingIncomeRatio": 0.1781837992,
    "totalOtherIncomeExpensesNet": -133600000,
    "incomeBeforeTax": 291600000,
    "incomeBeforeTaxRatio": 0.1221975443,
    "incomeTaxExpense": 42700000,
    "netIncome": 249700000,
    "netIncomeRatio": 0.1046389808,
    "eps": 1.72,
    "epsdiluted": 1.71,
    "weightedAverageShsOut": 144900000,
    "weightedAverageShsOutDil": 145700000,
    "link": "https://www.sec.gov/Archives/edgar/data/875045/000087504524000009/0000875045-24-000009-index.htm",
    "finalLink": "https://www.sec.gov/Archives/edgar/data/875045/000087504524000009/biib-20231231.htm"
  },
  {
    "date": "2023-09-30",
    "symbol": "BIIB",
    "reportedCurrency": "USD",
    "cik": "0000875045",
    "fillingDate": "2023-11-08",
    "acceptedDate": "2023-11-08 16:35:26",
    "calendarYear": "2023",
    "period": "Q3",
    "revenue": 2530300000,
    "costOfRevenue": 659600000,
    "grossProfit": 1870700000,
    "grossProfitRatio": 0.7393194483,
    "researchAndDevelopmentExpenses": 736300000,
    "generalAndAdministrativeExpenses": 0,
    "sellingAndMarketingExpenses": 0,
    "sellingGeneralAndAdministrativeExpenses": 788200000,
    "otherExpenses": -300000000,
    "operatingExpenses": 1549900000,
    "costAndExpenses": 2295500000,
    "interestIncome": 95900000,
    "interestExpense": 63800000,
    "depreciationAndAmortization": 125000000,
    "ebitda": 47600000,
    "ebitdaratio": 0.0188119986,
    "operatingIncome": 0,
    "operatingIncomeRatio": 0,
    "totalOtherIncomeExpensesNet": -141200000,
    "incomeBeforeTax": -141200000,
    "incomeBeforeTaxRatio": -0.0558036596,
    "incomeTaxExpense": -72900000,
    "netIncome": -68100000,
    "netIncomeRatio": -0.0269138047,
    "eps": -0.47,
    "epsdiluted": -0.47,
    "weightedAverageShsOut": 144800000,
    "weightedAverageShsOutDil": 144800000,
    "link": "https://www.sec.gov/Archives/edgar/data/875045/000087504523000038/0000875045-23-000038-index.htm",
    "finalLink": "https://www.sec.gov/Archives/edgar/data/875045/000087504523000038/biib-20230930.htm"
  },
  {
    "date": "2023-06-30",
    "symbol": "BIIB",
    "reportedCurrency": "USD",
    "cik": "0000875045",
    "fillingDate": "2023-07-25",
    "acceptedDate": "2023-07-25 16:20:33",
    "calendarYear": "2023",
    "period": "Q2",
    "revenue": 2456000000,
    "costOfRevenue": 592700000,
    "grossProfit": 1863300000,
    "grossProfitRatio": 0.7586726384,
    "researchAndDevelopmentExpenses": 584200000,
    "generalAndAdministrativeExpenses": 548000000,
    "sellingAndMarketingExpenses": 0,
    "sellingGeneralAndAdministrativeExpenses": 548000000,
    "otherExpenses": 109800000,
    "operatingExpenses": 1242000000,
    "costAndExpenses": 1834700000,
    "interestIncome": 75900000,
    "interestExpense": 49100000,
    "depreciationAndAmortization": 117400000,
    "ebitda": 750700000,
    "ebitdaratio": 0.3056596091,
    "operatingIncome": 621300000,
    "operatingIncomeRatio": 0.2529723127,
    "totalOtherIncomeExpensesNet": 86800000,
    "incomeBeforeTax": 708100000,
    "incomeBeforeTaxRatio": 0.2883143322,
    "incomeTaxExpense": 114800000,
    "netIncome": 591600000,
    "netIncomeRatio": 0.2408794788,
    "eps": 4.09,
    "epsdiluted": 4.07,
    "weightedAverageShsOut": 144700000,
    "weightedAverageShsOutDil": 145500000,
    "link": "https://www.sec.gov/Archives/edgar/data/875045/000087504523000030/0000875045-23-000030-index.htm",
    "finalLink": "https://www.sec.gov/Archives/edgar/data/875045/000087504523000030/biib-20230630.htm"
  },
  {
    "date": "2023-03-31",
    "symbol": "BIIB",
    "reportedCurrency": "USD",
    "cik": "0000875045",
    "fillingDate": "2023-04-25",
    "acceptedDate": "2023-04-25 16:21:24",
    "calendarYear": "2023",
    "period": "Q1",
    "revenue": 2463000000,
    "costOfRevenue": 662800000,
    "grossProfit": 1800200000,
    "grossProfitRatio": 0.7308972797,
    "researchAndDevelopmentExpenses": 570600000,
    "generalAndAdministrativeExpenses": 0,
    "sellingAndMarketingExpenses": 0,
    "sellingGeneralAndAdministrativeExpenses": 605000000,
    "otherExpenses": 107300000,
    "operatingExpenses": 1282900000,
    "costAndExpenses": 1945700000,
    "interestIncome": 80900000,
    "interestExpense": 62500000,
    "depreciationAndAmortization": 112300000,
    "ebitda": 613100000,
    "ebitdaratio": 0.2489240763,
    "operatingIncome": 517300000,
    "operatingIncomeRatio": 0.2100284206,
    "totalOtherIncomeExpensesNet": -79000000,
    "incomeBeforeTax": 438300000,
    "incomeBeforeTaxRatio": 0.177953715,
    "incomeTaxExpense": 50700000,
    "netIncome": 387900000,
    "netIncomeRatio": 0.1574908648,
    "eps": 2.69,
    "epsdiluted": 2.67,
    "weightedAverageShsOut": 144400000,
    "weightedAverageShsOutDil": 145200000,
    "link": "https://www.sec.gov/Archives/edgar/data/875045/000087504523000016/0000875045-23-000016-index.htm",
    "finalLink": "https://www.sec.gov/Archives/edgar/data/875045/000087504523000016/biib-20230331.htm"
  },
  {
    "date": "2022-12-31",
    "symbol": "BIIB",
    "reportedCurrency": "USD",
    "cik": "0000875045",
    "fillingDate": "2023-02-15",
    "acceptedDate": "2023-02-15 16:24:20",
    "calendarYear": "2022",
    "period": "Q4",
    "revenue": 2544000000,
    "costOfRevenue": 570900000,
    "grossProfit": 1973100000,
    "grossProfitRatio": 0.7755896226,
    "researchAndDevelopmentExpenses": 601600000,
    "generalAndAdministrativeExpenses": 578700000,
    "sellingAndMarketingExpenses": 54100000,
    "sellingGeneralAndAdministrativeExpenses": 632800000,
    "otherExpenses": 210200000,
    "operatingExpenses": 1444600000,
    "costAndExpenses": 2015500000,
    "interestIncome": 49900000,
    "interestExpense": 54800000,
    "depreciationAndAmortization": 119800000,
    "ebitda": 764900000,
    "ebitdaratio": 0.300668239,
    "operatingIncome": 528500000,
    "operatingIncomeRatio": 0.2077437107,
    "totalOtherIncomeExpensesNet": 75300000,
    "incomeBeforeTax": 603800000,
    "incomeBeforeTaxRatio": 0.2373427673,
    "incomeTaxExpense": 54300000,
    "netIncome": 550400000,
    "netIncomeRatio": 0.2163522013,
    "eps": 3.82,
    "epsdiluted": 3.79,
    "weightedAverageShsOut": 144100000,
    "weightedAverageShsOutDil": 145200000,
    "link": "https://www.sec.gov/Archives/edgar/data/875045/000087504523000009/0000875045-23-000009-index.htm",
    "finalLink": "https://www.sec.gov/Archives/edgar/data/875045/000087504523000009/biib-20221231.htm"
  },
  {
    "date": "2022-09-30",
    "symbol": "BIIB",
    "reportedCurrency": "USD",
    "cik": "0000875045",
    "fillingDate": "2022-10-25",
    "acceptedDate": "2022-10-25 16:11:18",
    "calendarYear": "2022",
    "period": "Q3",
    "revenue": 2508500000,
    "costOfRevenue": 469500000,
    "grossProfit": 2039000000,
    "grossProfitRatio": 0.8128363564,
    "researchAndDevelopmentExpenses": 549200000,
    "generalAndAdministrativeExpenses": 0,
    "sellingAndMarketingExpenses": 0,
    "sellingGeneralAndAdministrativeExpenses": 563300000,
    "otherExpenses": 101800000,
    "operatingExpenses": 1214300000,
    "costAndExpenses": 1683800000,
    "interestIncome": 23900000,
    "interestExpense": 59900000,
    "depreciationAndAmortization": 120700000,
    "ebitda": 945400000,
    "ebitdaratio": 0.3768786127,
    "operatingIncome": 824700000,
    "operatingIncomeRatio": 0.3287622085,
    "totalOtherIncomeExpensesNet": 546400000,
    "incomeBeforeTax": 1371100000,
    "incomeBeforeTaxRatio": 0.5465816225,
    "incomeTaxExpense": 236200000,
    "netIncome": 1134700000,
    "netIncomeRatio": 0.4523420371,
    "eps": 7.86,
    "epsdiluted": 7.84,
    "weightedAverageShsOut": 144400000,
    "weightedAverageShsOutDil": 144800000,
    "link": "https://www.sec.gov/Archives/edgar/data/875045/000087504522000031/0000875045-22-000031-index.htm",
    "finalLink": "https://www.sec.gov/Archives/edgar/data/875045/000087504522000031/biib-20220930.htm"
  },
  {
    "date": "2022-06-30",
    "symbol": "BIIB",
    "reportedCurrency": "USD",
    "cik": "0000875045",
    "fillingDate": "2022-07-20",
    "acceptedDate": "2022-07-20 16:24:42",
    "calendarYear": "2022",
    "period": "Q2",
    "revenue": 2589100000,
    "costOfRevenue": 484000000,
    "grossProfit": 2105100000,
    "grossProfitRatio": 0.8130624541,
    "researchAndDevelopmentExpenses": 528600000,
    "generalAndAdministrativeExpenses": 572600000,
    "sellingAndMarketingExpenses": 0,
    "sellingGeneralAndAdministrativeExpenses": 572600000,
    "otherExpenses": 96900000,
    "operatingExpenses": 1198100000,
    "costAndExpenses": 1652700000,
    "interestIncome": 12600000,
    "interestExpense": 65800000,
    "depreciationAndAmortization": 134700000,
    "ebitda": 1003900000,
    "ebitdaratio": 0.3877409138,
    "operatingIncome": 907000000,
    "operatingIncomeRatio": 0.3503147812,
    "totalOtherIncomeExpensesNet": 362500000,
    "incomeBeforeTax": 1269500000,
    "incomeBeforeTaxRatio": 0.4903248233,
    "incomeTaxExpense": 216700000,
    "netIncome": 1058000000,
    "netIncomeRatio": 0.4086362056,
    "eps": 7.25,
    "epsdiluted": 7.24,
    "weightedAverageShsOut": 145900000,
    "weightedAverageShsOutDil": 146200000,
    "link": "https://www.sec.gov/Archives/edgar/data/875045/000087504522000025/0000875045-22-000025-index.htm",
    "finalLink": "https://www.sec.gov/Archives/edgar/data/875045/000087504522000025/biib-20220630.htm"
  },
  {
    "date": "2022-03-31",
    "symbol": "BIIB",
    "reportedCurrency": "USD",
    "cik": "0000875045",
    "fillingDate": "2022-05-03",
    "acceptedDate": "2022-05-03 16:16:45",
    "calendarYear": "2022",
    "period": "Q1",
    "revenue": 2531800000,
    "costOfRevenue": 753900000,
    "grossProfit": 1777900000,
    "grossProfitRatio": 0.7022276641,
    "researchAndDevelopmentExpenses": 551700000,
    "generalAndAdministrativeExpenses": 0,
    "sellingAndMarketingExpenses": 0,
    "sellingGeneralAndAdministrativeExpenses": 634900000,
    "otherExpenses": -50400000,
    "operatingExpenses": 1136200000,
    "costAndExpenses": 1940500000,
    "interestIncome": 2900000,
    "interestExpense": 66100000,
    "depreciationAndAmortization": 143200000,
    "ebitda": 556700000,
    "ebitdaratio": 0.2198830871,
    "operatingIncome": 610700000,
    "operatingIncomeRatio": 0.2412117861,
    "totalOtherIncomeExpensesNet": -263300000,
    "incomeBeforeTax": 347400000,
    "incomeBeforeTaxRatio": 0.1372146299,
    "incomeTaxExpense": 125600000,
    "netIncome": 303800000,
    "netIncomeRatio": 0.1199936804,
    "eps": 2.06,
    "epsdiluted": 2.06,
    "weightedAverageShsOut": 147100000,
    "weightedAverageShsOutDil": 147600000,
    "link": "https://www.sec.gov/Archives/edgar/data/875045/000087504522000016/0000875045-22-000016-index.htm",
    "finalLink": "https://www.sec.gov/Archives/edgar/data/875045/000087504522000016/biib-20220331.htm"
  },
  {
    "date": "2021-12-31",
    "symbol": "BIIB",
    "reportedCurrency": "USD",
    "cik": "0000875045",
    "fillingDate": "2022-02-03",
    "acceptedDate": "2022-02-03 17:24:29",
    "calendarYear": "2021",
    "period": "Q4",
    "revenue": 2733800000,
    "costOfRevenue": 660100000,
    "grossProfit": 2073700000,
    "grossProfitRatio": 0.7585412247,
    "researchAndDevelopmentExpenses": 699500000,
    "generalAndAdministrativeExpenses": 689200000,
    "sellingAndMarketingExpenses": 98700000,
    "sellingGeneralAndAdministrativeExpenses": 787900000,
    "otherExpenses": -800000,
    "operatingExpenses": 1488200000,
    "costAndExpenses": 2148300000,
    "interestIncome": 2800000,
    "interestExpense": 66300000,
    "depreciationAndAmortization": 127100000,
    "ebitda": 713100000,
    "ebitdaratio": 0.2608457093,
    "operatingIncome": 587100000,
    "operatingIncomeRatio": 0.2147560173,
    "totalOtherIncomeExpensesNet": -182100000,
    "incomeBeforeTax": 405000000,
    "incomeBeforeTaxRatio": 0.1481454386,
    "incomeTaxExpense": 443200000,
    "netIncome": 368200000,
    "netIncomeRatio": 0.1346843222,
    "eps": 2.51,
    "epsdiluted": 2.5,
    "weightedAverageShsOut": 146900000,
    "weightedAverageShsOutDil": 147500000,
    "link": "https://www.sec.gov/Archives/edgar/data/875045/000087504522000007/0000875045-22-000007-index.htm",
    "finalLink": "https://www.sec.gov/Archives/edgar/data/875045/000087504522000007/biib-20211231.htm"
  },
  {
    "date": "2021-09-30",
    "symbol": "BIIB",
    "reportedCurrency": "USD",
    "cik": "0000875045",
    "fillingDate": "2021-10-20",
    "acceptedDate": "2021-10-20 16:19:52",
    "calendarYear": "2021",
    "period": "Q3",
    "revenue": 2778900000,
    "costOfRevenue": 511800000,
    "grossProfit": 2267100000,
    "grossProfitRatio": 0.8158264061,
    "researchAndDevelopmentExpenses": 702400000,
    "generalAndAdministrativeExpenses": 0,
    "sellingAndMarketingExpenses": 0,
    "sellingGeneralAndAdministrativeExpenses": 654100000,
    "otherExpenses": 116600000,
    "operatingExpenses": 1467500000,
    "costAndExpenses": 2000500000,
    "interestIncome": 2600000,
    "interestExpense": 66300000,
    "depreciationAndAmortization": 132700000,
    "ebitda": 490100000,
    "ebitdaratio": 0.1763647486,
    "operatingIncome": 794000000,
    "operatingIncomeRatio": 0.2857245673,
    "totalOtherIncomeExpensesNet": -502900000,
    "incomeBeforeTax": 291100000,
    "incomeBeforeTaxRatio": 0.1047536795,
    "incomeTaxExpense": -25900000,
    "netIncome": 329200000,
    "netIncomeRatio": 0.1184641405,
    "eps": 2.22,
    "epsdiluted": 2.22,
    "weightedAverageShsOut": 148000000,
    "weightedAverageShsOutDil": 148600000,
    "link": "https://www.sec.gov/Archives/edgar/data/875045/000087504521000052/0000875045-21-000052-index.htm",
    "finalLink": "https://www.sec.gov/Archives/edgar/data/875045/000087504521000052/biib-20210930.htm"
  },
  {
    "date": "2021-06-30",
    "symbol": "BIIB",
    "reportedCurrency": "USD",
    "cik": "0000875045",
    "fillingDate": "2021-07-22",
    "acceptedDate": "2021-07-22 16:16:10",
    "calendarYear": "2021",
    "period": "Q2",
    "revenue": 2775000000,
    "costOfRevenue": 459700000,
    "grossProfit": 2315300000,
    "grossProfitRatio": 0.8343423423,
    "researchAndDevelopmentExpenses": 585100000,
    "generalAndAdministrativeExpenses": 0,
    "sellingAndMarketingExpenses": 0,
    "sellingGeneralAndAdministrativeExpenses": 637300000,
    "otherExpenses": 607200000,
    "operatingExpenses": 1844500000,
    "costAndExpenses": 2271000000,
    "interestIncome": 2700000,
    "interestExpense": 56400000,
    "depreciationAndAmortization": 72900000,
    "ebitda": 711400000,
    "ebitdaratio": 0.2563603604,
    "operatingIncome": 485700000,
    "operatingIncomeRatio": 0.175027027,
    "totalOtherIncomeExpensesNet": 96400000,
    "incomeBeforeTax": 582100000,
    "incomeBeforeTaxRatio": 0.2097657658,
    "incomeTaxExpense": -409100000,
    "netIncome": 448500000,
    "netIncomeRatio": 0.1616216216,
    "eps": 3,
    "epsdiluted": 2.99,
    "weightedAverageShsOut": 149700000,
    "weightedAverageShsOutDil": 150100000,
    "link": "https://www.sec.gov/Archives/edgar/data/875045/000087504521000044/0000875045-21-000044-index.htm",
    "finalLink": "https://www.sec.gov/Archives/edgar/data/875045/000087504521000044/biib-20210630.htm"
  },
  {
    "date": "2021-03-31",
    "symbol": "BIIB",
    "reportedCurrency": "USD",
    "cik": "0000875045",
    "fillingDate": "2021-04-22",
    "acceptedDate": "2021-04-22 16:14:39",
    "calendarYear": "2021",
    "period": "Q1",
    "revenue": 2694000000,
    "costOfRevenue": 478100000,
    "grossProfit": 2215900000,
    "grossProfitRatio": 0.8225315516,
    "researchAndDevelopmentExpenses": 514200000,
    "generalAndAdministrativeExpenses": 0,
    "sellingAndMarketingExpenses": 0,
    "sellingGeneralAndAdministrativeExpenses": 595000000,
    "otherExpenses": 132800000,
    "operatingExpenses": 1242000000,
    "costAndExpenses": 1720100000,
    "interestIncome": 2900000,
    "interestExpense": 64700000,
    "depreciationAndAmortization": 102600000,
    "ebitda": 973900000,
    "ebitdaratio": 0.3615070527,
    "operatingIncome": 973900000,
    "operatingIncomeRatio": 0.3615070527,
    "totalOtherIncomeExpensesNet": -506900000,
    "incomeBeforeTax": 467000000,
    "incomeBeforeTaxRatio": 0.1733481811,
    "incomeTaxExpense": 44200000,
    "netIncome": 410200000,
    "netIncomeRatio": 0.152264291,
    "eps": 2.7,
    "epsdiluted": 2.69,
    "weightedAverageShsOut": 151900000,
    "weightedAverageShsOutDil": 152300000,
    "link": "https://www.sec.gov/Archives/edgar/data/875045/000087504521000028/0000875045-21-000028-index.htm",
    "finalLink": "https://www.sec.gov/Archives/edgar/data/875045/000087504521000028/biib-20210331.htm"
  },
  {
    "date": "2020-12-31",
    "symbol": "BIIB",
    "reportedCurrency": "USD",
    "cik": "0000875045",
    "fillingDate": "2021-02-03",
    "acceptedDate": "2021-02-03 16:30:07",
    "calendarYear": "2020",
    "period": "Q4",
    "revenue": 2852600000,
    "costOfRevenue": 490600000,
    "grossProfit": 2362000000,
    "grossProfitRatio": 0.8280165463,
    "researchAndDevelopmentExpenses": 1726000000,
    "generalAndAdministrativeExpenses": 694500000,
    "sellingAndMarketingExpenses": 111800000,
    "sellingGeneralAndAdministrativeExpenses": 806300000,
    "otherExpenses": 211700000,
    "operatingExpenses": 2744000000,
    "costAndExpenses": 3183200000,
    "interestIncome": 4000000,
    "interestExpense": 56000000,
    "depreciationAndAmortization": 90400000,
    "ebitda": 518400000,
    "ebitdaratio": 0.181728949,
    "operatingIncome": -330600000,
    "operatingIncomeRatio": -0.1158942719,
    "totalOtherIncomeExpensesNet": 701500000,
    "incomeBeforeTax": 352900000,
    "incomeBeforeTaxRatio": 0.1237117016,
    "incomeTaxExpense": 13300000,
    "netIncome": 357900000,
    "netIncomeRatio": 0.1254644885,
    "eps": 2.33,
    "epsdiluted": 2.32,
    "weightedAverageShsOut": 153700000,
    "weightedAverageShsOutDil": 154000000,
    "link": "https://www.sec.gov/Archives/edgar/data/875045/000087504521000010/0000875045-21-000010-index.htm",
    "finalLink": "https://www.sec.gov/Archives/edgar/data/875045/000087504521000010/biib-20201231.htm"
  },
  {
    "date": "2020-09-30",
    "symbol": "BIIB",
    "reportedCurrency": "USD",
    "cik": "0000875045",
    "fillingDate": "2020-10-21",
    "acceptedDate": "2020-10-21 17:16:30",
    "calendarYear": "2020",
    "period": "Q3",
    "revenue": 3376100000,
    "costOfRevenue": 449100000,
    "grossProfit": 2927000000,
    "grossProfitRatio": 0.8669766891,
    "researchAndDevelopmentExpenses": 1140900000,
    "generalAndAdministrativeExpenses": 0,
    "sellingAndMarketingExpenses": 0,
    "sellingGeneralAndAdministrativeExpenses": 573100000,
    "otherExpenses": 126600000,
    "operatingExpenses": 1840600000,
    "costAndExpenses": 2289700000,
    "interestIncome": 6000000,
    "interestExpense": 56300000,
    "depreciationAndAmortization": 114700000,
    "ebitda": 1128900000,
    "ebitdaratio": 0.3343799058,
    "operatingIncome": 1086400000,
    "operatingIncomeRatio": 0.3217914161,
    "totalOtherIncomeExpensesNet": -128600000,
    "incomeBeforeTax": 957800000,
    "incomeBeforeTaxRatio": 0.2837001274,
    "incomeTaxExpense": 240800000,
    "netIncome": 701500000,
    "netIncomeRatio": 0.2077841296,
    "eps": 4.47,
    "epsdiluted": 4.46,
    "weightedAverageShsOut": 156900000,
    "weightedAverageShsOutDil": 157200000,
    "link": "https://www.sec.gov/Archives/edgar/data/875045/000087504520000036/0000875045-20-000036-index.htm",
    "finalLink": "https://www.sec.gov/Archives/edgar/data/875045/000087504520000036/biib-20200930.htm"
  },
  {
    "date": "2020-06-30",
    "symbol": "BIIB",
    "reportedCurrency": "USD",
    "cik": "0000875045",
    "fillingDate": "2020-07-22",
    "acceptedDate": "2020-07-22 16:37:51",
    "calendarYear": "2020",
    "period": "Q2",
    "revenue": 3681600000,
    "costOfRevenue": 411100000,
    "grossProfit": 3270500000,
    "grossProfitRatio": 0.8883365928,
    "researchAndDevelopmentExpenses": 647600000,
    "generalAndAdministrativeExpenses": 0,
    "sellingAndMarketingExpenses": 0,
    "sellingGeneralAndAdministrativeExpenses": 555100000,
    "otherExpenses": 93300000,
    "operatingExpenses": 1296000000,
    "costAndExpenses": 1707100000,
    "interestIncome": 7600000,
    "interestExpense": 66000000,
    "depreciationAndAmortization": 112900000,
    "ebitda": 2206900000,
    "ebitdaratio": 0.5994404607,
    "operatingIncome": 1974500000,
    "operatingIncomeRatio": 0.5363157323,
    "totalOtherIncomeExpensesNet": 63000000,
    "incomeBeforeTax": 2037500000,
    "incomeBeforeTaxRatio": 0.5534278575,
    "incomeTaxExpense": 446100000,
    "netIncome": 1542100000,
    "netIncomeRatio": 0.418866797,
    "eps": 9.6,
    "epsdiluted": 9.59,
    "weightedAverageShsOut": 160600000,
    "weightedAverageShsOutDil": 160900000,
    "link": "https://www.sec.gov/Archives/edgar/data/875045/000087504520000022/0000875045-20-000022-index.htm",
    "finalLink": "https://www.sec.gov/Archives/edgar/data/875045/000087504520000022/biib-2020630x10q.htm"
  },
  {
    "date": "2020-03-31",
    "symbol": "BIIB",
    "reportedCurrency": "USD",
    "cik": "0000875045",
    "fillingDate": "2020-04-23",
    "acceptedDate": "2020-04-23 16:15:49",
    "calendarYear": "2020",
    "period": "Q1",
    "revenue": 3534300000,
    "costOfRevenue": 454300000,
    "grossProfit": 3080000000,
    "grossProfitRatio": 0.871459695,
    "researchAndDevelopmentExpenses": 476300000,
    "generalAndAdministrativeExpenses": 0,
    "sellingAndMarketingExpenses": 0,
    "sellingGeneralAndAdministrativeExpenses": 570100000,
    "otherExpenses": 213700000,
    "operatingExpenses": 1260100000,
    "costAndExpenses": 1714400000,
    "interestIncome": 24400000,
    "interestExpense": 44300000,
    "depreciationAndAmortization": 119900000,
    "ebitda": 2010200000,
    "ebitdaratio": 0.5687689217,
    "operatingIncome": 1819900000,
    "operatingIncomeRatio": 0.514925162,
    "totalOtherIncomeExpensesNet": -120500000,
    "incomeBeforeTax": 1699400000,
    "incomeBeforeTaxRatio": 0.4808307161,
    "incomeTaxExpense": 292000000,
    "netIncome": 1399100000,
    "netIncomeRatio": 0.3958633959,
    "eps": 8.1,
    "epsdiluted": 8.08,
    "weightedAverageShsOut": 172800000,
    "weightedAverageShsOutDil": 173100000,
    "link": "https://www.sec.gov/Archives/edgar/data/875045/000087504520000011/0000875045-20-000011-index.htm",
    "finalLink": "https://www.sec.gov/Archives/edgar/data/875045/000087504520000011/biib-2020331x10q.htm"
  },
  {
    "date": "2019-12-31",
    "symbol": "BIIB",
    "reportedCurrency": "USD",
    "cik": "0000875045",
    "fillingDate": "2020-02-06",
    "acceptedDate": "2020-02-06 16:32:39",
    "calendarYear": "2019",
    "period": "Q4",
    "revenue": 3671300000,
    "costOfRevenue": 447100000,
    "grossProfit": 3224200000,
    "grossProfitRatio": 0.8782175251,
    "researchAndDevelopmentExpenses": 691700000,
    "generalAndAdministrativeExpenses": 585700000,
    "sellingAndMarketingExpenses": 79200000,
    "sellingGeneralAndAdministrativeExpenses": 664900000,
    "otherExpenses": 120600000,
    "operatingExpenses": 1484100000,
    "costAndExpenses": 1893600000,
    "interestIncome": 29200000,
    "interestExpense": 46000000,
    "depreciationAndAmortization": 113000000,
    "ebitda": 1887300000,
    "ebitdaratio": 0.5140685861,
    "operatingIncome": 1777700000,
    "operatingIncomeRatio": 0.4842154005,
    "totalOtherIncomeExpensesNet": -49300000,
    "incomeBeforeTax": 1728400000,
    "incomeBeforeTaxRatio": 0.4707869147,
    "incomeTaxExpense": 276100000,
    "netIncome": 1439700000,
    "netIncomeRatio": 0.3921499196,
    "eps": 8.1,
    "epsdiluted": 8.08,
    "weightedAverageShsOut": 177800000,
    "weightedAverageShsOutDil": 178200000,
    "link": "https://www.sec.gov/Archives/edgar/data/875045/000087504520000005/0000875045-20-000005-index.htm",
    "finalLink": "https://www.sec.gov/Archives/edgar/data/875045/000087504520000005/biib-20191231x10k.htm"
  },
  {
    "date": "2019-09-30",
    "symbol": "BIIB",
    "reportedCurrency": "USD",
    "cik": "0000875045",
    "fillingDate": "2019-10-22",
    "acceptedDate": "2019-10-22 16:12:44",
    "calendarYear": "2019",
    "period": "Q3",
    "revenue": 3600100000,
    "costOfRevenue": 430000000,
    "grossProfit": 3170100000,
    "grossProfitRatio": 0.8805588734,
    "researchAndDevelopmentExpenses": 540400000,
    "generalAndAdministrativeExpenses": 0,
    "sellingAndMarketingExpenses": 0,
    "sellingGeneralAndAdministrativeExpenses": 554500000,
    "otherExpenses": 268900000,
    "operatingExpenses": 1363800000,
    "costAndExpenses": 1793800000,
    "interestIncome": 30500000,
    "interestExpense": 45800000,
    "depreciationAndAmortization": 329500000,
    "ebitda": 2154300000,
    "ebitdaratio": 0.5984000444,
    "operatingIncome": 1806300000,
    "operatingIncomeRatio": 0.5017360629,
    "totalOtherIncomeExpensesNet": -27300000,
    "incomeBeforeTax": 1779000000,
    "incomeBeforeTaxRatio": 0.4941529402,
    "incomeTaxExpense": 211300000,
    "netIncome": 1545900000,
    "netIncomeRatio": 0.4294047388,
    "eps": 8.4,
    "epsdiluted": 8.39,
    "weightedAverageShsOut": 184000000,
    "weightedAverageShsOutDil": 184200000,
    "link": "https://www.sec.gov/Archives/edgar/data/875045/000087504519000041/0000875045-19-000041-index.htm",
    "finalLink": "https://www.sec.gov/Archives/edgar/data/875045/000087504519000041/biib-2019930x10q.htm"
  },
  {
    "date": "2019-06-30",
    "symbol": "BIIB",
    "reportedCurrency": "USD",
    "cik": "0000875045",
    "fillingDate": "2019-07-24",
    "acceptedDate": "2019-07-23 17:47:07",
    "calendarYear": "2019",
    "period": "Q2",
    "revenue": 3616700000,
    "costOfRevenue": 476300000,
    "grossProfit": 3140400000,
    "grossProfitRatio": 0.8683053612,
    "researchAndDevelopmentExpenses": 484800000,
    "generalAndAdministrativeExpenses": 0,
    "sellingAndMarketingExpenses": 0,
    "sellingGeneralAndAdministrativeExpenses": 587600000,
    "otherExpenses": 112100000,
    "operatingExpenses": 1184500000,
    "costAndExpenses": 1660800000,
    "interestIncome": 29100000,
    "interestExpense": 47700000,
    "depreciationAndAmortization": 117000000,
    "ebitda": 1923300000,
    "ebitdaratio": 0.5317831172,
    "operatingIncome": 1955900000,
    "operatingIncomeRatio": 0.540796859,
    "totalOtherIncomeExpensesNet": -197400000,
    "incomeBeforeTax": 1758500000,
    "incomeBeforeTaxRatio": 0.4862167169,
    "incomeTaxExpense": 248100000,
    "netIncome": 1494100000,
    "netIncomeRatio": 0.4131113999,
    "eps": 7.85,
    "epsdiluted": 7.85,
    "weightedAverageShsOut": 190300000,
    "weightedAverageShsOutDil": 190400000,
    "link": "https://www.sec.gov/Archives/edgar/data/875045/000087504519000029/0000875045-19-000029-index.htm",
    "finalLink": "https://www.sec.gov/Archives/edgar/data/875045/000087504519000029/biib-2019630x10q.htm"
  },
  {
    "date": "2019-03-31",
    "symbol": "BIIB",
    "reportedCurrency": "USD",
    "cik": "0000875045",
    "fillingDate": "2019-04-24",
    "acceptedDate": "2019-04-24 16:46:37",
    "calendarYear": "2019",
    "period": "Q1",
    "revenue": 3489800000,
    "costOfRevenue": 602000000,
    "grossProfit": 2887800000,
    "grossProfitRatio": 0.8274972778,
    "researchAndDevelopmentExpenses": 563700000,
    "generalAndAdministrativeExpenses": 0,
    "sellingAndMarketingExpenses": 0,
    "sellingGeneralAndAdministrativeExpenses": 567700000,
    "otherExpenses": 253700000,
    "operatingExpenses": 1385100000,
    "costAndExpenses": 1987100000,
    "interestIncome": 31200000,
    "interestExpense": 47900000,
    "depreciationAndAmortization": 121100000,
    "ebitda": 1751200000,
    "ebitdaratio": 0.501805261,
    "operatingIncome": 1502700000,
    "operatingIncomeRatio": 0.430597742,
    "totalOtherIncomeExpensesNet": 357300000,
    "incomeBeforeTax": 1860000000,
    "incomeBeforeTaxRatio": 0.5329818328,
    "incomeTaxExpense": 422500000,
    "netIncome": 1408800000,
    "netIncomeRatio": 0.4036907559,
    "eps": 7.17,
    "epsdiluted": 7.15,
    "weightedAverageShsOut": 196600000,
    "weightedAverageShsOutDil": 197000000,
    "link": "https://www.sec.gov/Archives/edgar/data/875045/000087504519000017/0000875045-19-000017-index.htm",
    "finalLink": "https://www.sec.gov/Archives/edgar/data/875045/000087504519000017/biib-2019331x10q.htm"
  },
  {
    "date": "2018-12-31",
    "symbol": "BIIB",
    "reportedCurrency": "USD",
    "cik": "0000875045",
    "fillingDate": "2019-02-06",
    "acceptedDate": "2019-02-06 17:21:15",
    "calendarYear": "2018",
    "period": "Q4",
    "revenue": 3526300000,
    "costOfRevenue": 488500000,
    "grossProfit": 3037800000,
    "grossProfitRatio": 0.861469529,
    "researchAndDevelopmentExpenses": 611600000,
    "generalAndAdministrativeExpenses": 500900000,
    "sellingAndMarketingExpenses": 90200000,
    "sellingGeneralAndAdministrativeExpenses": 591100000,
    "otherExpenses": 389200000,
    "operatingExpenses": 1624800000,
    "costAndExpenses": 2113300000,
    "interestIncome": 31100000,
    "interestExpense": 49400000,
    "depreciationAndAmortization": 153000000,
    "ebitda": 1616900000,
    "ebitdaratio": 0.4585259337,
    "operatingIncome": 1443100000,
    "operatingIncomeRatio": 0.4092391458,
    "totalOtherIncomeExpensesNet": -28600000,
    "incomeBeforeTax": 1414500000,
    "incomeBeforeTaxRatio": 0.4011286618,
    "incomeTaxExpense": 469600000,
    "netIncome": 946800000,
    "netIncomeRatio": 0.2684967246,
    "eps": 4.74,
    "epsdiluted": 4.73,
    "weightedAverageShsOut": 199800000,
    "weightedAverageShsOutDil": 200300000,
    "link": "https://www.sec.gov/Archives/edgar/data/875045/000087504519000006/0000875045-19-000006-index.htm",
    "finalLink": "https://www.sec.gov/Archives/edgar/data/875045/000087504519000006/biib-20181231x10k.htm"
  },
  {
    "date": "2018-09-30",
    "symbol": "BIIB",
    "reportedCurrency": "USD",
    "cik": "0000875045",
    "fillingDate": "2018-10-23",
    "acceptedDate": "2018-10-23 16:25:54",
    "calendarYear": "2018",
    "period": "Q3",
    "revenue": 3439000000,
    "costOfRevenue": 460800000,
    "grossProfit": 2978200000,
    "grossProfitRatio": 0.8660075603,
    "researchAndDevelopmentExpenses": 507900000,
    "generalAndAdministrativeExpenses": 0,
    "sellingAndMarketingExpenses": 0,
    "sellingGeneralAndAdministrativeExpenses": 497700000,
    "otherExpenses": 275000000,
    "operatingExpenses": 1280600000,
    "costAndExpenses": 1741400000,
    "interestIncome": 26000000,
    "interestExpense": 49000000,
    "depreciationAndAmortization": 346500000,
    "ebitda": 2018900000,
    "ebitdaratio": 0.5870601919,
    "operatingIncome": 1697600000,
    "operatingIncomeRatio": 0.4936318697,
    "totalOtherIncomeExpensesNet": 115100000,
    "incomeBeforeTax": 1812700000,
    "incomeBeforeTaxRatio": 0.5271009014,
    "incomeTaxExpense": 369800000,
    "netIncome": 1444400000,
    "netIncomeRatio": 0.4200058156,
    "eps": 7.17,
    "epsdiluted": 7.15,
    "weightedAverageShsOut": 201400000,
    "weightedAverageShsOutDil": 201900000,
    "link": "https://www.sec.gov/Archives/edgar/data/875045/000087504518000032/0000875045-18-000032-index.htm",
    "finalLink": "https://www.sec.gov/Archives/edgar/data/875045/000087504518000032/biib-2018930x10q.htm"
  },
  {
    "date": "2018-06-30",
    "symbol": "BIIB",
    "reportedCurrency": "USD",
    "cik": "0000875045",
    "fillingDate": "2018-07-24",
    "acceptedDate": "2018-07-24 16:53:51",
    "calendarYear": "2018",
    "period": "Q2",
    "revenue": 3356500000,
    "costOfRevenue": 421000000,
    "grossProfit": 2935500000,
    "grossProfitRatio": 0.8745717265,
    "researchAndDevelopmentExpenses": 981000000,
    "generalAndAdministrativeExpenses": 0,
    "sellingAndMarketingExpenses": 0,
    "sellingGeneralAndAdministrativeExpenses": 516200000,
    "otherExpenses": 150100000,
    "operatingExpenses": 1722300000,
    "costAndExpenses": 2143300000,
    "interestIncome": 28700000,
    "interestExpense": 51700000,
    "depreciationAndAmortization": 171500000,
    "ebitda": 1463200000,
    "ebitdaratio": 0.4359302845,
    "operatingIncome": 1213200000,
    "operatingIncomeRatio": 0.3614479368,
    "totalOtherIncomeExpensesNet": -34500000,
    "incomeBeforeTax": 1178700000,
    "incomeBeforeTaxRatio": 0.3511693729,
    "incomeTaxExpense": 263700000,
    "netIncome": 866600000,
    "netIncomeRatio": 0.25818561,
    "eps": 4.18,
    "epsdiluted": 4.18,
    "weightedAverageShsOut": 207100000,
    "weightedAverageShsOutDil": 207300000,
    "link": "https://www.sec.gov/Archives/edgar/data/875045/000087504518000019/0000875045-18-000019-index.htm",
    "finalLink": "https://www.sec.gov/Archives/edgar/data/875045/000087504518000019/biib-2018630x10q.htm"
  },
  {
    "date": "2018-03-31",
    "symbol": "BIIB",
    "reportedCurrency": "USD",
    "cik": "0000875045",
    "fillingDate": "2018-04-24",
    "acceptedDate": "2018-04-24 16:53:10",
    "calendarYear": "2018",
    "period": "Q1",
    "revenue": 3131100000,
    "costOfRevenue": 446000000,
    "grossProfit": 2685100000,
    "grossProfitRatio": 0.8575580467,
    "researchAndDevelopmentExpenses": 496700000,
    "generalAndAdministrativeExpenses": 0,
    "sellingAndMarketingExpenses": 0,
    "sellingGeneralAndAdministrativeExpenses": 501300000,
    "otherExpenses": 152400000,
    "operatingExpenses": 1150400000,
    "costAndExpenses": 1596400000,
    "interestIncome": 26700000,
    "interestExpense": 50500000,
    "depreciationAndAmortization": 168900000,
    "ebitda": 1709600000,
    "ebitdaratio": 0.5460061959,
    "operatingIncome": 1534700000,
    "operatingIncomeRatio": 0.4901472326,
    "totalOtherIncomeExpensesNet": -41000000,
    "incomeBeforeTax": 1493700000,
    "incomeBeforeTaxRatio": 0.4770527929,
    "incomeTaxExpense": 322500000,
    "netIncome": 1172900000,
    "netIncomeRatio": 0.3745967871,
    "eps": 5.55,
    "epsdiluted": 5.54,
    "weightedAverageShsOut": 211400000,
    "weightedAverageShsOutDil": 211700000,
    "link": "https://www.sec.gov/Archives/edgar/data/875045/000087504518000010/0000875045-18-000010-index.htm",
    "finalLink": "https://www.sec.gov/Archives/edgar/data/875045/000087504518000010/biib-2018331x10q.htm"
  },
  {
    "date": "2017-12-31",
    "symbol": "BIIB",
    "reportedCurrency": "USD",
    "cik": "0000875045",
    "fillingDate": "2018-02-01",
    "acceptedDate": "2018-02-01 16:35:03",
    "calendarYear": "2017",
    "period": "Q4",
    "revenue": 3307000000,
    "costOfRevenue": 509200000,
    "grossProfit": 2797800000,
    "grossProfitRatio": 0.8460235863,
    "researchAndDevelopmentExpenses": 587600000,
    "generalAndAdministrativeExpenses": 497200000,
    "sellingAndMarketingExpenses": 75200000,
    "sellingGeneralAndAdministrativeExpenses": 572400000,
    "otherExpenses": 172000000,
    "operatingExpenses": 1329600000,
    "costAndExpenses": 1838800000,
    "interestIncome": 24300000,
    "interestExpense": 62000000,
    "depreciationAndAmortization": 139800000,
    "ebitda": 1601600000,
    "ebitdaratio": 0.4843060175,
    "operatingIncome": 1465800000,
    "operatingIncomeRatio": 0.4432416087,
    "totalOtherIncomeExpensesNet": -66000000,
    "incomeBeforeTax": 1399800000,
    "incomeBeforeTaxRatio": 0.4232839432,
    "incomeTaxExpense": 1566100000,
    "netIncome": -297400000,
    "netIncomeRatio": -0.0899304506,
    "eps": -1.41,
    "epsdiluted": -1.41,
    "weightedAverageShsOut": 211500000,
    "weightedAverageShsOutDil": 212000000,
    "link": "https://www.sec.gov/Archives/edgar/data/875045/000087504518000005/0000875045-18-000005-index.htm",
    "finalLink": "https://www.sec.gov/Archives/edgar/data/875045/000087504518000005/biib-20171231x10k.htm"
  },
  {
    "date": "2017-09-30",
    "symbol": "BIIB",
    "reportedCurrency": "USD",
    "cik": "0000875045",
    "fillingDate": "2017-10-24",
    "acceptedDate": "2017-10-24 16:35:34",
    "calendarYear": "2017",
    "period": "Q3",
    "revenue": 3077800000,
    "costOfRevenue": 370000000,
    "grossProfit": 2707800000,
    "grossProfitRatio": 0.8797842615,
    "researchAndDevelopmentExpenses": 446400000,
    "generalAndAdministrativeExpenses": 0,
    "sellingAndMarketingExpenses": 0,
    "sellingGeneralAndAdministrativeExpenses": 433800000,
    "otherExpenses": 173700000,
    "operatingExpenses": 1054300000,
    "costAndExpenses": 1424300000,
    "interestIncome": 20600000,
    "interestExpense": 61800000,
    "depreciationAndAmortization": 177400000,
    "ebitda": 1860900000,
    "ebitdaratio": 0.6046201832,
    "operatingIncome": 1653500000,
    "operatingIncomeRatio": 0.5372343882,
    "totalOtherIncomeExpensesNet": -44000000,
    "incomeBeforeTax": 1609900000,
    "incomeBeforeTaxRatio": 0.5230684255,
    "incomeTaxExpense": 383800000,
    "netIncome": 1226100000,
    "netIncomeRatio": 0.3983689648,
    "eps": 5.8,
    "epsdiluted": 5.79,
    "weightedAverageShsOut": 211400000,
    "weightedAverageShsOutDil": 211800000,
    "link": "https://www.sec.gov/Archives/edgar/data/875045/000087504517000029/0000875045-17-000029-index.htm",
    "finalLink": "https://www.sec.gov/Archives/edgar/data/875045/000087504517000029/biib-2017930x10q.htm"
  },
  {
    "date": "2017-06-30",
    "symbol": "BIIB",
    "reportedCurrency": "USD",
    "cik": "0000875045",
    "fillingDate": "2017-07-25",
    "acceptedDate": "2017-07-25 16:22:11",
    "calendarYear": "2017",
    "period": "Q2",
    "revenue": 3078400000,
    "costOfRevenue": 366200000,
    "grossProfit": 2712200000,
    "grossProfitRatio": 0.8810420998,
    "researchAndDevelopmentExpenses": 796200000,
    "generalAndAdministrativeExpenses": 0,
    "sellingAndMarketingExpenses": 0,
    "sellingGeneralAndAdministrativeExpenses": 430200000,
    "otherExpenses": 165200000,
    "operatingExpenses": 1511200000,
    "costAndExpenses": 1877800000,
    "interestIncome": 16900000,
    "interestExpense": 63600000,
    "depreciationAndAmortization": 182600000,
    "ebitda": 1378600000,
    "ebitdaratio": 0.4478300416,
    "operatingIncome": 1200600000,
    "operatingIncomeRatio": 0.3900077963,
    "totalOtherIncomeExpensesNet": -68600000,
    "incomeBeforeTax": 1132400000,
    "incomeBeforeTaxRatio": 0.3678534304,
    "incomeTaxExpense": 269600000,
    "netIncome": 862800000,
    "netIncomeRatio": 0.2802754678,
    "eps": 4.07,
    "epsdiluted": 4.07,
    "weightedAverageShsOut": 211900000,
    "weightedAverageShsOutDil": 212200000,
    "link": "https://www.sec.gov/Archives/edgar/data/875045/000087504517000024/0000875045-17-000024-index.htm",
    "finalLink": "https://www.sec.gov/Archives/edgar/data/875045/000087504517000024/biib-2017630x10q.htm"
  },
  {
    "date": "2017-03-31",
    "symbol": "BIIB",
    "reportedCurrency": "USD",
    "cik": "0000875045",
    "fillingDate": "2017-04-25",
    "acceptedDate": "2017-04-25 16:18:28",
    "calendarYear": "2017",
    "period": "Q1",
    "revenue": 2810700000,
    "costOfRevenue": 384600000,
    "grossProfit": 2426100000,
    "grossProfitRatio": 0.8631657594,
    "researchAndDevelopmentExpenses": 423400000,
    "generalAndAdministrativeExpenses": 0,
    "sellingAndMarketingExpenses": 0,
    "sellingGeneralAndAdministrativeExpenses": 499100000,
    "otherExpenses": 2700000,
    "operatingExpenses": 922500000,
    "costAndExpenses": 1776400000,
    "interestIncome": 16700000,
    "interestExpense": 63400000,
    "depreciationAndAmortization": 512000000,
    "ebitda": 1546700000,
    "ebitdaratio": 0.5502899634,
    "operatingIncome": 1024300000,
    "operatingIncomeRatio": 0.36442879,
    "totalOtherIncomeExpensesNet": -38000000,
    "incomeBeforeTax": 986700000,
    "incomeBeforeTaxRatio": 0.3510513395,
    "incomeTaxExpense": 239200000,
    "netIncome": 747600000,
    "netIncomeRatio": 0.2659835628,
    "eps": 3.47,
    "epsdiluted": 3.46,
    "weightedAverageShsOut": 215600000,
    "weightedAverageShsOutDil": 215900000,
    "link": "https://www.sec.gov/Archives/edgar/data/875045/000087504517000017/0000875045-17-000017-index.htm",
    "finalLink": "https://www.sec.gov/Archives/edgar/data/875045/000087504517000017/biib-2017331x10q.htm"
  },
  {
    "date": "2016-12-31",
    "symbol": "BIIB",
    "reportedCurrency": "USD",
    "cik": "0000875045",
    "fillingDate": "2017-02-02",
    "acceptedDate": "2017-02-02 16:24:00",
    "calendarYear": "2016",
    "period": "Q4",
    "revenue": 2872000000,
    "costOfRevenue": 378500000,
    "grossProfit": 2493500000,
    "grossProfitRatio": 0.8682103064,
    "researchAndDevelopmentExpenses": 533900000,
    "generalAndAdministrativeExpenses": 389200000,
    "sellingAndMarketingExpenses": 106300000,
    "sellingGeneralAndAdministrativeExpenses": 495500000,
    "otherExpenses": -48000000,
    "operatingExpenses": 1144700000,
    "costAndExpenses": 1523200000,
    "interestIncome": 20400000,
    "interestExpense": 64800000,
    "depreciationAndAmortization": 177400000,
    "ebitda": 1080400000,
    "ebitdaratio": 0.376183844,
    "operatingIncome": 886200000,
    "operatingIncomeRatio": 0.3085654596,
    "totalOtherIncomeExpensesNet": -48000000,
    "incomeBeforeTax": 838200000,
    "incomeBeforeTaxRatio": 0.2918523677,
    "incomeTaxExpense": 190300000,
    "netIncome": 649200000,
    "netIncomeRatio": 0.2260445682,
    "eps": 3,
    "epsdiluted": 2.99,
    "weightedAverageShsOut": 216600000,
    "weightedAverageShsOutDil": 217000000,
    "link": "https://www.sec.gov/Archives/edgar/data/875045/000087504517000009/0000875045-17-000009-index.htm",
    "finalLink": "https://www.sec.gov/Archives/edgar/data/875045/000087504517000009/biib-20161231x10k.htm"
  },
  {
    "date": "2016-09-30",
    "symbol": "BIIB",
    "reportedCurrency": "USD",
    "cik": "0000875045",
    "fillingDate": "2016-10-26",
    "acceptedDate": "2016-10-26 16:16:21",
    "calendarYear": "2016",
    "period": "Q3",
    "revenue": 2955800000,
    "costOfRevenue": 416900000,
    "grossProfit": 2538900000,
    "grossProfitRatio": 0.8589552744,
    "researchAndDevelopmentExpenses": 529000000,
    "generalAndAdministrativeExpenses": 0,
    "sellingAndMarketingExpenses": 0,
    "sellingGeneralAndAdministrativeExpenses": 462700000,
    "otherExpenses": 121900000,
    "operatingExpenses": 1113600000,
    "costAndExpenses": 1530500000,
    "interestIncome": 16400000,
    "interestExpense": 66000000,
    "depreciationAndAmortization": 180200000,
    "ebitda": 1623000000,
    "ebitdaratio": 0.5490899249,
    "operatingIncome": 1425300000,
    "operatingIncomeRatio": 0.4822044793,
    "totalOtherIncomeExpensesNet": -58100000,
    "incomeBeforeTax": 1367200000,
    "incomeBeforeTaxRatio": 0.4625482103,
    "incomeTaxExpense": 337000000,
    "netIncome": 1032900000,
    "netIncomeRatio": 0.3494485418,
    "eps": 4.72,
    "epsdiluted": 4.71,
    "weightedAverageShsOut": 218900000,
    "weightedAverageShsOutDil": 219400000,
    "link": "https://www.sec.gov/Archives/edgar/data/875045/000087504516000071/0000875045-16-000071-index.htm",
    "finalLink": "https://www.sec.gov/Archives/edgar/data/875045/000087504516000071/biib-2016930x10q.htm"
  },
  {
    "date": "2016-06-30",
    "symbol": "BIIB",
    "reportedCurrency": "USD",
    "cik": "0000875045",
    "fillingDate": "2016-07-21",
    "acceptedDate": "2016-07-21 17:30:12",
    "calendarYear": "2016",
    "period": "Q2",
    "revenue": 2894200000,
    "costOfRevenue": 370300000,
    "grossProfit": 2523900000,
    "grossProfitRatio": 0.8720544537,
    "researchAndDevelopmentExpenses": 473100000,
    "generalAndAdministrativeExpenses": 0,
    "sellingAndMarketingExpenses": 0,
    "sellingGeneralAndAdministrativeExpenses": 492400000,
    "otherExpenses": 97900000,
    "operatingExpenses": 1063400000,
    "costAndExpenses": 1433700000,
    "interestIncome": 15400000,
    "interestExpense": 65900000,
    "depreciationAndAmortization": 175400000,
    "ebitda": 1646500000,
    "ebitdaratio": 0.5688964135,
    "operatingIncome": 1460500000,
    "operatingIncomeRatio": 0.5046299496,
    "totalOtherIncomeExpensesNet": -58500000,
    "incomeBeforeTax": 1402000000,
    "incomeBeforeTaxRatio": 0.4844171101,
    "incomeTaxExpense": 353600000,
    "netIncome": 1049800000,
    "netIncomeRatio": 0.3627254509,
    "eps": 4.79,
    "epsdiluted": 4.79,
    "weightedAverageShsOut": 219100000,
    "weightedAverageShsOutDil": 219400000,
    "link": "https://www.sec.gov/Archives/edgar/data/875045/000087504516000065/0000875045-16-000065-index.htm",
    "finalLink": "https://www.sec.gov/Archives/edgar/data/875045/000087504516000065/biib-2016630x10q.htm"
  },
  {
    "date": "2016-03-31",
    "symbol": "BIIB",
    "reportedCurrency": "USD",
    "cik": "0000875045",
    "fillingDate": "2016-04-21",
    "acceptedDate": "2016-04-21 16:57:52",
    "calendarYear": "2016",
    "period": "Q1",
    "revenue": 2726800000,
    "costOfRevenue": 313000000,
    "grossProfit": 2413800000,
    "grossProfitRatio": 0.885213437,
    "researchAndDevelopmentExpenses": 437300000,
    "generalAndAdministrativeExpenses": 0,
    "sellingAndMarketingExpenses": 0,
    "sellingGeneralAndAdministrativeExpenses": 497300000,
    "otherExpenses": 100800000,
    "operatingExpenses": 1035400000,
    "costAndExpenses": 1348400000,
    "interestIncome": 11200000,
    "interestExpense": 63300000,
    "depreciationAndAmortization": 149700000,
    "ebitda": 1540100000,
    "ebitdaratio": 0.5648012322,
    "operatingIncome": 1378400000,
    "operatingIncomeRatio": 0.5055009535,
    "totalOtherIncomeExpensesNet": -52800000,
    "incomeBeforeTax": 1325600000,
    "incomeBeforeTaxRatio": 0.4861375972,
    "incomeTaxExpense": 356400000,
    "netIncome": 970900000,
    "netIncomeRatio": 0.3560583835,
    "eps": 4.44,
    "epsdiluted": 4.43,
    "weightedAverageShsOut": 218900000,
    "weightedAverageShsOutDil": 219300000,
    "link": "https://www.sec.gov/Archives/edgar/data/875045/000087504516000050/0000875045-16-000050-index.htm",
    "finalLink": "https://www.sec.gov/Archives/edgar/data/875045/000087504516000050/biib-2016331x10q.htm"
  },
  {
    "date": "2015-12-31",
    "symbol": "BIIB",
    "reportedCurrency": "USD",
    "cik": "0000875045",
    "fillingDate": "2016-02-03",
    "acceptedDate": "2016-02-03 16:25:52",
    "calendarYear": "2015",
    "period": "Q4",
    "revenue": 2839300000,
    "costOfRevenue": 331800000,
    "grossProfit": 2507500000,
    "grossProfitRatio": 0.8831402106,
    "researchAndDevelopmentExpenses": 541700000,
    "generalAndAdministrativeExpenses": 474400000,
    "sellingAndMarketingExpenses": 108600000,
    "sellingGeneralAndAdministrativeExpenses": 583000000,
    "otherExpenses": 214600000,
    "operatingExpenses": 1221300000,
    "costAndExpenses": 1553100000,
    "interestIncome": 9100000,
    "interestExpense": 67400000,
    "depreciationAndAmortization": 156300000,
    "ebitda": 1309485000,
    "ebitdaratio": 0.4611999436,
    "operatingIncome": 1168200000,
    "operatingIncomeRatio": 0.4114394393,
    "totalOtherIncomeExpensesNet": -82400000,
    "incomeBeforeTax": 1085800000,
    "incomeBeforeTaxRatio": 0.3824182017,
    "incomeTaxExpense": 257100000,
    "netIncome": 831561000,
    "netIncomeRatio": 0.2928753566,
    "eps": 3.77,
    "epsdiluted": 3.77,
    "weightedAverageShsOut": 220400000,
    "weightedAverageShsOutDil": 220800000,
    "link": "https://www.sec.gov/Archives/edgar/data/875045/000087504516000042/0000875045-16-000042-index.htm",
    "finalLink": "https://www.sec.gov/Archives/edgar/data/875045/000087504516000042/biib-20151231x10k.htm"
  },
  {
    "date": "2015-09-30",
    "symbol": "BIIB",
    "reportedCurrency": "USD",
    "cik": "0000875045",
    "fillingDate": "2015-10-21",
    "acceptedDate": "2015-10-21 16:17:55",
    "calendarYear": "2015",
    "period": "Q3",
    "revenue": 2777859000,
    "costOfRevenue": 310028000,
    "grossProfit": 2467831000,
    "grossProfitRatio": 0.8883931834,
    "researchAndDevelopmentExpenses": 519863000,
    "generalAndAdministrativeExpenses": 0,
    "sellingAndMarketingExpenses": 0,
    "sellingGeneralAndAdministrativeExpenses": 477827000,
    "otherExpenses": 98400000,
    "operatingExpenses": 1095755000,
    "costAndExpenses": 1405783000,
    "interestIncome": 5400000,
    "interestExpense": 15600000,
    "depreciationAndAmortization": 151577000,
    "ebitda": 1523700000,
    "ebitdaratio": 0.5485159614,
    "operatingIncome": 1371832000,
    "operatingIncomeRatio": 0.49384508,
    "totalOtherIncomeExpensesNet": -22200000,
    "incomeBeforeTax": 1356419000,
    "incomeBeforeTaxRatio": 0.4882965622,
    "incomeTaxExpense": 330093000,
    "netIncome": 965600000,
    "netIncomeRatio": 0.347605836,
    "eps": 4.16,
    "epsdiluted": 4.15,
    "weightedAverageShsOut": 232200000,
    "weightedAverageShsOutDil": 232600000,
    "link": "https://www.sec.gov/Archives/edgar/data/875045/000087504515000034/0000875045-15-000034-index.htm",
    "finalLink": "https://www.sec.gov/Archives/edgar/data/875045/000087504515000034/biib-2015930x10q.htm"
  },
  {
    "date": "2015-06-30",
    "symbol": "BIIB",
    "reportedCurrency": "USD",
    "cik": "0000875045",
    "fillingDate": "2015-07-24",
    "acceptedDate": "2015-07-24 16:25:45",
    "calendarYear": "2015",
    "period": "Q2",
    "revenue": 2591642000,
    "costOfRevenue": 286120000,
    "grossProfit": 2305522000,
    "grossProfitRatio": 0.8895989492,
    "researchAndDevelopmentExpenses": 490728000,
    "generalAndAdministrativeExpenses": 0,
    "sellingAndMarketingExpenses": 0,
    "sellingGeneralAndAdministrativeExpenses": 491895000,
    "otherExpenses": 89900000,
    "operatingExpenses": 1074627000,
    "costAndExpenses": 1360747000,
    "interestIncome": 4300000,
    "interestExpense": 5800000,
    "depreciationAndAmortization": 144586000,
    "ebitda": 1375500000,
    "ebitdaratio": 0.5307446013,
    "operatingIncome": 1233096000,
    "operatingIncomeRatio": 0.4757971973,
    "totalOtherIncomeExpensesNet": -10900000,
    "incomeBeforeTax": 1222207000,
    "incomeBeforeTaxRatio": 0.4715956139,
    "incomeTaxExpense": 292501000,
    "netIncome": 927300000,
    "netIncomeRatio": 0.3578040486,
    "eps": 3.94,
    "epsdiluted": 3.93,
    "weightedAverageShsOut": 235300000,
    "weightedAverageShsOutDil": 235700000,
    "link": "https://www.sec.gov/Archives/edgar/data/875045/000087504515000024/0000875045-15-000024-index.htm",
    "finalLink": "https://www.sec.gov/Archives/edgar/data/875045/000087504515000024/biib-2015630x10q.htm"
  },
  {
    "date": "2015-03-31",
    "symbol": "BIIB",
    "reportedCurrency": "USD",
    "cik": "0000875045",
    "fillingDate": "2015-04-24",
    "acceptedDate": "2015-04-24 16:08:55",
    "calendarYear": "2015",
    "period": "Q1",
    "revenue": 2554963000,
    "costOfRevenue": 312431000,
    "grossProfit": 2242532000,
    "grossProfitRatio": 0.8777160374,
    "researchAndDevelopmentExpenses": 460549000,
    "generalAndAdministrativeExpenses": 0,
    "sellingAndMarketingExpenses": 0,
    "sellingGeneralAndAdministrativeExpenses": 560361000,
    "otherExpenses": 103700000,
    "operatingExpenses": 1116813000,
    "costAndExpenses": 1429244000,
    "interestIncome": 3300000,
    "interestExpense": 6700000,
    "depreciationAndAmortization": 147900000,
    "ebitda": 1257500000,
    "ebitdaratio": 0.4921793388,
    "operatingIncome": 1117875000,
    "operatingIncomeRatio": 0.4375307979,
    "totalOtherIncomeExpensesNet": -15000000,
    "incomeBeforeTax": 1102889000,
    "incomeBeforeTaxRatio": 0.4316653509,
    "incomeTaxExpense": 281881000,
    "netIncome": 822500000,
    "netIncomeRatio": 0.3219224701,
    "eps": 3.5,
    "epsdiluted": 3.49,
    "weightedAverageShsOut": 234995000,
    "weightedAverageShsOutDil": 235630000,
    "link": "https://www.sec.gov/Archives/edgar/data/875045/000087504515000014/0000875045-15-000014-index.htm",
    "finalLink": "https://www.sec.gov/Archives/edgar/data/875045/000087504515000014/biib-2015331x10q.htm"
  },
  {
    "date": "2014-12-31",
    "symbol": "BIIB",
    "reportedCurrency": "USD",
    "cik": "0000875045",
    "fillingDate": "2015-02-04",
    "acceptedDate": "2015-02-04 16:39:52",
    "calendarYear": "2014",
    "period": "Q4",
    "revenue": 2640675000,
    "costOfRevenue": 297265000,
    "grossProfit": 2343410000,
    "grossProfitRatio": 0.8874284037,
    "researchAndDevelopmentExpenses": 500091000,
    "generalAndAdministrativeExpenses": 480710000,
    "sellingAndMarketingExpenses": 92900000,
    "sellingGeneralAndAdministrativeExpenses": 573610000,
    "otherExpenses": 109946000,
    "operatingExpenses": 1180947000,
    "costAndExpenses": 1478212000,
    "interestIncome": 3500000,
    "interestExpense": 7400000,
    "depreciationAndAmortization": 157642000,
    "ebitda": 1316054000,
    "ebitdaratio": 0.4983778769,
    "operatingIncome": 1159763000,
    "operatingIncomeRatio": 0.4391918733,
    "totalOtherIncomeExpensesNet": -8938000,
    "incomeBeforeTax": 1151012000,
    "incomeBeforeTaxRatio": 0.4358779479,
    "incomeTaxExpense": 268233000,
    "netIncome": 883464000,
    "netIncomeRatio": 0.3345599137,
    "eps": 3.75,
    "epsdiluted": 3.74,
    "weightedAverageShsOut": 235481000,
    "weightedAverageShsOutDil": 236292000,
    "link": "https://www.sec.gov/Archives/edgar/data/875045/000087504515000005/0000875045-15-000005-index.htm",
    "finalLink": "https://www.sec.gov/Archives/edgar/data/875045/000087504515000005/biib-20141231x10k.htm"
  },
  {
    "date": "2014-09-30",
    "symbol": "BIIB",
    "reportedCurrency": "USD",
    "cik": "0000875045",
    "fillingDate": "2014-10-22",
    "acceptedDate": "2014-10-22 16:59:38",
    "calendarYear": "2014",
    "period": "Q3",
    "revenue": 2511446000,
    "costOfRevenue": 302639000,
    "grossProfit": 2208807000,
    "grossProfitRatio": 0.879496115,
    "researchAndDevelopmentExpenses": 417174000,
    "generalAndAdministrativeExpenses": 0,
    "sellingAndMarketingExpenses": 0,
    "sellingGeneralAndAdministrativeExpenses": 570436000,
    "otherExpenses": 68619000,
    "operatingExpenses": 1110041000,
    "costAndExpenses": 1358868000,
    "interestIncome": 3600000,
    "interestExpense": 7400000,
    "depreciationAndAmortization": 175406000,
    "ebitda": 1319094000,
    "ebitdaratio": 0.5252328738,
    "operatingIncome": 1152578000,
    "operatingIncomeRatio": 0.4589300347,
    "totalOtherIncomeExpensesNet": -21684000,
    "incomeBeforeTax": 1136288000,
    "incomeBeforeTaxRatio": 0.4524437316,
    "incomeTaxExpense": 274774000,
    "netIncome": 856858000,
    "netIncomeRatio": 0.3411811363,
    "eps": 3.63,
    "epsdiluted": 3.62,
    "weightedAverageShsOut": 236217000,
    "weightedAverageShsOutDil": 236972000,
    "link": "https://www.sec.gov/Archives/edgar/data/875045/000087504514000022/0000875045-14-000022-index.htm",
    "finalLink": "https://www.sec.gov/Archives/edgar/data/875045/000087504514000022/biib-2014930x10q.htm"
  },
  {
    "date": "2014-06-30",
    "symbol": "BIIB",
    "reportedCurrency": "USD",
    "cik": "0000875045",
    "fillingDate": "2014-07-23",
    "acceptedDate": "2014-07-23 16:22:38",
    "calendarYear": "2014",
    "period": "Q2",
    "revenue": 2421452000,
    "costOfRevenue": 291887000,
    "grossProfit": 2129565000,
    "grossProfitRatio": 0.8794578625,
    "researchAndDevelopmentExpenses": 447273000,
    "generalAndAdministrativeExpenses": 0,
    "sellingAndMarketingExpenses": 0,
    "sellingGeneralAndAdministrativeExpenses": 576622000,
    "otherExpenses": 116945000,
    "operatingExpenses": 1140721000,
    "costAndExpenses": 1432608000,
    "interestIncome": 2400000,
    "interestExpense": 7100000,
    "depreciationAndAmortization": 164139000,
    "ebitda": 1152983000,
    "ebitdaratio": 0.4761535641,
    "operatingIncome": 988725000,
    "operatingIncomeRatio": 0.4083190582,
    "totalOtherIncomeExpensesNet": 4861000,
    "incomeBeforeTax": 993586000,
    "incomeBeforeTaxRatio": 0.4103265314,
    "incomeTaxExpense": 268521000,
    "netIncome": 714506000,
    "netIncomeRatio": 0.2950733692,
    "eps": 3.02,
    "epsdiluted": 3.01,
    "weightedAverageShsOut": 236661000,
    "weightedAverageShsOutDil": 237401000,
    "link": "https://www.sec.gov/Archives/edgar/data/875045/000087504514000016/0000875045-14-000016-index.htm",
    "finalLink": "https://www.sec.gov/Archives/edgar/data/875045/000087504514000016/biib-2014630x10q.htm"
  },
  {
    "date": "2014-03-31",
    "symbol": "BIIB",
    "reportedCurrency": "USD",
    "cik": "0000875045",
    "fillingDate": "2014-04-23",
    "acceptedDate": "2014-04-23 13:24:07",
    "calendarYear": "2014",
    "period": "Q1",
    "revenue": 2129751000,
    "costOfRevenue": 279245000,
    "grossProfit": 1850506000,
    "grossProfitRatio": 0.8688837334,
    "researchAndDevelopmentExpenses": 528884000,
    "generalAndAdministrativeExpenses": 0,
    "sellingAndMarketingExpenses": 0,
    "sellingGeneralAndAdministrativeExpenses": 511674000,
    "otherExpenses": 138600000,
    "operatingExpenses": 1183816000,
    "costAndExpenses": 1463061000,
    "interestIncome": 2700000,
    "interestExpense": 7600000,
    "depreciationAndAmortization": 190963000,
    "ebitda": 864310000,
    "ebitdaratio": 0.4058267844,
    "operatingIncome": 671348000,
    "operatingIncomeRatio": 0.3152237046,
    "totalOtherIncomeExpensesNet": -13206000,
    "incomeBeforeTax": 658142000,
    "incomeBeforeTaxRatio": 0.3090229797,
    "incomeTaxExpense": 178414000,
    "netIncome": 479956000,
    "netIncomeRatio": 0.2253578,
    "eps": 2.03,
    "epsdiluted": 2.02,
    "weightedAverageShsOut": 236786000,
    "weightedAverageShsOutDil": 237849000,
    "link": "https://www.sec.gov/Archives/edgar/data/875045/000087504514000011/0000875045-14-000011-index.htm",
    "finalLink": "https://www.sec.gov/Archives/edgar/data/875045/000087504514000011/biib-2014331x10q.htm"
  },
  {
    "date": "2013-12-31",
    "symbol": "BIIB",
    "reportedCurrency": "USD",
    "cik": "0000875045",
    "fillingDate": "2014-02-06",
    "acceptedDate": "2014-02-06 17:28:12",
    "calendarYear": "2013",
    "period": "Q4",
    "revenue": 1965850000,
    "costOfRevenue": 258553000,
    "grossProfit": 1707297000,
    "grossProfitRatio": 0.8684777577,
    "researchAndDevelopmentExpenses": 422233000,
    "generalAndAdministrativeExpenses": 450157000,
    "sellingAndMarketingExpenses": 72700000,
    "sellingGeneralAndAdministrativeExpenses": 495657000,
    "otherExpenses": 119781000,
    "operatingExpenses": 1054514000,
    "costAndExpenses": 1313067000,
    "interestIncome": 1500000,
    "interestExpense": 6400000,
    "depreciationAndAmortization": 158383000,
    "ebitda": 817304000,
    "ebitdaratio": 0.4157509474,
    "operatingIncome": 657926000,
    "operatingIncomeRatio": 0.3346776204,
    "totalOtherIncomeExpensesNet": -10359000,
    "incomeBeforeTax": 652521000,
    "incomeBeforeTaxRatio": 0.3319281736,
    "incomeTaxExpense": 190261000,
    "netIncome": 457306000,
    "netIncomeRatio": 0.2326250731,
    "eps": 1.94,
    "epsdiluted": 1.92,
    "weightedAverageShsOut": 236283000,
    "weightedAverageShsOutDil": 237627000,
    "link": "https://www.sec.gov/Archives/edgar/data/875045/000087504514000004/0000875045-14-000004-index.htm",
    "finalLink": "https://www.sec.gov/Archives/edgar/data/875045/000087504514000004/biib-20131231x10k.htm"
  },
  {
    "date": "2013-09-30",
    "symbol": "BIIB",
    "reportedCurrency": "USD",
    "cik": "0000875045",
    "fillingDate": "2013-10-28",
    "acceptedDate": "2013-10-28 14:13:40",
    "calendarYear": "2013",
    "period": "Q3",
    "revenue": 1827780000,
    "costOfRevenue": 234696000,
    "grossProfit": 1593084000,
    "grossProfitRatio": 0.8715950497,
    "researchAndDevelopmentExpenses": 410017000,
    "generalAndAdministrativeExpenses": 0,
    "sellingAndMarketingExpenses": 0,
    "sellingGeneralAndAdministrativeExpenses": 405584000,
    "otherExpenses": 92952000,
    "operatingExpenses": 915599000,
    "costAndExpenses": 1150295000,
    "interestIncome": 1500000,
    "interestExpense": 6600000,
    "depreciationAndAmortization": 147477000,
    "ebitda": 833968000,
    "ebitdaratio": 0.456273731,
    "operatingIncome": 684531000,
    "operatingIncomeRatio": 0.3745149854,
    "totalOtherIncomeExpensesNet": -10810000,
    "incomeBeforeTax": 679891000,
    "incomeBeforeTaxRatio": 0.3719763867,
    "incomeTaxExpense": 186105000,
    "netIncome": 487616000,
    "netIncomeRatio": 0.2667804659,
    "eps": 2.06,
    "epsdiluted": 2.05,
    "weightedAverageShsOut": 237070000,
    "weightedAverageShsOutDil": 238349000,
    "link": "https://www.sec.gov/Archives/edgar/data/875045/000087504513000034/0000875045-13-000034-index.htm",
    "finalLink": "https://www.sec.gov/Archives/edgar/data/875045/000087504513000034/biib-2013930x10q.htm"
  },
  {
    "date": "2013-06-30",
    "symbol": "BIIB",
    "reportedCurrency": "USD",
    "cik": "0000875045",
    "fillingDate": "2013-07-25",
    "acceptedDate": "2013-07-25 16:43:15",
    "calendarYear": "2013",
    "period": "Q2",
    "revenue": 1723473000,
    "costOfRevenue": 230728000,
    "grossProfit": 1492745000,
    "grossProfitRatio": 0.8661261302,
    "researchAndDevelopmentExpenses": 327463000,
    "generalAndAdministrativeExpenses": 0,
    "sellingAndMarketingExpenses": 0,
    "sellingGeneralAndAdministrativeExpenses": 431012000,
    "otherExpenses": 71743000,
    "operatingExpenses": 830218000,
    "costAndExpenses": 1060946000,
    "interestIncome": 900000,
    "interestExpense": 7300000,
    "depreciationAndAmortization": 128427000,
    "ebitda": 787826000,
    "ebitdaratio": 0.4571153711,
    "operatingIncome": 662527000,
    "operatingIncomeRatio": 0.3844139131,
    "totalOtherIncomeExpensesNet": -10428000,
    "incomeBeforeTax": 652099000,
    "incomeBeforeTaxRatio": 0.3783633396,
    "incomeTaxExpense": 159140000,
    "netIncome": 490670000,
    "netIncomeRatio": 0.2846983968,
    "eps": 2.07,
    "epsdiluted": 2.06,
    "weightedAverageShsOut": 237484000,
    "weightedAverageShsOutDil": 238743000,
    "link": "https://www.sec.gov/Archives/edgar/data/875045/000087504513000027/0000875045-13-000027-index.htm",
    "finalLink": "https://www.sec.gov/Archives/edgar/data/875045/000087504513000027/biib-2013630x10q.htm"
  },
  {
    "date": "2013-03-31",
    "symbol": "BIIB",
    "reportedCurrency": "USD",
    "cik": "0000875045",
    "fillingDate": "2013-04-25",
    "acceptedDate": "2013-04-25 16:01:54",
    "calendarYear": "2013",
    "period": "Q1",
    "revenue": 1415096000,
    "costOfRevenue": 133749000,
    "grossProfit": 1281347000,
    "grossProfitRatio": 0.9054841509,
    "researchAndDevelopmentExpenses": 284340000,
    "generalAndAdministrativeExpenses": 0,
    "sellingAndMarketingExpenses": 0,
    "sellingGeneralAndAdministrativeExpenses": 352598000,
    "otherExpenses": 133884000,
    "operatingExpenses": 773596000,
    "costAndExpenses": 907345000,
    "interestIncome": 4300000,
    "interestExpense": 11500000,
    "depreciationAndAmortization": 97453000,
    "ebitda": 605021000,
    "ebitdaratio": 0.4275476717,
    "operatingIncome": 510525000,
    "operatingIncomeRatio": 0.3607705767,
    "totalOtherIncomeExpensesNet": -15494000,
    "incomeBeforeTax": 496068000,
    "incomeBeforeTaxRatio": 0.3505543087,
    "incomeTaxExpense": 65508000,
    "netIncome": 426749000,
    "netIncomeRatio": 0.3015689395,
    "eps": 1.8,
    "epsdiluted": 1.79,
    "weightedAverageShsOut": 236837000,
    "weightedAverageShsOutDil": 238304000,
    "link": "https://www.sec.gov/Archives/edgar/data/875045/000087504513000018/0000875045-13-000018-index.htm",
    "finalLink": "https://www.sec.gov/Archives/edgar/data/875045/000087504513000018/biib-2013331x10q.htm"
  },
  {
    "date": "2012-12-31",
    "symbol": "BIIB",
    "reportedCurrency": "USD",
    "cik": "0000875045",
    "fillingDate": "2013-02-05",
    "acceptedDate": "2013-02-05 06:42:21",
    "calendarYear": "2012",
    "period": "Q4",
    "revenue": 1417941000,
    "costOfRevenue": 133828000,
    "grossProfit": 1284113000,
    "grossProfitRatio": 0.9056180758,
    "researchAndDevelopmentExpenses": 345180000,
    "generalAndAdministrativeExpenses": 321677000,
    "sellingAndMarketingExpenses": 54300000,
    "sellingGeneralAndAdministrativeExpenses": 375977000,
    "otherExpenses": 0,
    "operatingExpenses": 850049000,
    "costAndExpenses": 983877000,
    "interestIncome": 6900000,
    "interestExpense": 13400000,
    "depreciationAndAmortization": 96876000,
    "ebitda": 541493000,
    "ebitdaratio": 0.3818868345,
    "operatingIncome": 445507000,
    "operatingIncomeRatio": 0.3141929037,
    "totalOtherIncomeExpensesNet": -14290000,
    "incomeBeforeTax": 431217000,
    "incomeBeforeTaxRatio": 0.3041149103,
    "incomeTaxExpense": 136341000,
    "netIncome": 292127000,
    "netIncomeRatio": 0.2060219713,
    "eps": 1.23,
    "epsdiluted": 1.23,
    "weightedAverageShsOut": 236612000,
    "weightedAverageShsOutDil": 238324000,
    "link": "https://www.sec.gov/Archives/edgar/data/875045/000087504513000006/0000875045-13-000006-index.htm",
    "finalLink": "https://www.sec.gov/Archives/edgar/data/875045/000087504513000006/biib-20121231x10k.htm"
  },
  {
    "date": "2012-09-30",
    "symbol": "BIIB",
    "reportedCurrency": "USD",
    "cik": "0000875045",
    "fillingDate": "2012-10-25",
    "acceptedDate": "2012-10-25 16:15:30",
    "calendarYear": "2012",
    "period": "Q3",
    "revenue": 1097762000,
    "costOfRevenue": 139358000,
    "grossProfit": 958404000,
    "grossProfitRatio": 0.8730526289,
    "researchAndDevelopmentExpenses": 304217000,
    "generalAndAdministrativeExpenses": 0,
    "sellingAndMarketingExpenses": 0,
    "sellingGeneralAndAdministrativeExpenses": 375176000,
    "otherExpenses": 53013000,
    "operatingExpenses": 732406000,
    "costAndExpenses": 871764000,
    "interestIncome": 5900000,
    "interestExpense": 8700000,
    "depreciationAndAmortization": 94203000,
    "ebitda": 633605000,
    "ebitdaratio": 0.577178842,
    "operatingIncome": 535250000,
    "operatingIncomeRatio": 0.4875829187,
    "totalOtherIncomeExpensesNet": -4548000,
    "incomeBeforeTax": 530702000,
    "incomeBeforeTaxRatio": 0.4834399442,
    "incomeTaxExpense": 131044000,
    "netIncome": 398400000,
    "netIncomeRatio": 0.3629201958,
    "eps": 1.68,
    "epsdiluted": 1.67,
    "weightedAverageShsOut": 236474000,
    "weightedAverageShsOutDil": 238125000,
    "link": "https://www.sec.gov/Archives/edgar/data/875045/000087504512000010/0000875045-12-000010-index.htm",
    "finalLink": "https://www.sec.gov/Archives/edgar/data/875045/000087504512000010/biib-2012930x10q.htm"
  },
  {
    "date": "2012-06-30",
    "symbol": "BIIB",
    "reportedCurrency": "USD",
    "cik": "0000875045",
    "fillingDate": "2012-07-24",
    "acceptedDate": "2012-07-24 15:43:01",
    "calendarYear": "2012",
    "period": "Q2",
    "revenue": 1420951000,
    "costOfRevenue": 139112000,
    "grossProfit": 1281839000,
    "grossProfitRatio": 0.9020993687,
    "researchAndDevelopmentExpenses": 329559000,
    "generalAndAdministrativeExpenses": 0,
    "sellingAndMarketingExpenses": 0,
    "sellingGeneralAndAdministrativeExpenses": 380278000,
    "otherExpenses": 52282000,
    "operatingExpenses": 762119000,
    "costAndExpenses": 915228000,
    "interestIncome": 10200000,
    "interestExpense": 7000000,
    "depreciationAndAmortization": 90624000,
    "ebitda": 606297000,
    "ebitdaratio": 0.4266839602,
    "operatingIncome": 505723000,
    "operatingIncomeRatio": 0.3559046019,
    "totalOtherIncomeExpensesNet": 2950000,
    "incomeBeforeTax": 508673000,
    "incomeBeforeTaxRatio": 0.3579806763,
    "incomeTaxExpense": 121021000,
    "netIncome": 386846000,
    "netIncomeRatio": 0.2722444335,
    "eps": 1.62,
    "epsdiluted": 1.61,
    "weightedAverageShsOut": 238988000,
    "weightedAverageShsOutDil": 240622000,
    "link": "https://www.sec.gov/Archives/edgar/data/875045/000119312512312222/0001193125-12-312222-index.htm",
    "finalLink": "https://www.sec.gov/Archives/edgar/data/875045/000119312512312222/d362642d10q.htm"
  },
  {
    "date": "2012-03-31",
    "symbol": "BIIB",
    "reportedCurrency": "USD",
    "cik": "0000875045",
    "fillingDate": "2012-05-01",
    "acceptedDate": "2012-05-01 16:22:03",
    "calendarYear": "2012",
    "period": "Q1",
    "revenue": 1292014000,
    "costOfRevenue": 133197000,
    "grossProfit": 1158817000,
    "grossProfitRatio": 0.8969074639,
    "researchAndDevelopmentExpenses": 355962000,
    "generalAndAdministrativeExpenses": 0,
    "sellingAndMarketingExpenses": 0,
    "sellingGeneralAndAdministrativeExpenses": 385983000,
    "otherExpenses": 47219000,
    "operatingExpenses": 789164000,
    "costAndExpenses": 922361000,
    "interestIncome": 6500000,
    "interestExpense": 7400000,
    "depreciationAndAmortization": 83945000,
    "ebitda": 475859000,
    "ebitdaratio": 0.3683079286,
    "operatingIncome": 369370000,
    "operatingIncomeRatio": 0.285886995,
    "totalOtherIncomeExpensesNet": 15144000,
    "incomeBeforeTax": 384514000,
    "incomeBeforeTaxRatio": 0.2976082303,
    "incomeTaxExpense": 82148000,
    "netIncome": 302661000,
    "netIncomeRatio": 0.2342552016,
    "eps": 1.26,
    "epsdiluted": 1.25,
    "weightedAverageShsOut": 239754000,
    "weightedAverageShsOutDil": 241828000,
    "link": "https://www.sec.gov/Archives/edgar/data/875045/000119312512200855/0001193125-12-200855-index.htm",
    "finalLink": "https://www.sec.gov/Archives/edgar/data/875045/000119312512200855/d314125d10q.htm"
  },
  {
    "date": "2011-12-31",
    "symbol": "BIIB",
    "reportedCurrency": "USD",
    "cik": "0000875045",
    "fillingDate": "2012-02-03",
    "acceptedDate": "2012-02-03 17:19:40",
    "calendarYear": "2011",
    "period": "Q4",
    "revenue": 1326710000,
    "costOfRevenue": 139638000,
    "grossProfit": 1187072000,
    "grossProfitRatio": 0.894748664,
    "researchAndDevelopmentExpenses": 338933000,
    "generalAndAdministrativeExpenses": 0,
    "sellingAndMarketingExpenses": 0,
    "sellingGeneralAndAdministrativeExpenses": 357369000,
    "otherExpenses": 81032000,
    "operatingExpenses": 777333000,
    "costAndExpenses": 916971000,
    "interestIncome": 5900000,
    "interestExpense": 7496000,
    "depreciationAndAmortization": 88721000,
    "ebitda": 501347000,
    "ebitdaratio": 0.3778874057,
    "operatingIncome": 409103000,
    "operatingIncomeRatio": 0.3083590234,
    "totalOtherIncomeExpensesNet": -3973000,
    "incomeBeforeTax": 405130000,
    "incomeBeforeTaxRatio": 0.3053643976,
    "incomeTaxExpense": 104919000,
    "netIncome": 300238000,
    "netIncomeRatio": 0.2263026585,
    "eps": 1.24,
    "epsdiluted": 1.22,
    "weightedAverageShsOut": 242959000,
    "weightedAverageShsOutDil": 245382000,
    "link": "https://www.sec.gov/Archives/edgar/data/875045/000119312512039072/0001193125-12-039072-index.htm",
    "finalLink": "https://www.sec.gov/Archives/edgar/data/875045/000119312512039072/d272629d10k.htm"
  },
  {
    "date": "2011-09-30",
    "symbol": "BIIB",
    "reportedCurrency": "USD",
    "cik": "0000875045",
    "fillingDate": "2011-10-28",
    "acceptedDate": "2011-10-28 16:14:30",
    "calendarYear": "2011",
    "period": "Q3",
    "revenue": 1309934000,
    "costOfRevenue": 123527000,
    "grossProfit": 1186407000,
    "grossProfitRatio": 0.9056998292,
    "researchAndDevelopmentExpenses": 301391000,
    "generalAndAdministrativeExpenses": 0,
    "sellingAndMarketingExpenses": 0,
    "sellingGeneralAndAdministrativeExpenses": 342873000,
    "otherExpenses": 51847000,
    "operatingExpenses": 696111000,
    "costAndExpenses": 819638000,
    "interestIncome": 5300000,
    "interestExpense": 7927000,
    "depreciationAndAmortization": 87367000,
    "ebitda": 576033000,
    "ebitdaratio": 0.4397420023,
    "operatingIncome": 488493000,
    "operatingIncomeRatio": 0.3729142079,
    "totalOtherIncomeExpensesNet": -7727000,
    "incomeBeforeTax": 480766000,
    "incomeBeforeTaxRatio": 0.3670154374,
    "incomeTaxExpense": 127104000,
    "netIncome": 351826000,
    "netIncomeRatio": 0.2685829973,
    "eps": 1.45,
    "epsdiluted": 1.43,
    "weightedAverageShsOut": 242883000,
    "weightedAverageShsOutDil": 245366000,
    "link": "https://www.sec.gov/Archives/edgar/data/875045/000095012311092986/0000950123-11-092986-index.htm",
    "finalLink": "https://www.sec.gov/Archives/edgar/data/875045/000095012311092986/b87796e10vq.htm"
  },
  {
    "date": "2011-06-30",
    "symbol": "BIIB",
    "reportedCurrency": "USD",
    "cik": "0000875045",
    "fillingDate": "2011-07-26",
    "acceptedDate": "2011-07-26 16:12:33",
    "calendarYear": "2011",
    "period": "Q2",
    "revenue": 1208647000,
    "costOfRevenue": 100503000,
    "grossProfit": 1108144000,
    "grossProfitRatio": 0.9168466889,
    "researchAndDevelopmentExpenses": 285644000,
    "generalAndAdministrativeExpenses": 0,
    "sellingAndMarketingExpenses": 0,
    "sellingGeneralAndAdministrativeExpenses": 354351000,
    "otherExpenses": 55136000,
    "operatingExpenses": 695131000,
    "costAndExpenses": 795634000,
    "interestIncome": 4300000,
    "interestExpense": 8400000,
    "depreciationAndAmortization": 90300000,
    "ebitda": 497785000,
    "ebitdaratio": 0.4118530886,
    "operatingIncome": 410813000,
    "operatingIncomeRatio": 0.3398949404,
    "totalOtherIncomeExpensesNet": -11728000,
    "incomeBeforeTax": 399085000,
    "incomeBeforeTaxRatio": 0.3301915282,
    "incomeTaxExpense": 95036000,
    "netIncome": 288034000,
    "netIncomeRatio": 0.2383111032,
    "eps": 1.19,
    "epsdiluted": 1.18,
    "weightedAverageShsOut": 242375000,
    "weightedAverageShsOutDil": 244966000,
    "link": "https://www.sec.gov/Archives/edgar/data/875045/000095012311068367/0000950123-11-068367-index.htm",
    "finalLink": "https://www.sec.gov/Archives/edgar/data/875045/000095012311068367/b86593e10vq.htm"
  },
  {
    "date": "2011-03-31",
    "symbol": "BIIB",
    "reportedCurrency": "USD",
    "cik": "0000875045",
    "fillingDate": "2011-04-21",
    "acceptedDate": "2011-04-21 09:27:45",
    "calendarYear": "2011",
    "period": "Q1",
    "revenue": 1203342000,
    "costOfRevenue": 103113000,
    "grossProfit": 1100229000,
    "grossProfitRatio": 0.9143111435,
    "researchAndDevelopmentExpenses": 293633000,
    "generalAndAdministrativeExpenses": 0,
    "sellingAndMarketingExpenses": 0,
    "sellingGeneralAndAdministrativeExpenses": 319310000,
    "otherExpenses": 53216000,
    "operatingExpenses": 666159000,
    "costAndExpenses": 787059000,
    "interestIncome": 3700000,
    "interestExpense": 92000000,
    "depreciationAndAmortization": 92545000,
    "ebitda": 610779000,
    "ebitdaratio": 0.5075689206,
    "operatingIncome": 416283000,
    "operatingIncomeRatio": 0.3459390597,
    "totalOtherIncomeExpensesNet": 9951000,
    "incomeBeforeTax": 426234000,
    "incomeBeforeTaxRatio": 0.3542085292,
    "incomeTaxExpense": 117468000,
    "netIncome": 293800000,
    "netIncomeRatio": 0.2441533662,
    "eps": 1.22,
    "epsdiluted": 1.2,
    "weightedAverageShsOut": 241536000,
    "weightedAverageShsOutDil": 244551000,
    "link": "https://www.sec.gov/Archives/edgar/data/875045/000095012311037561/0000950123-11-037561-index.htm",
    "finalLink": "https://www.sec.gov/Archives/edgar/data/875045/000095012311037561/b85468e10vq.htm"
  },
  {
    "date": "2010-12-31",
    "symbol": "BIIB",
    "reportedCurrency": "USD",
    "cik": "0000875045",
    "fillingDate": "2011-02-04",
    "acceptedDate": "2011-02-04 17:06:26",
    "calendarYear": "2010",
    "period": "Q4",
    "revenue": 1219072000,
    "costOfRevenue": 100304000,
    "grossProfit": 1118768000,
    "grossProfitRatio": 0.9177210206,
    "researchAndDevelopmentExpenses": 45869000,
    "generalAndAdministrativeExpenses": 0,
    "sellingAndMarketingExpenses": 0,
    "sellingGeneralAndAdministrativeExpenses": 344224000,
    "otherExpenses": 53360000,
    "operatingExpenses": 443453000,
    "costAndExpenses": 863886000,
    "interestIncome": 3700000,
    "interestExpense": 9500000,
    "depreciationAndAmortization": 94012000,
    "ebitda": 454033000,
    "ebitdaratio": 0.3724414965,
    "operatingIncome": 355186000,
    "operatingIncomeRatio": 0.2913576885,
    "totalOtherIncomeExpensesNet": -4665000,
    "incomeBeforeTax": 350521000,
    "incomeBeforeTaxRatio": 0.2875310072,
    "incomeTaxExpense": 78769000,
    "netIncome": 240278000,
    "netIncomeRatio": 0.1970991049,
    "eps": 0.99,
    "epsdiluted": 0.98,
    "weightedAverageShsOut": 241536000,
    "weightedAverageShsOutDil": 244551000,
    "link": "https://www.sec.gov/Archives/edgar/data/875045/000095012311009300/0000950123-11-009300-index.htm",
    "finalLink": "https://www.sec.gov/Archives/edgar/data/875045/000095012311009300/b83162e10vk.htm"
  },
  {
    "date": "2010-09-30",
    "symbol": "BIIB",
    "reportedCurrency": "USD",
    "cik": "0000875045",
    "fillingDate": "2010-10-26",
    "acceptedDate": "2010-10-26 14:10:49",
    "calendarYear": "2010",
    "period": "Q3",
    "revenue": 1175789000,
    "costOfRevenue": 95918000,
    "grossProfit": 1079871000,
    "grossProfitRatio": 0.918422438,
    "researchAndDevelopmentExpenses": 524054000,
    "generalAndAdministrativeExpenses": 0,
    "sellingAndMarketingExpenses": 0,
    "sellingGeneralAndAdministrativeExpenses": 308151000,
    "otherExpenses": 53531000,
    "operatingExpenses": 885736000,
    "costAndExpenses": 981654000,
    "interestIncome": 3100000,
    "interestExpense": 9300000,
    "depreciationAndAmortization": 90128000,
    "ebitda": 286663000,
    "ebitdaratio": 0.2438047983,
    "operatingIncome": 194135000,
    "operatingIncomeRatio": 0.1651104067,
    "totalOtherIncomeExpensesNet": -6945000,
    "incomeBeforeTax": 187190000,
    "incomeBeforeTaxRatio": 0.1592037347,
    "incomeTaxExpense": 75011000,
    "netIncome": 254115000,
    "netIncomeRatio": 0.2161229608,
    "eps": 1.06,
    "epsdiluted": 1.05,
    "weightedAverageShsOut": 239864000,
    "weightedAverageShsOutDil": 242313000,
    "link": "https://www.sec.gov/Archives/edgar/data/875045/000095012310096037/0000950123-10-096037-index.htm",
    "finalLink": "https://www.sec.gov/Archives/edgar/data/875045/000095012310096037/b82215e10vq.htm"
  },
  {
    "date": "2010-06-30",
    "symbol": "BIIB",
    "reportedCurrency": "USD",
    "cik": "0000875045",
    "fillingDate": "2010-07-20",
    "acceptedDate": "2010-07-20 16:23:10",
    "calendarYear": "2010",
    "period": "Q2",
    "revenue": 1212702000,
    "costOfRevenue": 106985000,
    "grossProfit": 1105717000,
    "grossProfitRatio": 0.9117796458,
    "researchAndDevelopmentExpenses": 331675000,
    "generalAndAdministrativeExpenses": 0,
    "sellingAndMarketingExpenses": 0,
    "sellingGeneralAndAdministrativeExpenses": 325014000,
    "otherExpenses": 53148000,
    "operatingExpenses": 709837000,
    "costAndExpenses": 816822000,
    "interestIncome": 6700000,
    "interestExpense": 9000000,
    "depreciationAndAmortization": 87451000,
    "ebitda": 493343000,
    "ebitdaratio": 0.4068130505,
    "operatingIncome": 395880000,
    "operatingIncomeRatio": 0.3264445841,
    "totalOtherIncomeExpensesNet": 1012000,
    "incomeBeforeTax": 396892000,
    "incomeBeforeTaxRatio": 0.3272790842,
    "incomeTaxExpense": 102243000,
    "netIncome": 293438000,
    "netIncomeRatio": 0.2419704099,
    "eps": 1.13,
    "epsdiluted": 1.12,
    "weightedAverageShsOut": 259938000,
    "weightedAverageShsOutDil": 261658000,
    "link": "https://www.sec.gov/Archives/edgar/data/875045/000095012310066527/0000950123-10-066527-index.htm",
    "finalLink": "https://www.sec.gov/Archives/edgar/data/875045/000095012310066527/b80059e10vq.htm"
  },
  {
    "date": "2010-03-31",
    "symbol": "BIIB",
    "reportedCurrency": "USD",
    "cik": "0000875045",
    "fillingDate": "2010-04-20",
    "acceptedDate": "2010-04-20 15:31:56",
    "calendarYear": "2010",
    "period": "Q1",
    "revenue": 1108860000,
    "costOfRevenue": 97055000,
    "grossProfit": 1011805000,
    "grossProfitRatio": 0.9124731706,
    "researchAndDevelopmentExpenses": 347006000,
    "generalAndAdministrativeExpenses": 0,
    "sellingAndMarketingExpenses": 0,
    "sellingGeneralAndAdministrativeExpenses": 312221000,
    "otherExpenses": 48889000,
    "operatingExpenses": 708116000,
    "costAndExpenses": 805171000,
    "interestIncome": 8900000,
    "interestExpense": 8300000,
    "depreciationAndAmortization": 82510000,
    "ebitda": 386113000,
    "ebitdaratio": 0.3482071677,
    "operatingIncome": 303689000,
    "operatingIncomeRatio": 0.2738749707,
    "totalOtherIncomeExpensesNet": -8386000,
    "incomeBeforeTax": 295303000,
    "incomeBeforeTaxRatio": 0.2663122486,
    "incomeTaxExpense": 75310000,
    "netIncome": 217000000,
    "netIncomeRatio": 0.1956964811,
    "eps": 0.8,
    "epsdiluted": 0.8,
    "weightedAverageShsOut": 269922000,
    "weightedAverageShsOutDil": 272703000,
    "link": "https://www.sec.gov/Archives/edgar/data/875045/000095012310036233/0000950123-10-036233-index.htm",
    "finalLink": "https://www.sec.gov/Archives/edgar/data/875045/000095012310036233/b79987e10vq.htm"
  },
  {
    "date": "2009-12-31",
    "symbol": "BIIB",
    "reportedCurrency": "USD",
    "cik": "0000875045",
    "fillingDate": "2010-02-09",
    "acceptedDate": "2010-02-09 17:21:42",
    "calendarYear": "2009",
    "period": "Q4",
    "revenue": 1127056000,
    "costOfRevenue": 99700000,
    "grossProfit": 1027356000,
    "grossProfitRatio": 0.9115394444,
    "researchAndDevelopmentExpenses": 283082000,
    "generalAndAdministrativeExpenses": 0,
    "sellingAndMarketingExpenses": 0,
    "sellingGeneralAndAdministrativeExpenses": 304915000,
    "otherExpenses": 55981000,
    "operatingExpenses": 643978000,
    "costAndExpenses": 743678000,
    "interestIncome": 10700000,
    "interestExpense": 8200000,
    "depreciationAndAmortization": 93200000,
    "ebitda": 491144000,
    "ebitdaratio": 0.4357760395,
    "operatingIncome": 383378000,
    "operatingIncomeRatio": 0.3401587854,
    "totalOtherIncomeExpensesNet": 6366000,
    "incomeBeforeTax": 389744000,
    "incomeBeforeTaxRatio": 0.3458071294,
    "incomeTaxExpense": 83748000,
    "netIncome": 305637000,
    "netIncomeRatio": 0.2711817336,
    "eps": 1.13,
    "epsdiluted": 1.12,
    "weightedAverageShsOut": 269922000,
    "weightedAverageShsOutDil": 272703000,
    "link": "https://www.sec.gov/Archives/edgar/data/875045/000095012310010528/0000950123-10-010528-index.htm",
    "finalLink": "https://www.sec.gov/Archives/edgar/data/875045/000095012310010528/b77985e10vk.htm"
  },
  {
    "date": "2009-09-30",
    "symbol": "BIIB",
    "reportedCurrency": "USD",
    "cik": "0000875045",
    "fillingDate": "2009-10-21",
    "acceptedDate": "2009-10-21 16:58:16",
    "calendarYear": "2009",
    "period": "Q3",
    "revenue": 1120518000,
    "costOfRevenue": 93486000,
    "grossProfit": 1027032000,
    "grossProfitRatio": 0.916568944,
    "researchAndDevelopmentExpenses": 304055000,
    "generalAndAdministrativeExpenses": 0,
    "sellingAndMarketingExpenses": 0,
    "sellingGeneralAndAdministrativeExpenses": 287452000,
    "otherExpenses": 51347000,
    "operatingExpenses": 642854000,
    "costAndExpenses": 736340000,
    "interestIncome": 10900000,
    "interestExpense": 8500000,
    "depreciationAndAmortization": 85884000,
    "ebitda": 487922000,
    "ebitdaratio": 0.4354432504,
    "operatingIncome": 384178000,
    "operatingIncomeRatio": 0.3428574998,
    "totalOtherIncomeExpensesNet": 9360000,
    "incomeBeforeTax": 393538000,
    "incomeBeforeTaxRatio": 0.3512107793,
    "incomeTaxExpense": 113936000,
    "netIncome": 277663000,
    "netIncomeRatio": 0.2477987859,
    "eps": 0.96,
    "epsdiluted": 0.95,
    "weightedAverageShsOut": 288917000,
    "weightedAverageShsOutDil": 291037000,
    "link": "https://www.sec.gov/Archives/edgar/data/875045/000095012309051956/0000950123-09-051956-index.htm",
    "finalLink": "https://www.sec.gov/Archives/edgar/data/875045/000095012309051956/b76759e10vq.htm"
  },
  {
    "date": "2009-06-30",
    "symbol": "BIIB",
    "reportedCurrency": "USD",
    "cik": "0000875045",
    "fillingDate": "2009-07-17",
    "acceptedDate": "2009-07-16 19:50:27",
    "calendarYear": "2009",
    "period": "Q2",
    "revenue": 1093289000,
    "costOfRevenue": 90721000,
    "grossProfit": 1002568000,
    "grossProfitRatio": 0.9170201109,
    "researchAndDevelopmentExpenses": 416453000,
    "generalAndAdministrativeExpenses": 0,
    "sellingAndMarketingExpenses": 0,
    "sellingGeneralAndAdministrativeExpenses": 269967000,
    "otherExpenses": 93234000,
    "operatingExpenses": 779654000,
    "costAndExpenses": 870375000,
    "interestIncome": 12100000,
    "interestExpense": 9300000,
    "depreciationAndAmortization": 126731000,
    "ebitda": 373625000,
    "ebitdaratio": 0.3417440402,
    "operatingIncome": 222914000,
    "operatingIncomeRatio": 0.2038930237,
    "totalOtherIncomeExpensesNet": 14680000,
    "incomeBeforeTax": 237594000,
    "incomeBeforeTaxRatio": 0.2173203974,
    "incomeTaxExpense": 92709000,
    "netIncome": 142845000,
    "netIncomeRatio": 0.1306562126,
    "eps": 0.49,
    "epsdiluted": 0.49,
    "weightedAverageShsOut": 288615000,
    "weightedAverageShsOutDil": 290359000,
    "link": "https://www.sec.gov/Archives/edgar/data/875045/000095012309022892/0000950123-09-022892-index.htm",
    "finalLink": "https://www.sec.gov/Archives/edgar/data/875045/000095012309022892/b73482bie10vq.htm"
  },
  {
    "date": "2009-03-31",
    "symbol": "BIIB",
    "reportedCurrency": "USD",
    "cik": "0000875045",
    "fillingDate": "2009-04-17",
    "acceptedDate": "2009-04-17 17:01:21",
    "calendarYear": "2009",
    "period": "Q1",
    "revenue": 1036484000,
    "costOfRevenue": 98197000,
    "grossProfit": 938287000,
    "grossProfitRatio": 0.905259512,
    "researchAndDevelopmentExpenses": 279478000,
    "generalAndAdministrativeExpenses": 0,
    "sellingAndMarketingExpenses": 0,
    "sellingGeneralAndAdministrativeExpenses": 264603000,
    "otherExpenses": 89248000,
    "operatingExpenses": 633329000,
    "costAndExpenses": 731526000,
    "interestIncome": 14800000,
    "interestExpense": 9900000,
    "depreciationAndAmortization": 122146000,
    "ebitda": 443850000,
    "ebitdaratio": 0.4282265814,
    "operatingIncome": 304958000,
    "operatingIncomeRatio": 0.2942235481,
    "totalOtherIncomeExpensesNet": 6846000,
    "incomeBeforeTax": 311804000,
    "incomeBeforeTaxRatio": 0.3008285704,
    "incomeTaxExpense": 65225000,
    "netIncome": 243987000,
    "netIncomeRatio": 0.2353987133,
    "eps": 0.85,
    "epsdiluted": 0.84,
    "weightedAverageShsOut": 287703000,
    "weightedAverageShsOutDil": 289744000,
    "link": "https://www.sec.gov/Archives/edgar/data/875045/000095013509002908/0000950135-09-002908-index.htm",
    "finalLink": "https://www.sec.gov/Archives/edgar/data/875045/000095013509002908/b75004bie10vq.htm"
  },
  {
    "date": "2008-12-31",
    "symbol": "BIIB",
    "reportedCurrency": "USD",
    "cik": "0000875045",
    "fillingDate": "2009-02-06",
    "acceptedDate": "2009-02-06 17:15:32",
    "calendarYear": "2008",
    "period": "Q4",
    "revenue": 1068913000,
    "costOfRevenue": 101161000,
    "grossProfit": 967752000,
    "grossProfitRatio": 0.9053608666,
    "researchAndDevelopmentExpenses": 292767000,
    "generalAndAdministrativeExpenses": 0,
    "sellingAndMarketingExpenses": 0,
    "sellingGeneralAndAdministrativeExpenses": 230963000,
    "otherExpenses": 119062000,
    "operatingExpenses": 642792000,
    "costAndExpenses": 743953000,
    "interestIncome": 72045000,
    "interestExpense": 51962000,
    "depreciationAndAmortization": 122017000,
    "ebitda": 464089000,
    "ebitdaratio": 0.4341691045,
    "operatingIncome": 324960000,
    "operatingIncomeRatio": 0.3040097744,
    "totalOtherIncomeExpensesNet": -34850000,
    "incomeBeforeTax": 290110000,
    "incomeBeforeTaxRatio": 0.2714065597,
    "incomeTaxExpense": 83456000,
    "netIncome": 206654000,
    "netIncomeRatio": 0.193330982,
    "eps": 0.72,
    "epsdiluted": 0.71,
    "weightedAverageShsOut": 287703000,
    "weightedAverageShsOutDil": 289744000,
    "link": "https://www.sec.gov/Archives/edgar/data/875045/000095013509000730/0000950135-09-000730-index.htm",
    "finalLink": "https://www.sec.gov/Archives/edgar/data/875045/000095013509000730/b73435bie10vk.htm"
  },
  {
    "date": "2008-09-30",
    "symbol": "BIIB",
    "reportedCurrency": "USD",
    "cik": "0000875045",
    "fillingDate": "2008-10-21",
    "acceptedDate": "2008-10-21 16:24:44",
    "calendarYear": "2008",
    "period": "Q3",
    "revenue": 1092964000,
    "costOfRevenue": 107493000,
    "grossProfit": 985471000,
    "grossProfitRatio": 0.9016500086,
    "researchAndDevelopmentExpenses": 268800000,
    "generalAndAdministrativeExpenses": 0,
    "sellingAndMarketingExpenses": 0,
    "sellingGeneralAndAdministrativeExpenses": 232824000,
    "otherExpenses": 94464000,
    "operatingExpenses": 596088000,
    "costAndExpenses": 747114000,
    "interestIncome": 16800000,
    "interestExpense": 8100000,
    "depreciationAndAmortization": 127571000,
    "ebitda": 457808000,
    "ebitdaratio": 0.418868325,
    "operatingIncome": 345850000,
    "operatingIncomeRatio": 0.3164331122,
    "totalOtherIncomeExpensesNet": -23713000,
    "incomeBeforeTax": 321125000,
    "incomeBeforeTaxRatio": 0.2938111411,
    "incomeTaxExpense": 114337000,
    "netIncome": 206788000,
    "netIncomeRatio": 0.1891992783,
    "eps": 0.71,
    "epsdiluted": 0.7,
    "weightedAverageShsOut": 291408000,
    "weightedAverageShsOutDil": 293921000,
    "link": "https://www.sec.gov/Archives/edgar/data/875045/000095013508006568/0000950135-08-006568-index.htm",
    "finalLink": "https://www.sec.gov/Archives/edgar/data/875045/000095013508006568/b72570bie10vq.htm"
  },
  {
    "date": "2008-06-30",
    "symbol": "BIIB",
    "reportedCurrency": "USD",
    "cik": "0000875045",
    "fillingDate": "2008-07-22",
    "acceptedDate": "2008-07-22 17:05:47",
    "calendarYear": "2008",
    "period": "Q2",
    "revenue": 993444000,
    "costOfRevenue": 92401000,
    "grossProfit": 901043000,
    "grossProfitRatio": 0.9069892213,
    "researchAndDevelopmentExpenses": 252259000,
    "generalAndAdministrativeExpenses": 0,
    "sellingAndMarketingExpenses": 0,
    "sellingGeneralAndAdministrativeExpenses": 245689000,
    "otherExpenses": 72869000,
    "operatingExpenses": 570817000,
    "costAndExpenses": 696647000,
    "interestIncome": 15347000,
    "interestExpense": 13900000,
    "depreciationAndAmortization": 105539000,
    "ebitda": 412218000,
    "ebitdaratio": 0.4149383357,
    "operatingIncome": 296797000,
    "operatingIncomeRatio": 0.298755642,
    "totalOtherIncomeExpensesNet": -4018000,
    "incomeBeforeTax": 291334000,
    "incomeBeforeTaxRatio": 0.2932565902,
    "incomeTaxExpense": 84706000,
    "netIncome": 206328000,
    "netIncomeRatio": 0.2076896131,
    "eps": 0.71,
    "epsdiluted": 0.7,
    "weightedAverageShsOut": 290356000,
    "weightedAverageShsOutDil": 293476000,
    "link": "https://www.sec.gov/Archives/edgar/data/875045/000095013508005071/0000950135-08-005071-index.htm",
    "finalLink": "https://www.sec.gov/Archives/edgar/data/875045/000095013508005071/b71135bie10vq.htm"
  },
  {
    "date": "2008-03-31",
    "symbol": "BIIB",
    "reportedCurrency": "USD",
    "cik": "0000875045",
    "fillingDate": "2008-04-23",
    "acceptedDate": "2008-04-23 16:24:03",
    "calendarYear": "2008",
    "period": "Q1",
    "revenue": 942186000,
    "costOfRevenue": 100934000,
    "grossProfit": 841252000,
    "grossProfitRatio": 0.8928725326,
    "researchAndDevelopmentExpenses": 258232000,
    "generalAndAdministrativeExpenses": 0,
    "sellingAndMarketingExpenses": 0,
    "sellingGeneralAndAdministrativeExpenses": 215829000,
    "otherExpenses": 74781000,
    "operatingExpenses": 548842000,
    "costAndExpenses": 696182000,
    "interestIncome": 22900000,
    "interestExpense": 15730000,
    "depreciationAndAmortization": 106932000,
    "ebitda": 371716000,
    "ebitdaratio": 0.3945250725,
    "operatingIncome": 246004000,
    "operatingIncomeRatio": 0.2610991885,
    "totalOtherIncomeExpensesNet": 3080000,
    "incomeBeforeTax": 246374000,
    "incomeBeforeTaxRatio": 0.2614918923,
    "incomeTaxExpense": 83277000,
    "netIncome": 163397000,
    "netIncomeRatio": 0.1734232943,
    "eps": 0.55,
    "epsdiluted": 0.54,
    "weightedAverageShsOut": 296171000,
    "weightedAverageShsOutDil": 299500000,
    "link": "https://www.sec.gov/Archives/edgar/data/875045/000095013508002700/0000950135-08-002700-index.htm",
    "finalLink": "https://www.sec.gov/Archives/edgar/data/875045/000095013508002700/b69681bie10vq.htm"
  },
  {
    "date": "2007-12-31",
    "symbol": "BIIB",
    "reportedCurrency": "USD",
    "cik": "0000875045",
    "fillingDate": "2008-02-14",
    "acceptedDate": "2008-02-14 17:07:02",
    "calendarYear": "2007",
    "period": "Q4",
    "revenue": 893300000,
    "costOfRevenue": 87566000,
    "grossProfit": 805734000,
    "grossProfitRatio": 0.9019747005,
    "researchAndDevelopmentExpenses": 229292000,
    "generalAndAdministrativeExpenses": 0,
    "sellingAndMarketingExpenses": 0,
    "sellingGeneralAndAdministrativeExpenses": 193730000,
    "otherExpenses": 84664000,
    "operatingExpenses": 507686000,
    "costAndExpenses": 630870000,
    "interestIncome": 23508000,
    "interestExpense": 18600000,
    "depreciationAndAmortization": 102263000,
    "ebitda": 415924000,
    "ebitdaratio": 0.4656039404,
    "operatingIncome": 262430000,
    "operatingIncomeRatio": 0.2937758872,
    "totalOtherIncomeExpensesNet": 32631000,
    "incomeBeforeTax": 295061000,
    "incomeBeforeTaxRatio": 0.330304489,
    "incomeTaxExpense": 93911000,
    "netIncome": 201150000,
    "netIncomeRatio": 0.2251763125,
    "eps": 0.68,
    "epsdiluted": 0.67,
    "weightedAverageShsOut": 296171000,
    "weightedAverageShsOutDil": 299500000,
    "link": "https://www.sec.gov/Archives/edgar/data/875045/000095013508001029/0000950135-08-001029-index.htm",
    "finalLink": "https://www.sec.gov/Archives/edgar/data/875045/000095013508001029/b68103bie10vk.htm"
  },
  {
    "date": "2007-09-30",
    "symbol": "BIIB",
    "reportedCurrency": "USD",
    "cik": "0000875045",
    "fillingDate": "2007-10-23",
    "acceptedDate": "2007-10-23 16:02:12",
    "calendarYear": "2007",
    "period": "Q3",
    "revenue": 789231000,
    "costOfRevenue": 81613000,
    "grossProfit": 707618000,
    "grossProfitRatio": 0.8965917456,
    "researchAndDevelopmentExpenses": 286274000,
    "generalAndAdministrativeExpenses": 0,
    "sellingAndMarketingExpenses": 0,
    "sellingGeneralAndAdministrativeExpenses": 190644000,
    "otherExpenses": 77373000,
    "operatingExpenses": 554291000,
    "costAndExpenses": 660021000,
    "interestIncome": 18804000,
    "interestExpense": 19600000,
    "depreciationAndAmortization": 96755000,
    "ebitda": 270889000,
    "ebitdaratio": 0.3432315761,
    "operatingIncome": 129210000,
    "operatingIncomeRatio": 0.1637163264,
    "totalOtherIncomeExpensesNet": 44904000,
    "incomeBeforeTax": 174114000,
    "incomeBeforeTaxRatio": 0.2206122162,
    "incomeTaxExpense": 54733000,
    "netIncome": 119581000,
    "netIncomeRatio": 0.1515158426,
    "eps": 0.41,
    "epsdiluted": 0.41,
    "weightedAverageShsOut": 288958000,
    "weightedAverageShsOutDil": 293396000,
    "link": "https://www.sec.gov/Archives/edgar/data/875045/000095013507006331/0000950135-07-006331-index.htm",
    "finalLink": "https://www.sec.gov/Archives/edgar/data/875045/000095013507006331/b67144bie10vq.htm"
  },
  {
    "date": "2007-06-30",
    "symbol": "BIIB",
    "reportedCurrency": "USD",
    "cik": "0000875045",
    "fillingDate": "2007-07-24",
    "acceptedDate": "2007-07-24 17:15:11",
    "calendarYear": "2007",
    "period": "Q2",
    "revenue": 773176000,
    "costOfRevenue": 84063000,
    "grossProfit": 689113000,
    "grossProfitRatio": 0.8912757251,
    "researchAndDevelopmentExpenses": 218149000,
    "generalAndAdministrativeExpenses": 0,
    "sellingAndMarketingExpenses": 0,
    "sellingGeneralAndAdministrativeExpenses": 203668000,
    "otherExpenses": 60961000,
    "operatingExpenses": 482778000,
    "costAndExpenses": 566841000,
    "interestIncome": 32100000,
    "interestExpense": 1900000,
    "depreciationAndAmortization": 92460000,
    "ebitda": 332386000,
    "ebitdaratio": 0.4298969446,
    "operatingIncome": 206440000,
    "operatingIncomeRatio": 0.2670025971,
    "totalOtherIncomeExpensesNet": 31586000,
    "incomeBeforeTax": 238026000,
    "incomeBeforeTaxRatio": 0.3078548739,
    "incomeTaxExpense": 51886000,
    "netIncome": 185940000,
    "netIncomeRatio": 0.2404885822,
    "eps": 0.55,
    "epsdiluted": 0.54,
    "weightedAverageShsOut": 340315000,
    "weightedAverageShsOutDil": 343389000,
    "link": "https://www.sec.gov/Archives/edgar/data/875045/000095013507004420/0000950135-07-004420-index.htm",
    "finalLink": "https://www.sec.gov/Archives/edgar/data/875045/000095013507004420/b66127bie10vq.htm"
  },
  {
    "date": "2007-03-31",
    "symbol": "BIIB",
    "reportedCurrency": "USD",
    "cik": "0000875045",
    "fillingDate": "2007-05-03",
    "acceptedDate": "2007-05-03 17:02:42",
    "calendarYear": "2007",
    "period": "Q1",
    "revenue": 715910000,
    "costOfRevenue": 81950000,
    "grossProfit": 633960000,
    "grossProfitRatio": 0.8855303041,
    "researchAndDevelopmentExpenses": 191449000,
    "generalAndAdministrativeExpenses": 0,
    "sellingAndMarketingExpenses": 0,
    "sellingGeneralAndAdministrativeExpenses": 188061000,
    "otherExpenses": 59920000,
    "operatingExpenses": 439430000,
    "costAndExpenses": 534218000,
    "interestIncome": 29141000,
    "interestExpense": 406000,
    "depreciationAndAmortization": 88815000,
    "ebitda": 292609000,
    "ebitdaratio": 0.4087231635,
    "operatingIncome": 181692000,
    "operatingIncomeRatio": 0.2537916777,
    "totalOtherIncomeExpensesNet": 21702000,
    "incomeBeforeTax": 203394000,
    "incomeBeforeTaxRatio": 0.284105544,
    "incomeTaxExpense": 71893000,
    "netIncome": 131701000,
    "netIncomeRatio": 0.183963068,
    "eps": 0.39,
    "epsdiluted": 0.38,
    "weightedAverageShsOut": 340310000,
    "weightedAverageShsOutDil": 344058000,
    "link": "https://www.sec.gov/Archives/edgar/data/875045/000095013507002796/0000950135-07-002796-index.htm",
    "finalLink": "https://www.sec.gov/Archives/edgar/data/875045/000095013507002796/b65131bie10vq.htm"
  },
  {
    "date": "2006-12-31",
    "symbol": "BIIB",
    "reportedCurrency": "USD",
    "cik": "0000875045",
    "fillingDate": "2007-02-21",
    "acceptedDate": "2007-02-21 17:10:26",
    "calendarYear": "2006",
    "period": "Q4",
    "revenue": -102523000,
    "costOfRevenue": 62103000,
    "grossProfit": -164626000,
    "grossProfitRatio": 1.6057470031,
    "researchAndDevelopmentExpenses": 199480000,
    "generalAndAdministrativeExpenses": 0,
    "sellingAndMarketingExpenses": 0,
    "sellingGeneralAndAdministrativeExpenses": 192234000,
    "otherExpenses": 50338000,
    "operatingExpenses": 749925000,
    "costAndExpenses": -294241000,
    "interestIncome": 25517000,
    "interestExpense": 318000,
    "depreciationAndAmortization": 87217000,
    "ebitda": 268606000,
    "ebitdaratio": -2.6199584483,
    "operatingIncome": 191718000,
    "operatingIncomeRatio": -1.8699999025,
    "totalOtherIncomeExpensesNet": -10647000,
    "incomeBeforeTax": 181071000,
    "incomeBeforeTaxRatio": -1.7661500346,
    "incomeTaxExpense": 72515000,
    "netIncome": 108556000,
    "netIncomeRatio": -1.0588453323,
    "eps": 0.32,
    "epsdiluted": 0.32,
    "weightedAverageShsOut": 340310000,
    "weightedAverageShsOutDil": 344058000,
    "link": "https://www.sec.gov/Archives/edgar/data/875045/000095013507000981/0000950135-07-000981-index.htm",
    "finalLink": "https://www.sec.gov/Archives/edgar/data/875045/000095013507000981/b63632bie10vk.htm"
  },
  {
    "date": "2006-09-30",
    "symbol": "BIIB",
    "reportedCurrency": "USD",
    "cik": "0000875045",
    "fillingDate": "2006-11-09",
    "acceptedDate": "2006-11-09 16:27:46",
    "calendarYear": "2006",
    "period": "Q3",
    "revenue": 703492000,
    "costOfRevenue": 66792000,
    "grossProfit": 636700000,
    "grossProfitRatio": 0.9050564896,
    "researchAndDevelopmentExpenses": 211033000,
    "generalAndAdministrativeExpenses": 0,
    "sellingAndMarketingExpenses": 0,
    "sellingGeneralAndAdministrativeExpenses": 168153000,
    "otherExpenses": 60011000,
    "operatingExpenses": 439197000,
    "costAndExpenses": 505989000,
    "interestIncome": 26031000,
    "interestExpense": 74000,
    "depreciationAndAmortization": 89731000,
    "ebitda": 309478000,
    "ebitdaratio": 0.4399168718,
    "operatingIncome": 197328000,
    "operatingIncomeRatio": 0.2804978593,
    "totalOtherIncomeExpensesNet": 22319000,
    "incomeBeforeTax": 219647000,
    "incomeBeforeTaxRatio": 0.3122238775,
    "incomeTaxExpense": 63048000,
    "netIncome": 156799000,
    "netIncomeRatio": 0.2228866853,
    "eps": 0.46,
    "epsdiluted": 0.45,
    "weightedAverageShsOut": 338021000,
    "weightedAverageShsOutDil": 344754000,
    "link": "https://www.sec.gov/Archives/edgar/data/875045/000095013506006837/0000950135-06-006837-index.htm",
    "finalLink": "https://www.sec.gov/Archives/edgar/data/875045/000095013506006837/b62609bie10vq.htm"
  },
  {
    "date": "2006-06-30",
    "symbol": "BIIB",
    "reportedCurrency": "USD",
    "cik": "0000875045",
    "fillingDate": "2006-08-10",
    "acceptedDate": "2006-08-10 15:20:25",
    "calendarYear": "2006",
    "period": "Q2",
    "revenue": 660041000,
    "costOfRevenue": 77993000,
    "grossProfit": 582048000,
    "grossProfitRatio": 0.8818361284,
    "researchAndDevelopmentExpenses": 161985000,
    "generalAndAdministrativeExpenses": 0,
    "sellingAndMarketingExpenses": 0,
    "sellingGeneralAndAdministrativeExpenses": 170289000,
    "otherExpenses": 76260000,
    "operatingExpenses": 408534000,
    "costAndExpenses": 486527000,
    "interestIncome": 26114000,
    "interestExpense": 200000,
    "depreciationAndAmortization": 75692000,
    "ebitda": -23749000,
    "ebitdaratio": -0.0359810981,
    "operatingIncome": -122015000,
    "operatingIncomeRatio": -0.1848597284,
    "totalOtherIncomeExpensesNet": 21806000,
    "incomeBeforeTax": -100209000,
    "incomeBeforeTaxRatio": -0.1518223868,
    "incomeTaxExpense": 70404000,
    "netIncome": -170613000,
    "netIncomeRatio": -0.2584884878,
    "eps": -0.5,
    "epsdiluted": -0.5,
    "weightedAverageShsOut": 342375000,
    "weightedAverageShsOutDil": 342375000,
    "link": "https://www.sec.gov/Archives/edgar/data/875045/000095013506004926/0000950135-06-004926-index.htm",
    "finalLink": "https://www.sec.gov/Archives/edgar/data/875045/000095013506004926/b61537bie10vq.htm"
  },
  {
    "date": "2006-03-31",
    "symbol": "BIIB",
    "reportedCurrency": "USD",
    "cik": "0000875045",
    "fillingDate": "2006-05-10",
    "acceptedDate": "2006-05-10 15:58:52",
    "calendarYear": "2006",
    "period": "Q1",
    "revenue": 611175000,
    "costOfRevenue": 67494000,
    "grossProfit": 543681000,
    "grossProfitRatio": 0.889566818,
    "researchAndDevelopmentExpenses": 145892000,
    "generalAndAdministrativeExpenses": 0,
    "sellingAndMarketingExpenses": 0,
    "sellingGeneralAndAdministrativeExpenses": 154391000,
    "otherExpenses": 70707000,
    "operatingExpenses": 370990000,
    "costAndExpenses": 438484000,
    "interestIncome": 23557000,
    "interestExpense": 293000,
    "depreciationAndAmortization": 123230000,
    "ebitda": 172989000,
    "ebitdaratio": 0.2830433182,
    "operatingIncome": 172989000,
    "operatingIncomeRatio": 0.2830433182,
    "totalOtherIncomeExpensesNet": 18665000,
    "incomeBeforeTax": 191654000,
    "incomeBeforeTaxRatio": 0.3135828527,
    "incomeTaxExpense": 72464000,
    "netIncome": 122790000,
    "netIncomeRatio": 0.2009080869,
    "eps": 0.36,
    "epsdiluted": 0.36,
    "weightedAverageShsOut": 339653000,
    "weightedAverageShsOutDil": 345815000,
    "link": "https://www.sec.gov/Archives/edgar/data/875045/000095013506003369/0000950135-06-003369-index.htm",
    "finalLink": "https://www.sec.gov/Archives/edgar/data/875045/000095013506003369/b60599bie10vq.htm"
  },
  {
    "date": "2005-12-31",
    "symbol": "BIIB",
    "reportedCurrency": "USD",
    "cik": "0000875045",
    "fillingDate": "2006-03-03",
    "acceptedDate": "2006-03-03 17:18:32",
    "calendarYear": "2005",
    "period": "Q4",
    "revenue": -76028000,
    "costOfRevenue": 113352000,
    "grossProfit": -189380000,
    "grossProfitRatio": 2.4909243963,
    "researchAndDevelopmentExpenses": 168314000,
    "generalAndAdministrativeExpenses": 0,
    "sellingAndMarketingExpenses": 0,
    "sellingGeneralAndAdministrativeExpenses": 169121000,
    "otherExpenses": 73559000,
    "operatingExpenses": 410994000,
    "costAndExpenses": 524346000,
    "interestIncome": 18115000,
    "interestExpense": 0,
    "depreciationAndAmortization": 97524000,
    "ebitda": 201976000,
    "ebitdaratio": -2.6566001999,
    "operatingIncome": 93299000,
    "operatingIncomeRatio": -1.2271663071,
    "totalOtherIncomeExpensesNet": 11836000,
    "incomeBeforeTax": 105136000,
    "incomeBeforeTaxRatio": -1.3828589467,
    "incomeTaxExpense": 49574000,
    "netIncome": 55562000,
    "netIncomeRatio": -0.7308097017,
    "eps": 0.16,
    "epsdiluted": 0.16,
    "weightedAverageShsOut": 339653000,
    "weightedAverageShsOutDil": 345815000,
    "link": "https://www.sec.gov/Archives/edgar/data/875045/000095013506001384/0000950135-06-001384-index.htm",
    "finalLink": "https://www.sec.gov/Archives/edgar/data/875045/000095013506001384/b58456bie10vk.htm"
  },
  {
    "date": "2005-09-30",
    "symbol": "BIIB",
    "reportedCurrency": "USD",
    "cik": "0000875045",
    "fillingDate": "2005-11-02",
    "acceptedDate": "2005-11-02 15:11:58",
    "calendarYear": "2005",
    "period": "Q3",
    "revenue": 596211000,
    "costOfRevenue": 89561000,
    "grossProfit": 506650000,
    "grossProfitRatio": 0.8497830466,
    "researchAndDevelopmentExpenses": 227039000,
    "generalAndAdministrativeExpenses": 0,
    "sellingAndMarketingExpenses": 0,
    "sellingGeneralAndAdministrativeExpenses": 161410000,
    "otherExpenses": 75990000,
    "operatingExpenses": 464439000,
    "costAndExpenses": 575046000,
    "interestIncome": 16530000,
    "interestExpense": 571000,
    "depreciationAndAmortization": 109751000,
    "ebitda": 142679000,
    "ebitdaratio": 0.2393095733,
    "operatingIncome": 21165000,
    "operatingIncomeRatio": 0.0354991773,
    "totalOtherIncomeExpensesNet": 11192000,
    "incomeBeforeTax": 32357000,
    "incomeBeforeTaxRatio": 0.054271055,
    "incomeTaxExpense": 5172000,
    "netIncome": 27145000,
    "netIncomeRatio": 0.0455291835,
    "eps": 0.08,
    "epsdiluted": 0.08,
    "weightedAverageShsOut": 336536000,
    "weightedAverageShsOutDil": 340859000,
    "link": "https://www.sec.gov/Archives/edgar/data/875045/000095013505006155/0000950135-05-006155-index.htm",
    "finalLink": "https://www.sec.gov/Archives/edgar/data/875045/000095013505006155/b57404bie10vq.htm"
  },
  {
    "date": "2005-06-30",
    "symbol": "BIIB",
    "reportedCurrency": "USD",
    "cik": "0000875045",
    "fillingDate": "2005-07-27",
    "acceptedDate": "2005-07-26 18:22:42",
    "calendarYear": "2005",
    "period": "Q2",
    "revenue": 605634000,
    "costOfRevenue": 71093000,
    "grossProfit": 534541000,
    "grossProfitRatio": 0.8826139219,
    "researchAndDevelopmentExpenses": 179843000,
    "generalAndAdministrativeExpenses": 0,
    "sellingAndMarketingExpenses": 0,
    "sellingGeneralAndAdministrativeExpenses": 155754000,
    "otherExpenses": 77078000,
    "operatingExpenses": 412675000,
    "costAndExpenses": 559333000,
    "interestIncome": 12401000,
    "interestExpense": 2849000,
    "depreciationAndAmortization": 98822000,
    "ebitda": 154023000,
    "ebitdaratio": 0.2543169637,
    "operatingIncome": 46301000,
    "operatingIncomeRatio": 0.0764504635,
    "totalOtherIncomeExpensesNet": 6051000,
    "incomeBeforeTax": 52352000,
    "incomeBeforeTaxRatio": 0.0864416463,
    "incomeTaxExpense": 17848000,
    "netIncome": 34453000,
    "netIncomeRatio": 0.0568874931,
    "eps": 0.1,
    "epsdiluted": 0.1,
    "weightedAverageShsOut": 332629000,
    "weightedAverageShsOutDil": 344735000,
    "link": "https://www.sec.gov/Archives/edgar/data/875045/000095013505004168/0000950135-05-004168-index.htm",
    "finalLink": "https://www.sec.gov/Archives/edgar/data/875045/000095013505004168/b55545bie10vq.htm"
  },
  {
    "date": "2005-03-31",
    "symbol": "BIIB",
    "reportedCurrency": "USD",
    "cik": "0000875045",
    "fillingDate": "2005-04-29",
    "acceptedDate": "2005-04-28 17:51:52",
    "calendarYear": "2005",
    "period": "Q1",
    "revenue": 587802000,
    "costOfRevenue": 99609000,
    "grossProfit": 488193000,
    "grossProfitRatio": 0.8305398757,
    "researchAndDevelopmentExpenses": 178784000,
    "generalAndAdministrativeExpenses": 0,
    "sellingAndMarketingExpenses": 0,
    "sellingGeneralAndAdministrativeExpenses": 158458000,
    "otherExpenses": 75677000,
    "operatingExpenses": 412919000,
    "costAndExpenses": 512528000,
    "interestIncome": 15705000,
    "interestExpense": 6911000,
    "depreciationAndAmortization": 96111000,
    "ebitda": 169370000,
    "ebitdaratio": 0.2881412448,
    "operatingIncome": 75274000,
    "operatingIncomeRatio": 0.1280601291,
    "totalOtherIncomeExpensesNet": -8926000,
    "incomeBeforeTax": 66348000,
    "incomeBeforeTaxRatio": 0.1128747435,
    "incomeTaxExpense": 22890000,
    "netIncome": 43394000,
    "netIncomeRatio": 0.0738241789,
    "eps": 0.13,
    "epsdiluted": 0.12,
    "weightedAverageShsOut": 335279000,
    "weightedAverageShsOutDil": 352173000,
    "link": "https://www.sec.gov/Archives/edgar/data/875045/000095013505002322/0000950135-05-002322-index.htm",
    "finalLink": "https://www.sec.gov/Archives/edgar/data/875045/000095013505002322/b54790bie10vq.htm"
  },
  {
    "date": "2004-12-31",
    "symbol": "BIIB",
    "reportedCurrency": "USD",
    "cik": "0000875045",
    "fillingDate": "2005-03-31",
    "acceptedDate": "2005-03-31 17:25:18",
    "calendarYear": "2004",
    "period": "Q4",
    "revenue": -27963000,
    "costOfRevenue": 83364000,
    "grossProfit": -111327000,
    "grossProfitRatio": 3.9812251904,
    "researchAndDevelopmentExpenses": 189444000,
    "generalAndAdministrativeExpenses": 0,
    "sellingAndMarketingExpenses": 0,
    "sellingGeneralAndAdministrativeExpenses": 176600000,
    "otherExpenses": 80455000,
    "operatingExpenses": 446499000,
    "costAndExpenses": 529863000,
    "interestIncome": 14167000,
    "interestExpense": 8652000,
    "depreciationAndAmortization": 106459000,
    "ebitda": 177139000,
    "ebitdaratio": -6.334763795,
    "operatingIncome": 57917000,
    "operatingIncomeRatio": -2.0712012302,
    "totalOtherIncomeExpensesNet": 4111000,
    "incomeBeforeTax": 62028000,
    "incomeBeforeTaxRatio": -2.2182169295,
    "incomeTaxExpense": 33339000,
    "netIncome": 28689000,
    "netIncomeRatio": -1.0259628795,
    "eps": 0.086,
    "epsdiluted": 0.081,
    "weightedAverageShsOut": 335279000,
    "weightedAverageShsOutDil": 352173000,
    "link": "https://www.sec.gov/Archives/edgar/data/875045/000095013505001792/0000950135-05-001792-index.htm",
    "finalLink": "https://www.sec.gov/Archives/edgar/data/875045/000095013505001792/b53275bie10vk.htm"
  },
  {
    "date": "2004-09-30",
    "symbol": "BIIB",
    "reportedCurrency": "USD",
    "cik": "0000875045",
    "fillingDate": "2004-11-08",
    "acceptedDate": "2004-11-05 19:18:10",
    "calendarYear": "2004",
    "period": "Q3",
    "revenue": 543276000,
    "costOfRevenue": 64460000,
    "grossProfit": 478816000,
    "grossProfitRatio": 0.881349443,
    "researchAndDevelopmentExpenses": 168889000,
    "generalAndAdministrativeExpenses": 0,
    "sellingAndMarketingExpenses": 0,
    "sellingGeneralAndAdministrativeExpenses": 132040000,
    "otherExpenses": 107054000,
    "operatingExpenses": 407983000,
    "costAndExpenses": 472443000,
    "interestIncome": 13794000,
    "interestExpense": 2984000,
    "depreciationAndAmortization": 129634000,
    "ebitda": 201878000,
    "ebitdaratio": 0.3715938124,
    "operatingIncome": 70833000,
    "operatingIncomeRatio": 0.1303812427,
    "totalOtherIncomeExpensesNet": -1573000,
    "incomeBeforeTax": 69260000,
    "incomeBeforeTaxRatio": 0.1274858451,
    "incomeTaxExpense": 32492000,
    "netIncome": 36714000,
    "netIncomeRatio": 0.0675789102,
    "eps": 0.11,
    "epsdiluted": 0.1,
    "weightedAverageShsOut": 334777000,
    "weightedAverageShsOutDil": 355232000,
    "link": "https://www.sec.gov/Archives/edgar/data/875045/000095013504005173/0000950135-04-005173-index.htm",
    "finalLink": "https://www.sec.gov/Archives/edgar/data/875045/000095013504005173/b51831bie10vq.htm"
  },
  {
    "date": "2004-06-30",
    "symbol": "BIIB",
    "reportedCurrency": "USD",
    "cik": "0000875045",
    "fillingDate": "2004-08-09",
    "acceptedDate": "2004-08-09 16:17:30",
    "calendarYear": "2004",
    "period": "Q2",
    "revenue": 538763000,
    "costOfRevenue": 151729000,
    "grossProfit": 387034000,
    "grossProfitRatio": 0.7183752411,
    "researchAndDevelopmentExpenses": 170180000,
    "generalAndAdministrativeExpenses": 0,
    "sellingAndMarketingExpenses": 0,
    "sellingGeneralAndAdministrativeExpenses": 139016000,
    "otherExpenses": 79308000,
    "operatingExpenses": 388504000,
    "costAndExpenses": 540233000,
    "interestIncome": 14937000,
    "interestExpense": 3452000,
    "depreciationAndAmortization": 106183000,
    "ebitda": 109951000,
    "ebitdaratio": 0.2040804584,
    "operatingIncome": -1470000,
    "operatingIncomeRatio": -0.0027284724,
    "totalOtherIncomeExpensesNet": 6413000,
    "incomeBeforeTax": 4943000,
    "incomeBeforeTaxRatio": 0.0091747206,
    "incomeTaxExpense": 4116000,
    "netIncome": 826000,
    "netIncomeRatio": 0.0015331417,
    "eps": 0.0025,
    "epsdiluted": 0.0024,
    "weightedAverageShsOut": 337018000,
    "weightedAverageShsOutDil": 350279000,
    "link": "https://www.sec.gov/Archives/edgar/data/875045/000095013504003885/0000950135-04-003885-index.htm",
    "finalLink": "https://www.sec.gov/Archives/edgar/data/875045/000095013504003885/b51131bie10vq.htm"
  },
  {
    "date": "2004-03-31",
    "symbol": "BIIB",
    "reportedCurrency": "USD",
    "cik": "0000875045",
    "fillingDate": "2004-05-06",
    "acceptedDate": "2004-05-06 16:24:38",
    "calendarYear": "2004",
    "period": "Q1",
    "revenue": 541742000,
    "costOfRevenue": 254767000,
    "grossProfit": 286975000,
    "grossProfitRatio": 0.5297263273,
    "researchAndDevelopmentExpenses": 159150000,
    "generalAndAdministrativeExpenses": 0,
    "sellingAndMarketingExpenses": 0,
    "sellingGeneralAndAdministrativeExpenses": 130830000,
    "otherExpenses": 80860000,
    "operatingExpenses": 370840000,
    "costAndExpenses": 625607000,
    "interestIncome": 14326000,
    "interestExpense": 3809000,
    "depreciationAndAmortization": 101786000,
    "ebitda": 33456000,
    "ebitdaratio": 0.0617563342,
    "operatingIncome": -83865000,
    "operatingIncomeRatio": -0.1548061623,
    "totalOtherIncomeExpensesNet": 11726000,
    "incomeBeforeTax": -72139000,
    "incomeBeforeTaxRatio": -0.1331611727,
    "incomeTaxExpense": -30941000,
    "netIncome": -41198000,
    "netIncomeRatio": -0.0760472697,
    "eps": -0.12,
    "epsdiluted": -0.12,
    "weightedAverageShsOut": 333699000,
    "weightedAverageShsOutDil": 333699000,
    "link": "https://www.sec.gov/Archives/edgar/data/875045/000095013504002413/0000950135-04-002413-index.htm",
    "finalLink": "https://www.sec.gov/Archives/edgar/data/875045/000095013504002413/b50313bie10vq.htm"
  },
  {
    "date": "2003-12-31",
    "symbol": "BIIB",
    "reportedCurrency": "USD",
    "cik": "0000875045",
    "fillingDate": "2004-03-10",
    "acceptedDate": "2004-03-10 14:23:45",
    "calendarYear": "2003",
    "period": "Q4",
    "revenue": -308944000,
    "costOfRevenue": 138563000,
    "grossProfit": -447507000,
    "grossProfitRatio": 1.4485052307,
    "researchAndDevelopmentExpenses": 730714000,
    "generalAndAdministrativeExpenses": 0,
    "sellingAndMarketingExpenses": 0,
    "sellingGeneralAndAdministrativeExpenses": -102353000,
    "otherExpenses": 33180000,
    "operatingExpenses": 661541000,
    "costAndExpenses": 800104000,
    "interestIncome": 0,
    "interestExpense": 0,
    "depreciationAndAmortization": 16414000,
    "ebitda": -1088407000,
    "ebitdaratio": 3.5229912217,
    "operatingIncome": -1102405000,
    "operatingIncomeRatio": 3.568300404,
    "totalOtherIncomeExpensesNet": -23511000,
    "incomeBeforeTax": -1125916000,
    "incomeBeforeTaxRatio": 3.6444015744,
    "incomeTaxExpense": -74209000,
    "netIncome": -1051707000,
    "netIncomeRatio": 3.4041994666,
    "eps": -3.15,
    "epsdiluted": -3.15,
    "weightedAverageShsOut": 333699000,
    "weightedAverageShsOutDil": 333699000,
    "link": "https://www.sec.gov/Archives/edgar/data/875045/000095013504001180/0000950135-04-001180-index.htm",
    "finalLink": "https://www.sec.gov/Archives/edgar/data/875045/000095013504001180/b48790bie10vk.htm"
  },
  {
    "date": "2003-09-30",
    "symbol": "BIIB",
    "reportedCurrency": "USD",
    "cik": "0000875045",
    "fillingDate": "2003-10-31",
    "acceptedDate": "2003-10-31 14:21:12",
    "calendarYear": "2003",
    "period": "Q3",
    "revenue": 341782000,
    "costOfRevenue": 54264000,
    "grossProfit": 287518000,
    "grossProfitRatio": 0.8412321304,
    "researchAndDevelopmentExpenses": 124434000,
    "generalAndAdministrativeExpenses": 0,
    "sellingAndMarketingExpenses": 0,
    "sellingGeneralAndAdministrativeExpenses": 89379000,
    "otherExpenses": 0,
    "operatingExpenses": 213813000,
    "costAndExpenses": 268077000,
    "interestIncome": 6636000,
    "interestExpense": 4650000,
    "depreciationAndAmortization": 16128000,
    "ebitda": 81894000,
    "ebitdaratio": 0.2396088735,
    "operatingIncome": 70866000,
    "operatingIncomeRatio": 0.2073426921,
    "totalOtherIncomeExpensesNet": 1986000,
    "incomeBeforeTax": 73387000,
    "incomeBeforeTaxRatio": 0.2147187388,
    "incomeTaxExpense": 27887000,
    "netIncome": 45500000,
    "netIncomeRatio": 0.1331257936,
    "eps": 0.12,
    "epsdiluted": 0.11,
    "weightedAverageShsOut": 389964000,
    "weightedAverageShsOutDil": 398753000,
    "link": "https://www.sec.gov/Archives/edgar/data/875045/000110465903024328/0001104659-03-024328-index.htm",
    "finalLink": "https://www.sec.gov/Archives/edgar/data/875045/000110465903024328/a03-4417_110q.htm"
  },
  {
    "date": "2003-06-30",
    "symbol": "BIIB",
    "reportedCurrency": "USD",
    "cik": "0000875045",
    "fillingDate": "2003-08-14",
    "acceptedDate": "2003-08-14 14:32:02",
    "calendarYear": "2003",
    "period": "Q2",
    "revenue": 325646000,
    "costOfRevenue": 45646000,
    "grossProfit": 280000000,
    "grossProfitRatio": 0.8598293853,
    "researchAndDevelopmentExpenses": 116083000,
    "generalAndAdministrativeExpenses": 0,
    "sellingAndMarketingExpenses": 0,
    "sellingGeneralAndAdministrativeExpenses": 92147000,
    "otherExpenses": 0,
    "operatingExpenses": 208230000,
    "costAndExpenses": 253876000,
    "interestIncome": 8112000,
    "interestExpense": 4859000,
    "depreciationAndAmortization": 14122000,
    "ebitda": 54259000,
    "ebitdaratio": 0.1666195808,
    "operatingIncome": 43144000,
    "operatingIncomeRatio": 0.132487425,
    "totalOtherIncomeExpensesNet": 3253000,
    "incomeBeforeTax": 46397000,
    "incomeBeforeTaxRatio": 0.1424768,
    "incomeTaxExpense": 17631000,
    "netIncome": 28766000,
    "netIncomeRatio": 0.0883351861,
    "eps": 0.15,
    "epsdiluted": 0.15,
    "weightedAverageShsOut": 389964000,
    "weightedAverageShsOutDil": 398753000,
    "link": "https://www.sec.gov/Archives/edgar/data/875045/000110465903018599/0001104659-03-018599-index.htm",
    "finalLink": "https://www.sec.gov/Archives/edgar/data/875045/000110465903018599/a03-2516_110q.htm"
  },
  {
    "date": "2003-03-31",
    "symbol": "BIIB",
    "reportedCurrency": "USD",
    "cik": "0000875045",
    "fillingDate": "2003-05-15",
    "acceptedDate": "2003-05-14 20:28:50",
    "calendarYear": "2003",
    "period": "Q1",
    "revenue": 320699000,
    "costOfRevenue": 46266000,
    "grossProfit": 274433000,
    "grossProfitRatio": 0.8557338813,
    "researchAndDevelopmentExpenses": 85106000,
    "generalAndAdministrativeExpenses": 0,
    "sellingAndMarketingExpenses": 0,
    "sellingGeneralAndAdministrativeExpenses": 95423000,
    "otherExpenses": 0,
    "operatingExpenses": 180529000,
    "costAndExpenses": 226795000,
    "interestIncome": 8238000,
    "interestExpense": 4928000,
    "depreciationAndAmortization": 14644000,
    "ebitda": 74480000,
    "ebitdaratio": 0.2322426949,
    "operatingIncome": 63142000,
    "operatingIncomeRatio": 0.1968886713,
    "totalOtherIncomeExpensesNet": 3310000,
    "incomeBeforeTax": 66452000,
    "incomeBeforeTaxRatio": 0.2072098759,
    "incomeTaxExpense": 25252000,
    "netIncome": 41200000,
    "netIncomeRatio": 0.1284693747,
    "eps": 0.16,
    "epsdiluted": 0.16,
    "weightedAverageShsOut": 389964000,
    "weightedAverageShsOutDil": 398753000,
    "link": "https://www.sec.gov/Archives/edgar/data/875045/000110465903009969/0001104659-03-009969-index.htm",
    "finalLink": "https://www.sec.gov/Archives/edgar/data/875045/000110465903009969/j0737_10q.htm"
  },
  {
    "date": "2002-12-31",
    "symbol": "BIIB",
    "reportedCurrency": "USD",
    "cik": "0000875045",
    "fillingDate": "2003-03-31",
    "acceptedDate": "2003-03-28 20:18:09",
    "calendarYear": "2002",
    "period": "Q4",
    "revenue": 302430000,
    "costOfRevenue": 42582000,
    "grossProfit": 259848000,
    "grossProfitRatio": 0.8592004761,
    "researchAndDevelopmentExpenses": 91201000,
    "generalAndAdministrativeExpenses": 0,
    "sellingAndMarketingExpenses": 0,
    "sellingGeneralAndAdministrativeExpenses": 86398000,
    "otherExpenses": 0,
    "operatingExpenses": 177599000,
    "costAndExpenses": 220181000,
    "interestIncome": 0,
    "interestExpense": 0,
    "depreciationAndAmortization": 13743000,
    "ebitda": 79496000,
    "ebitdaratio": 0.2628575207,
    "operatingIncome": 82249000,
    "operatingIncomeRatio": 0.2719604537,
    "totalOtherIncomeExpensesNet": -24715000,
    "incomeBeforeTax": 57534000,
    "incomeBeforeTaxRatio": 0.1902390636,
    "incomeTaxExpense": 16110000,
    "netIncome": 41424000,
    "netIncomeRatio": 0.1369705386,
    "eps": 0.11,
    "epsdiluted": 0.1,
    "weightedAverageShsOut": 389964000,
    "weightedAverageShsOutDil": 398753000,
    "link": "https://www.sec.gov/Archives/edgar/data/875045/000104746903011017/0001047469-03-011017-index.htm",
    "finalLink": "https://www.sec.gov/Archives/edgar/data/875045/000104746903011017/a2106647z10-k.htm"
  },
  {
    "date": "2002-09-30",
    "symbol": "BIIB",
    "reportedCurrency": "USD",
    "cik": "0000875045",
    "fillingDate": "2002-11-14",
    "acceptedDate": "2002-11-14 20:59:55",
    "calendarYear": "2002",
    "period": "Q3",
    "revenue": 288328000,
    "costOfRevenue": 42050000,
    "grossProfit": 246278000,
    "grossProfitRatio": 0.8541591521,
    "researchAndDevelopmentExpenses": 104551000,
    "generalAndAdministrativeExpenses": 0,
    "sellingAndMarketingExpenses": 0,
    "sellingGeneralAndAdministrativeExpenses": 72646000,
    "otherExpenses": 0,
    "operatingExpenses": 177197000,
    "costAndExpenses": 219247000,
    "interestIncome": 0,
    "interestExpense": 0,
    "depreciationAndAmortization": 10827000,
    "ebitda": 79908000,
    "ebitdaratio": 0.2771426986,
    "operatingIncome": 69081000,
    "operatingIncomeRatio": 0.239591715,
    "totalOtherIncomeExpensesNet": -10459000,
    "incomeBeforeTax": 58622000,
    "incomeBeforeTaxRatio": 0.2033170556,
    "incomeTaxExpense": 16414000,
    "netIncome": 42208000,
    "netIncomeRatio": 0.1463888349,
    "eps": 0.11,
    "epsdiluted": 0.11,
    "weightedAverageShsOut": 389964000,
    "weightedAverageShsOutDil": 398753000,
    "link": "https://www.sec.gov/Archives/edgar/data/875045/000091205702042598/0000912057-02-042598-index.htm",
    "finalLink": "https://www.sec.gov/Archives/edgar/data/875045/000091205702042598/a2093294z10-q.htm"
  },
  {
    "date": "2002-06-30",
    "symbol": "BIIB",
    "reportedCurrency": "USD",
    "cik": "0000875045",
    "fillingDate": "2002-08-14",
    "acceptedDate": "2002-08-13 19:26:46",
    "calendarYear": "2002",
    "period": "Q2",
    "revenue": 269263000,
    "costOfRevenue": 36209000,
    "grossProfit": 233054000,
    "grossProfitRatio": 0.8655255271,
    "researchAndDevelopmentExpenses": 89348000,
    "generalAndAdministrativeExpenses": 0,
    "sellingAndMarketingExpenses": 0,
    "sellingGeneralAndAdministrativeExpenses": 91567000,
    "otherExpenses": 0,
    "operatingExpenses": 180915000,
    "costAndExpenses": 217124000,
    "interestIncome": 0,
    "interestExpense": 0,
    "depreciationAndAmortization": 10084000,
    "ebitda": 50038000,
    "ebitdaratio": 0.1858331817,
    "operatingIncome": 52139000,
    "operatingIncomeRatio": 0.1936359619,
    "totalOtherIncomeExpensesNet": 8104000,
    "incomeBeforeTax": 60243000,
    "incomeBeforeTaxRatio": 0.2237329303,
    "incomeTaxExpense": 16868000,
    "netIncome": 43375000,
    "netIncomeRatio": 0.1610878583,
    "eps": 0.11,
    "epsdiluted": 0.11,
    "weightedAverageShsOut": 389964000,
    "weightedAverageShsOutDil": 398753000,
    "link": "https://www.sec.gov/Archives/edgar/data/875045/000091205702031685/0000912057-02-031685-index.htm",
    "finalLink": "https://www.sec.gov/Archives/edgar/data/875045/000091205702031685/a2086370z10-q.htm"
  },
  {
    "date": "2002-03-31",
    "symbol": "BIIB",
    "reportedCurrency": "USD",
    "cik": "0000875045",
    "fillingDate": "2002-05-13",
    "acceptedDate": "2002-05-13 15:52:08",
    "calendarYear": "2002",
    "period": "Q1",
    "revenue": 288343000,
    "costOfRevenue": 39318000,
    "grossProfit": 249025000,
    "grossProfitRatio": 0.8636415658,
    "researchAndDevelopmentExpenses": 82467000,
    "generalAndAdministrativeExpenses": 0,
    "sellingAndMarketingExpenses": 0,
    "sellingGeneralAndAdministrativeExpenses": 73390000,
    "otherExpenses": 0,
    "operatingExpenses": 155857000,
    "costAndExpenses": 195175000,
    "interestIncome": 0,
    "interestExpense": 0,
    "depreciationAndAmortization": 10446000,
    "ebitda": 103614000,
    "ebitdaratio": 0.359342866,
    "operatingIncome": 93168000,
    "operatingIncomeRatio": 0.3231151788,
    "totalOtherIncomeExpensesNet": 7028000,
    "incomeBeforeTax": 100196000,
    "incomeBeforeTaxRatio": 0.3474889281,
    "incomeTaxExpense": 28055000,
    "netIncome": 72141000,
    "netIncomeRatio": 0.2501916121,
    "eps": 0.18,
    "epsdiluted": 0.18,
    "weightedAverageShsOut": 389964000,
    "weightedAverageShsOutDil": 398753000,
    "link": "https://www.sec.gov/Archives/edgar/data/875045/000091205702019878/0000912057-02-019878-index.htm",
    "finalLink": "https://www.sec.gov/Archives/edgar/data/875045/000091205702019878/a2079452z10-q.htm"
  },
  {
    "date": "2001-12-31",
    "symbol": "BIIB",
    "reportedCurrency": "USD",
    "cik": "0000875045",
    "fillingDate": "2002-04-01",
    "acceptedDate": "2002-04-01 00:00:00",
    "calendarYear": "2001",
    "period": "Q4",
    "revenue": 280458000,
    "costOfRevenue": 35704000,
    "grossProfit": 244754000,
    "grossProfitRatio": 0.8726939506,
    "researchAndDevelopmentExpenses": 83773000,
    "generalAndAdministrativeExpenses": 0,
    "sellingAndMarketingExpenses": 0,
    "sellingGeneralAndAdministrativeExpenses": 68017000,
    "otherExpenses": 0,
    "operatingExpenses": 151790000,
    "costAndExpenses": 187494000,
    "interestIncome": 0,
    "interestExpense": 0,
    "depreciationAndAmortization": 8800000,
    "ebitda": 101764000,
    "ebitdaratio": 0.3628493393,
    "operatingIncome": 92964000,
    "operatingIncomeRatio": 0.3314720921,
    "totalOtherIncomeExpensesNet": -8844000,
    "incomeBeforeTax": 84120000,
    "incomeBeforeTaxRatio": 0.2999379586,
    "incomeTaxExpense": 25235000,
    "netIncome": 58885000,
    "netIncomeRatio": 0.2099601366,
    "eps": 0.15,
    "epsdiluted": 0.15,
    "weightedAverageShsOut": 389964000,
    "weightedAverageShsOutDil": 398753000,
    "link": "https://www.sec.gov/Archives/edgar/data/875045/000091205702012961/0000912057-02-012961-index.htm",
    "finalLink": "https://www.sec.gov/Archives/edgar/data/875045/000091205702012961/a2074782z10-k.htm"
  },
  {
    "date": "2001-09-30",
    "symbol": "BIIB",
    "reportedCurrency": "USD",
    "cik": "0000875045",
    "fillingDate": "2001-11-14",
    "acceptedDate": "2001-11-14 00:00:00",
    "calendarYear": "2001",
    "period": "Q3",
    "revenue": 265193000,
    "costOfRevenue": 36458000,
    "grossProfit": 228735000,
    "grossProfitRatio": 0.8625227664,
    "researchAndDevelopmentExpenses": 78895000,
    "generalAndAdministrativeExpenses": 0,
    "sellingAndMarketingExpenses": 0,
    "sellingGeneralAndAdministrativeExpenses": 60253000,
    "otherExpenses": 0,
    "operatingExpenses": 139148000,
    "costAndExpenses": 175606000,
    "interestIncome": 0,
    "interestExpense": 0,
    "depreciationAndAmortization": 10043000,
    "ebitda": 135770000,
    "ebitdaratio": 0.5119667563,
    "operatingIncome": 89587000,
    "operatingIncomeRatio": 0.3378181174,
    "totalOtherIncomeExpensesNet": 10147000,
    "incomeBeforeTax": 99734000,
    "incomeBeforeTaxRatio": 0.3760808166,
    "incomeTaxExpense": 29911000,
    "netIncome": 69823000,
    "netIncomeRatio": 0.2632912633,
    "eps": 0.18,
    "epsdiluted": 0.18,
    "weightedAverageShsOut": 389964000,
    "weightedAverageShsOutDil": 398753000,
    "link": "https://www.sec.gov/Archives/edgar/data/875045/000091205701539768/0000912057-01-539768-index.htm",
    "finalLink": "https://www.sec.gov/Archives/edgar/data/875045/000091205701539768/a2063055z10-q.htm"
  },
  {
    "date": "2001-06-30",
    "symbol": "BIIB",
    "reportedCurrency": "USD",
    "cik": "0000875045",
    "fillingDate": "2001-08-13",
    "acceptedDate": "2001-08-13 00:00:00",
    "calendarYear": "2001",
    "period": "Q2",
    "revenue": 260662000,
    "costOfRevenue": 35202000,
    "grossProfit": 225460000,
    "grossProfitRatio": 0.8649515464,
    "researchAndDevelopmentExpenses": 79118000,
    "generalAndAdministrativeExpenses": 0,
    "sellingAndMarketingExpenses": 0,
    "sellingGeneralAndAdministrativeExpenses": 55266000,
    "otherExpenses": 0,
    "operatingExpenses": 134384000,
    "costAndExpenses": 169586000,
    "interestIncome": 0,
    "interestExpense": 0,
    "depreciationAndAmortization": 9293000,
    "ebitda": 100111000,
    "ebitdaratio": 0.3840644206,
    "operatingIncome": 91076000,
    "operatingIncomeRatio": 0.3494026747,
    "totalOtherIncomeExpensesNet": 11533000,
    "incomeBeforeTax": 102609000,
    "incomeBeforeTaxRatio": 0.3936477124,
    "incomeTaxExpense": 30757000,
    "netIncome": 71852000,
    "netIncomeRatio": 0.2756519938,
    "eps": 0.18,
    "epsdiluted": 0.18,
    "weightedAverageShsOut": 389964000,
    "weightedAverageShsOutDil": 398753000,
    "link": "https://www.sec.gov/Archives/edgar/data/875045/000091205701528137/0000912057-01-528137-index.htm",
    "finalLink": "https://www.sec.gov/Archives/edgar/data/875045/000091205701528137/a2056247z10-q.htm"
  },
  {
    "date": "2001-03-31",
    "symbol": "BIIB",
    "reportedCurrency": "USD",
    "cik": "0000875045",
    "fillingDate": "2001-05-15",
    "acceptedDate": "2001-05-15 00:00:00",
    "calendarYear": "2001",
    "period": "Q1",
    "revenue": 237047000,
    "costOfRevenue": 29146000,
    "grossProfit": 207901000,
    "grossProfitRatio": 0.8770454804,
    "researchAndDevelopmentExpenses": 72770000,
    "generalAndAdministrativeExpenses": 0,
    "sellingAndMarketingExpenses": 0,
    "sellingGeneralAndAdministrativeExpenses": 48560000,
    "otherExpenses": 0,
    "operatingExpenses": 121330000,
    "costAndExpenses": 150476000,
    "interestIncome": 0,
    "interestExpense": 0,
    "depreciationAndAmortization": 8777000,
    "ebitda": 95348000,
    "ebitdaratio": 0.4022324687,
    "operatingIncome": 86571000,
    "operatingIncomeRatio": 0.3652060562,
    "totalOtherIncomeExpensesNet": 16463000,
    "incomeBeforeTax": 103034000,
    "incomeBeforeTaxRatio": 0.4346564183,
    "incomeTaxExpense": 30911000,
    "netIncome": 72123000,
    "netIncomeRatio": 0.304256118,
    "eps": 0.18,
    "epsdiluted": 0.18,
    "weightedAverageShsOut": 389964000,
    "weightedAverageShsOutDil": 398753000,
    "link": "https://www.sec.gov/Archives/edgar/data/875045/000091205701516155/0000912057-01-516155-index.htm",
    "finalLink": "https://www.sec.gov/Archives/edgar/data/875045/000091205701516155/a2048552z10-q.htm"
  },
  {
    "date": "2000-12-31",
    "symbol": "BIIB",
    "reportedCurrency": "USD",
    "cik": "0000875045",
    "fillingDate": "2001-04-02",
    "acceptedDate": "2001-04-02 00:00:00",
    "calendarYear": "2000",
    "period": "Q4",
    "revenue": 245336000,
    "costOfRevenue": 32753000,
    "grossProfit": 212583000,
    "grossProfitRatio": 0.866497375,
    "researchAndDevelopmentExpenses": 73635000,
    "generalAndAdministrativeExpenses": 0,
    "sellingAndMarketingExpenses": 0,
    "sellingGeneralAndAdministrativeExpenses": 46209000,
    "otherExpenses": 0,
    "operatingExpenses": 119844000,
    "costAndExpenses": 152597000,
    "interestIncome": 0,
    "interestExpense": 0,
    "depreciationAndAmortization": 16940000,
    "ebitda": 109679000,
    "ebitdaratio": 0.447056282,
    "operatingIncome": 92739000,
    "operatingIncomeRatio": 0.3780081195,
    "totalOtherIncomeExpensesNet": 9784000,
    "incomeBeforeTax": 102523000,
    "incomeBeforeTaxRatio": 0.4178881208,
    "incomeTaxExpense": 30753000,
    "netIncome": 71770000,
    "netIncomeRatio": 0.2925375811,
    "eps": 0.16,
    "epsdiluted": 0.16,
    "weightedAverageShsOut": 445226000,
    "weightedAverageShsOutDil": 462456000,
    "link": "https://www.sec.gov/Archives/edgar/data/875045/000091205701506405/0000912057-01-506405-index.htm",
    "finalLink": "https://www.sec.gov/Archives/edgar/data/875045/000091205701506405/a2043163z10-k.txt"
  },
  {
    "date": "2000-09-30",
    "symbol": "BIIB",
    "reportedCurrency": "USD",
    "cik": "0000875045",
    "fillingDate": "2000-11-03",
    "acceptedDate": "2000-11-03 00:00:00",
    "calendarYear": "2000",
    "period": "Q3",
    "revenue": 233754000,
    "costOfRevenue": 33027000,
    "grossProfit": 200727000,
    "grossProfitRatio": 0.8587104392,
    "researchAndDevelopmentExpenses": 94498000,
    "generalAndAdministrativeExpenses": 0,
    "sellingAndMarketingExpenses": 0,
    "sellingGeneralAndAdministrativeExpenses": 41745000,
    "otherExpenses": 0,
    "operatingExpenses": 136243000,
    "costAndExpenses": 169270000,
    "interestIncome": 0,
    "interestExpense": 0,
    "depreciationAndAmortization": 5563000,
    "ebitda": 70047000,
    "ebitdaratio": 0.2996611823,
    "operatingIncome": 64484000,
    "operatingIncomeRatio": 0.275862659,
    "totalOtherIncomeExpensesNet": 33204000,
    "incomeBeforeTax": 97688000,
    "incomeBeforeTaxRatio": 0.4179094261,
    "incomeTaxExpense": 29307000,
    "netIncome": 68381000,
    "netIncomeRatio": 0.2925340315,
    "eps": 0.15,
    "epsdiluted": 0.15,
    "weightedAverageShsOut": 444222000,
    "weightedAverageShsOutDil": 461106000,
    "link": "https://www.sec.gov/Archives/edgar/data/875045/000091205700047202/0000912057-00-047202-index.htm",
    "finalLink": "https://www.sec.gov/Archives/edgar/data/875045/000091205700047202/a2029088z10-q.txt"
  },
  {
    "date": "2000-06-30",
    "symbol": "BIIB",
    "reportedCurrency": "USD",
    "cik": "0000875045",
    "fillingDate": "2000-08-14",
    "acceptedDate": "2000-08-14 00:00:00",
    "calendarYear": "2000",
    "period": "Q2",
    "revenue": 230514000,
    "costOfRevenue": 30795000,
    "grossProfit": 199719000,
    "grossProfitRatio": 0.8664072464,
    "researchAndDevelopmentExpenses": 71701000,
    "generalAndAdministrativeExpenses": 0,
    "sellingAndMarketingExpenses": 0,
    "sellingGeneralAndAdministrativeExpenses": 40921000,
    "otherExpenses": 0,
    "operatingExpenses": 112622000,
    "costAndExpenses": 143417000,
    "interestIncome": 0,
    "interestExpense": 0,
    "depreciationAndAmortization": 8088000,
    "ebitda": 95185000,
    "ebitdaratio": 0.4129250284,
    "operatingIncome": 87097000,
    "operatingIncomeRatio": 0.3778382224,
    "totalOtherIncomeExpensesNet": 16737000,
    "incomeBeforeTax": 103834000,
    "incomeBeforeTaxRatio": 0.4504455261,
    "incomeTaxExpense": 31774000,
    "netIncome": 72060000,
    "netIncomeRatio": 0.312605742,
    "eps": 0.16,
    "epsdiluted": 0.16,
    "weightedAverageShsOut": 445929000,
    "weightedAverageShsOutDil": 462450000,
    "link": "https://www.sec.gov/Archives/edgar/data/875045/000109581100002791/0001095811-00-002791-index.htm",
    "finalLink": "https://www.sec.gov/Archives/edgar/data/875045/000109581100002791/e10-q.txt"
  },
  {
    "date": "2000-03-31",
    "symbol": "BIIB",
    "reportedCurrency": "USD",
    "cik": "0000875045",
    "fillingDate": "2000-05-15",
    "acceptedDate": "2000-05-15 00:00:00",
    "calendarYear": "2000",
    "period": "Q1",
    "revenue": 216848000,
    "costOfRevenue": 28623000,
    "grossProfit": 188225000,
    "grossProfitRatio": 0.8680043164,
    "researchAndDevelopmentExpenses": 63006000,
    "generalAndAdministrativeExpenses": 0,
    "sellingAndMarketingExpenses": 0,
    "sellingGeneralAndAdministrativeExpenses": 41183000,
    "otherExpenses": 0,
    "operatingExpenses": 104189000,
    "costAndExpenses": 132812000,
    "interestIncome": 0,
    "interestExpense": 0,
    "depreciationAndAmortization": 8233000,
    "ebitda": 92269000,
    "ebitdaratio": 0.4255008116,
    "operatingIncome": 84036000,
    "operatingIncomeRatio": 0.3875341253,
    "totalOtherIncomeExpensesNet": 99024000,
    "incomeBeforeTax": 183060000,
    "incomeBeforeTaxRatio": 0.8441857891,
    "incomeTaxExpense": 61694000,
    "netIncome": 121366000,
    "netIncomeRatio": 0.5596823581,
    "eps": 0.27,
    "epsdiluted": 0.26,
    "weightedAverageShsOut": 451080000,
    "weightedAverageShsOutDil": 473136000,
    "link": "https://www.sec.gov/Archives/edgar/data/875045/000109581100001488/0001095811-00-001488-index.htm",
    "finalLink": "https://www.sec.gov/Archives/edgar/data/875045/000109581100001488/"
  },
  {
    "date": "1999-12-31",
    "symbol": "BIIB",
    "reportedCurrency": "USD",
    "cik": "0000875045",
    "fillingDate": "2000-03-30",
    "acceptedDate": "2000-03-30 00:00:00",
    "calendarYear": "1999",
    "period": "Q4",
    "revenue": 225335000,
    "costOfRevenue": 53305000,
    "grossProfit": 172030000,
    "grossProfitRatio": 0.7634410988,
    "researchAndDevelopmentExpenses": 60253000,
    "generalAndAdministrativeExpenses": 0,
    "sellingAndMarketingExpenses": 0,
    "sellingGeneralAndAdministrativeExpenses": 38726000,
    "otherExpenses": -22600000,
    "operatingExpenses": 76379000,
    "costAndExpenses": 129684000,
    "interestIncome": 0,
    "interestExpense": 0,
    "depreciationAndAmortization": 53699000,
    "ebitda": 149350000,
    "ebitdaratio": 0.6627909557,
    "operatingIncome": 95651000,
    "operatingIncomeRatio": 0.4244835467,
    "totalOtherIncomeExpensesNet": 7865000,
    "incomeBeforeTax": 103516000,
    "incomeBeforeTaxRatio": 0.4593871347,
    "incomeTaxExpense": 34166000,
    "netIncome": 69350000,
    "netIncomeRatio": 0.3077639958,
    "eps": 0.15,
    "epsdiluted": 0.15,
    "weightedAverageShsOut": 451080000,
    "weightedAverageShsOutDil": 473136000,
    "link": "https://www.sec.gov/Archives/edgar/data/875045/000093639200000180/0000936392-00-000180-index.htm",
    "finalLink": "https://www.sec.gov/Archives/edgar/data/875045/000093639200000180/"
  },
  {
    "date": "1999-09-30",
    "symbol": "BIIB",
    "reportedCurrency": "USD",
    "cik": "0000875045",
    "fillingDate": "1999-11-15",
    "acceptedDate": "1999-11-15 00:00:00",
    "calendarYear": "1999",
    "period": "Q3",
    "revenue": 208400000,
    "costOfRevenue": 21400000,
    "grossProfit": 187000000,
    "grossProfitRatio": 0.8973128599,
    "researchAndDevelopmentExpenses": 59000000,
    "generalAndAdministrativeExpenses": 0,
    "sellingAndMarketingExpenses": 0,
    "sellingGeneralAndAdministrativeExpenses": 36500000,
    "otherExpenses": 7100000,
    "operatingExpenses": 102600000,
    "costAndExpenses": 124000000,
    "interestIncome": 0,
    "interestExpense": 0,
    "depreciationAndAmortization": -7100000,
    "ebitda": 83400000,
    "ebitdaratio": 0.4001919386,
    "operatingIncome": 84400000,
    "operatingIncomeRatio": 0.4049904031,
    "totalOtherIncomeExpensesNet": 8200000,
    "incomeBeforeTax": 92600000,
    "incomeBeforeTaxRatio": 0.4443378119,
    "incomeTaxExpense": 30600000,
    "netIncome": 62000000,
    "netIncomeRatio": 0.2975047985,
    "eps": 0.0683,
    "epsdiluted": 0.065,
    "weightedAverageShsOut": 907317000,
    "weightedAverageShsOutDil": 953846000,
    "link": "https://www.sec.gov/Archives/edgar/data/875045/000093639299001339/0000936392-99-001339-index.htm",
    "finalLink": "https://www.sec.gov/Archives/edgar/data/875045/000093639299001339/"
  },
  {
    "date": "1999-06-30",
    "symbol": "BIIB",
    "reportedCurrency": "USD",
    "cik": "0000875045",
    "fillingDate": "1999-08-16",
    "acceptedDate": "1999-08-16 00:00:00",
    "calendarYear": "1999",
    "period": "Q2",
    "revenue": 188900000,
    "costOfRevenue": 18100000,
    "grossProfit": 170800000,
    "grossProfitRatio": 0.9041821069,
    "researchAndDevelopmentExpenses": 50900000,
    "generalAndAdministrativeExpenses": 0,
    "sellingAndMarketingExpenses": 0,
    "sellingGeneralAndAdministrativeExpenses": 37000000,
    "otherExpenses": 8900000,
    "operatingExpenses": 96800000,
    "costAndExpenses": 114900000,
    "interestIncome": 0,
    "interestExpense": 0,
    "depreciationAndAmortization": -8900000,
    "ebitda": 82929000,
    "ebitdaratio": 0.4390100582,
    "operatingIncome": 74000000,
    "operatingIncomeRatio": 0.3917416623,
    "totalOtherIncomeExpensesNet": -9229000,
    "incomeBeforeTax": 64800000,
    "incomeBeforeTaxRatio": 0.3430386448,
    "incomeTaxExpense": 21400000,
    "netIncome": 43400000,
    "netIncomeRatio": 0.2297511911,
    "eps": 0.0483,
    "epsdiluted": 0.0467,
    "weightedAverageShsOut": 897931000,
    "weightedAverageShsOutDil": 930000000,
    "link": "https://www.sec.gov/Archives/edgar/data/875045/000093639299001015/0000936392-99-001015-index.htm",
    "finalLink": "https://www.sec.gov/Archives/edgar/data/875045/000093639299001015/"
  },
  {
    "date": "1999-03-31",
    "symbol": "BIIB",
    "reportedCurrency": "USD",
    "cik": "0000875045",
    "fillingDate": "1999-05-17",
    "acceptedDate": "1999-05-17 00:00:00",
    "calendarYear": "1999",
    "period": "Q1",
    "revenue": 171700000,
    "costOfRevenue": 18300000,
    "grossProfit": 153400000,
    "grossProfitRatio": 0.8934187536,
    "researchAndDevelopmentExpenses": 51000000,
    "generalAndAdministrativeExpenses": 0,
    "sellingAndMarketingExpenses": 0,
    "sellingGeneralAndAdministrativeExpenses": 33900000,
    "otherExpenses": 6600000,
    "operatingExpenses": 91500000,
    "costAndExpenses": 109800000,
    "interestIncome": 0,
    "interestExpense": 0,
    "depreciationAndAmortization": -6600000,
    "ebitda": 62300000,
    "ebitdaratio": 0.3628421666,
    "operatingIncome": 61900000,
    "operatingIncomeRatio": 0.3605125218,
    "totalOtherIncomeExpensesNet": 6280000,
    "incomeBeforeTax": 68200000,
    "incomeBeforeTaxRatio": 0.3972044263,
    "incomeTaxExpense": 22500000,
    "netIncome": 45700000,
    "netIncomeRatio": 0.2661619103,
    "eps": 0.0517,
    "epsdiluted": 0.0483,
    "weightedAverageShsOut": 884516000,
    "weightedAverageShsOutDil": 945517000,
    "link": "https://www.sec.gov/Archives/edgar/data/875045/000093639299000612/0000936392-99-000612-index.htm",
    "finalLink": "https://www.sec.gov/Archives/edgar/data/875045/000093639299000612/"
  },
  {
    "date": "1998-12-31",
    "symbol": "BIIB",
    "reportedCurrency": "USD",
    "cik": "0000875045",
    "fillingDate": "1999-03-31",
    "acceptedDate": "1999-03-31 00:00:00",
    "calendarYear": "1998",
    "period": "Q4",
    "revenue": 168387000,
    "costOfRevenue": 40909000,
    "grossProfit": 127478000,
    "grossProfitRatio": 0.7570536918,
    "researchAndDevelopmentExpenses": 48928000,
    "generalAndAdministrativeExpenses": 0,
    "sellingAndMarketingExpenses": 0,
    "sellingGeneralAndAdministrativeExpenses": 31611000,
    "otherExpenses": -18000000,
    "operatingExpenses": 62539000,
    "costAndExpenses": 103448000,
    "interestIncome": 0,
    "interestExpense": 0,
    "depreciationAndAmortization": 42590000,
    "ebitda": 107529000,
    "ebitdaratio": 0.6385825509,
    "operatingIncome": 64939000,
    "operatingIncomeRatio": 0.3856532868,
    "totalOtherIncomeExpensesNet": -1446000,
    "incomeBeforeTax": 63493000,
    "incomeBeforeTaxRatio": 0.3770659255,
    "incomeTaxExpense": 21596000,
    "netIncome": 41897000,
    "netIncomeRatio": 0.2488137445,
    "eps": 0.047,
    "epsdiluted": 0.044,
    "weightedAverageShsOut": 884516000,
    "weightedAverageShsOutDil": 945517000,
    "link": "https://www.sec.gov/Archives/edgar/data/875045/000093639299000364/0000936392-99-000364-index.htm",
    "finalLink": "https://www.sec.gov/Archives/edgar/data/875045/000093639299000364/"
  },
  {
    "date": "1998-09-30",
    "symbol": "BIIB",
    "reportedCurrency": "USD",
    "cik": "0000875045",
    "fillingDate": "1998-11-16",
    "acceptedDate": "1998-11-16 00:00:00",
    "calendarYear": "1998",
    "period": "Q3",
    "revenue": 145900000,
    "costOfRevenue": 13100000,
    "grossProfit": 132800000,
    "grossProfitRatio": 0.9102124743,
    "researchAndDevelopmentExpenses": 49100000,
    "generalAndAdministrativeExpenses": 0,
    "sellingAndMarketingExpenses": 0,
    "sellingGeneralAndAdministrativeExpenses": 28400000,
    "otherExpenses": 6400000,
    "operatingExpenses": 83900000,
    "costAndExpenses": 97000000,
    "interestIncome": 0,
    "interestExpense": 0,
    "depreciationAndAmortization": -6400000,
    "ebitda": 48300000,
    "ebitdaratio": 0.3310486635,
    "operatingIncome": 48900000,
    "operatingIncomeRatio": 0.3351610692,
    "totalOtherIncomeExpensesNet": 7100000,
    "incomeBeforeTax": 56000000,
    "incomeBeforeTaxRatio": 0.3838245374,
    "incomeTaxExpense": 18400000,
    "netIncome": 37600000,
    "netIncomeRatio": 0.2577107608,
    "eps": 0.0433,
    "epsdiluted": 0.0417,
    "weightedAverageShsOut": 867692000,
    "weightedAverageShsOutDil": 902400000,
    "link": "https://www.sec.gov/Archives/edgar/data/875045/000093639298001505/0000936392-98-001505-index.htm",
    "finalLink": "https://www.sec.gov/Archives/edgar/data/875045/000093639298001505/"
  },
  {
    "date": "1998-06-30",
    "symbol": "BIIB",
    "reportedCurrency": "USD",
    "cik": "0000875045",
    "fillingDate": "1998-08-14",
    "acceptedDate": "1998-08-14 00:00:00",
    "calendarYear": "1998",
    "period": "Q2",
    "revenue": 128800000,
    "costOfRevenue": 11200000,
    "grossProfit": 117600000,
    "grossProfitRatio": 0.9130434783,
    "researchAndDevelopmentExpenses": 42100000,
    "generalAndAdministrativeExpenses": 0,
    "sellingAndMarketingExpenses": 0,
    "sellingGeneralAndAdministrativeExpenses": 28500000,
    "otherExpenses": 6000000,
    "operatingExpenses": 76600000,
    "costAndExpenses": 87800000,
    "interestIncome": 0,
    "interestExpense": 0,
    "depreciationAndAmortization": -6000000,
    "ebitda": 40700000,
    "ebitdaratio": 0.3159937888,
    "operatingIncome": 41000000,
    "operatingIncomeRatio": 0.3183229814,
    "totalOtherIncomeExpensesNet": 6200000,
    "incomeBeforeTax": 47200000,
    "incomeBeforeTaxRatio": 0.3664596273,
    "incomeTaxExpense": 15800000,
    "netIncome": 31400000,
    "netIncomeRatio": 0.2437888199,
    "eps": 0.035,
    "epsdiluted": 0.0333,
    "weightedAverageShsOut": 897143000,
    "weightedAverageShsOutDil": 942000000,
    "link": "https://www.sec.gov/Archives/edgar/data/875045/000093639298001178/0000936392-98-001178-index.htm",
    "finalLink": "https://www.sec.gov/Archives/edgar/data/875045/000093639298001178/"
  },
  {
    "date": "1998-03-31",
    "symbol": "BIIB",
    "reportedCurrency": "USD",
    "cik": "0000875045",
    "fillingDate": "1998-05-15",
    "acceptedDate": "1998-05-15 00:00:00",
    "calendarYear": "1998",
    "period": "Q1",
    "revenue": 114500000,
    "costOfRevenue": 9200000,
    "grossProfit": 105300000,
    "grossProfitRatio": 0.919650655,
    "researchAndDevelopmentExpenses": 37100000,
    "generalAndAdministrativeExpenses": 0,
    "sellingAndMarketingExpenses": 0,
    "sellingGeneralAndAdministrativeExpenses": 26000000,
    "otherExpenses": 5600000,
    "operatingExpenses": 68700000,
    "costAndExpenses": 77900000,
    "interestIncome": 0,
    "interestExpense": 0,
    "depreciationAndAmortization": -5600000,
    "ebitda": 35300000,
    "ebitdaratio": 0.3082969432,
    "operatingIncome": 36600000,
    "operatingIncomeRatio": 0.319650655,
    "totalOtherIncomeExpensesNet": 6800000,
    "incomeBeforeTax": 43400000,
    "incomeBeforeTaxRatio": 0.3790393013,
    "incomeTaxExpense": 15600000,
    "netIncome": 27800000,
    "netIncomeRatio": 0.2427947598,
    "eps": 0.0317,
    "epsdiluted": 0.03,
    "weightedAverageShsOut": 877895000,
    "weightedAverageShsOutDil": 926667000,
    "link": "https://www.sec.gov/Archives/edgar/data/875045/000093639298000841/0000936392-98-000841-index.htm",
    "finalLink": "https://www.sec.gov/Archives/edgar/data/875045/000093639298000841/"
  },
  {
    "date": "1997-12-31",
    "symbol": "BIIB",
    "reportedCurrency": "USD",
    "cik": "0000875045",
    "fillingDate": "1998-02-27",
    "acceptedDate": "1998-02-27 00:00:00",
    "calendarYear": "1997",
    "period": "Q4",
    "revenue": 146144000,
    "costOfRevenue": 28088000,
    "grossProfit": 118056000,
    "grossProfitRatio": 0.8078059996,
    "researchAndDevelopmentExpenses": 38501000,
    "generalAndAdministrativeExpenses": 0,
    "sellingAndMarketingExpenses": 0,
    "sellingGeneralAndAdministrativeExpenses": 25298000,
    "otherExpenses": -14311000,
    "operatingExpenses": 49488000,
    "costAndExpenses": 77576000,
    "interestIncome": 0,
    "interestExpense": 0,
    "depreciationAndAmortization": 32896000,
    "ebitda": 101464000,
    "ebitdaratio": 0.6942741406,
    "operatingIncome": 68568000,
    "operatingIncomeRatio": 0.4691810817,
    "totalOtherIncomeExpensesNet": -15700000,
    "incomeBeforeTax": 52868000,
    "incomeBeforeTaxRatio": 0.3617527918,
    "incomeTaxExpense": 21101000,
    "netIncome": 31767000,
    "netIncomeRatio": 0.2173678016,
    "eps": 0.036,
    "epsdiluted": 0.034,
    "weightedAverageShsOut": 877895000,
    "weightedAverageShsOutDil": 926667000,
    "link": "https://www.sec.gov/Archives/edgar/data/875045/000093639298000343/0000936392-98-000343-index.htm",
    "finalLink": "https://www.sec.gov/Archives/edgar/data/875045/000093639298000343/"
  },
  {
    "date": "1997-09-30",
    "symbol": "BIIB",
    "reportedCurrency": "USD",
    "cik": "0000875045",
    "fillingDate": "1997-11-14",
    "acceptedDate": "1997-11-14 00:00:00",
    "calendarYear": "1997",
    "period": "Q3",
    "revenue": 100600000,
    "costOfRevenue": 8000000,
    "grossProfit": 92600000,
    "grossProfitRatio": 0.9204771372,
    "researchAndDevelopmentExpenses": 37000000,
    "generalAndAdministrativeExpenses": 0,
    "sellingAndMarketingExpenses": 0,
    "sellingGeneralAndAdministrativeExpenses": 22600000,
    "otherExpenses": 4500000,
    "operatingExpenses": 64100000,
    "costAndExpenses": 72100000,
    "interestIncome": 0,
    "interestExpense": 0,
    "depreciationAndAmortization": -4500000,
    "ebitda": 27400000,
    "ebitdaratio": 0.2723658052,
    "operatingIncome": 28500000,
    "operatingIncomeRatio": 0.2833001988,
    "totalOtherIncomeExpensesNet": 5600000,
    "incomeBeforeTax": 34100000,
    "incomeBeforeTaxRatio": 0.3389662028,
    "incomeTaxExpense": 13600000,
    "netIncome": 20500000,
    "netIncomeRatio": 0.203777336,
    "eps": 0.0233,
    "epsdiluted": 0.0233,
    "weightedAverageShsOut": 878571000,
    "weightedAverageShsOutDil": 878571000,
    "link": "https://www.sec.gov/Archives/edgar/data/875045/000093639297001535/0000936392-97-001535-index.htm",
    "finalLink": "https://www.sec.gov/Archives/edgar/data/875045/000093639297001535/"
  },
  {
    "date": "1997-06-30",
    "symbol": "BIIB",
    "reportedCurrency": "USD",
    "cik": "0000875045",
    "fillingDate": "1997-08-14",
    "acceptedDate": "1997-08-14 00:00:00",
    "calendarYear": "1997",
    "period": "Q2",
    "revenue": 92400000,
    "costOfRevenue": 6700000,
    "grossProfit": 85700000,
    "grossProfitRatio": 0.9274891775,
    "researchAndDevelopmentExpenses": 32000000,
    "generalAndAdministrativeExpenses": 0,
    "sellingAndMarketingExpenses": 0,
    "sellingGeneralAndAdministrativeExpenses": 20800000,
    "otherExpenses": 4700000,
    "operatingExpenses": 57500000,
    "costAndExpenses": 64200000,
    "interestIncome": 0,
    "interestExpense": 0,
    "depreciationAndAmortization": -4700000,
    "ebitda": 27700000,
    "ebitdaratio": 0.2997835498,
    "operatingIncome": 28200000,
    "operatingIncomeRatio": 0.3051948052,
    "totalOtherIncomeExpensesNet": 5200000,
    "incomeBeforeTax": 33400000,
    "incomeBeforeTaxRatio": 0.3614718615,
    "incomeTaxExpense": 13500000,
    "netIncome": 19900000,
    "netIncomeRatio": 0.2153679654,
    "eps": 0.0233,
    "epsdiluted": 0.0217,
    "weightedAverageShsOut": 852857000,
    "weightedAverageShsOutDil": 918462000,
    "link": "https://www.sec.gov/Archives/edgar/data/875045/000093639297001121/0000936392-97-001121-index.htm",
    "finalLink": "https://www.sec.gov/Archives/edgar/data/875045/000093639297001121/"
  },
  {
    "date": "1997-03-31",
    "symbol": "BIIB",
    "reportedCurrency": "USD",
    "cik": "0000875045",
    "fillingDate": "1997-05-15",
    "acceptedDate": "1997-05-15 00:00:00",
    "calendarYear": "1997",
    "period": "Q1",
    "revenue": 94800000,
    "costOfRevenue": 7400000,
    "grossProfit": 87400000,
    "grossProfitRatio": 0.9219409283,
    "researchAndDevelopmentExpenses": 37900000,
    "generalAndAdministrativeExpenses": 0,
    "sellingAndMarketingExpenses": 0,
    "sellingGeneralAndAdministrativeExpenses": 21200000,
    "otherExpenses": 4400000,
    "operatingExpenses": 63500000,
    "costAndExpenses": 70900000,
    "interestIncome": 0,
    "interestExpense": 0,
    "depreciationAndAmortization": -4400000,
    "ebitda": 23400000,
    "ebitdaratio": 0.246835443,
    "operatingIncome": 23900000,
    "operatingIncomeRatio": 0.2521097046,
    "totalOtherIncomeExpensesNet": 4700000,
    "incomeBeforeTax": 28600000,
    "incomeBeforeTaxRatio": 0.3016877637,
    "incomeTaxExpense": 11600000,
    "netIncome": 17000000,
    "netIncomeRatio": 0.1793248945,
    "eps": 0.02,
    "epsdiluted": 0.0183,
    "weightedAverageShsOut": 850000000,
    "weightedAverageShsOutDil": 927273000,
    "link": "https://www.sec.gov/Archives/edgar/data/875045/000093639297000719/0000936392-97-000719-index.htm",
    "finalLink": "https://www.sec.gov/Archives/edgar/data/875045/000093639297000719/"
  },
  {
    "date": "1996-12-31",
    "symbol": "BIIB",
    "reportedCurrency": "USD",
    "cik": "0000875045",
    "fillingDate": "1997-03-31",
    "acceptedDate": "1997-03-31 00:00:00",
    "calendarYear": "1996",
    "period": "Q4",
    "revenue": 104790000,
    "costOfRevenue": 21325000,
    "grossProfit": 83465000,
    "grossProfitRatio": 0.7964977574,
    "researchAndDevelopmentExpenses": 48184000,
    "generalAndAdministrativeExpenses": 0,
    "sellingAndMarketingExpenses": 0,
    "sellingGeneralAndAdministrativeExpenses": 20032000,
    "otherExpenses": -9480000,
    "operatingExpenses": 58736000,
    "costAndExpenses": 80061000,
    "interestIncome": 0,
    "interestExpense": 0,
    "depreciationAndAmortization": 26464000,
    "ebitda": 51193000,
    "ebitdaratio": 0.4885294398,
    "operatingIncome": 24729000,
    "operatingIncomeRatio": 0.2359862582,
    "totalOtherIncomeExpensesNet": -12900000,
    "incomeBeforeTax": 11829000,
    "incomeBeforeTaxRatio": 0.1128829087,
    "incomeTaxExpense": 3599000,
    "netIncome": 8230000,
    "netIncomeRatio": 0.0785380284,
    "eps": 0.0097,
    "epsdiluted": 0.0089,
    "weightedAverageShsOut": 850000000,
    "weightedAverageShsOutDil": 927273000,
    "link": "https://www.sec.gov/Archives/edgar/data/875045/000093639297000428/0000936392-97-000428-index.htm",
    "finalLink": "https://www.sec.gov/Archives/edgar/data/875045/000093639297000428/"
  },
  {
    "date": "1996-09-30",
    "symbol": "BIIB",
    "reportedCurrency": "USD",
    "cik": "0000875045",
    "fillingDate": "1996-11-13",
    "acceptedDate": "1996-11-13 00:00:00",
    "calendarYear": "1996",
    "period": "Q3",
    "revenue": 96800000,
    "costOfRevenue": 6500000,
    "grossProfit": 90300000,
    "grossProfitRatio": 0.9328512397,
    "researchAndDevelopmentExpenses": 30400000,
    "generalAndAdministrativeExpenses": 0,
    "sellingAndMarketingExpenses": 0,
    "sellingGeneralAndAdministrativeExpenses": 19400000,
    "otherExpenses": 3900000,
    "operatingExpenses": 53700000,
    "costAndExpenses": 60200000,
    "interestIncome": 0,
    "interestExpense": 0,
    "depreciationAndAmortization": -3900000,
    "ebitda": 36400000,
    "ebitdaratio": 0.3760330579,
    "operatingIncome": 36600000,
    "operatingIncomeRatio": 0.3780991736,
    "totalOtherIncomeExpensesNet": 4200000,
    "incomeBeforeTax": 40800000,
    "incomeBeforeTaxRatio": 0.4214876033,
    "incomeTaxExpense": -4300000,
    "netIncome": 45100000,
    "netIncomeRatio": 0.4659090909,
    "eps": 0.0533,
    "epsdiluted": 0.05,
    "weightedAverageShsOut": 845625000,
    "weightedAverageShsOutDil": 902000000,
    "link": "https://www.sec.gov/Archives/edgar/data/875045/000093639296001014/0000936392-96-001014-index.htm",
    "finalLink": "https://www.sec.gov/Archives/edgar/data/875045/000093639296001014/"
  },
  {
    "date": "1996-06-30",
    "symbol": "BIIB",
    "reportedCurrency": "USD",
    "cik": "0000875045",
    "fillingDate": "1996-08-14",
    "acceptedDate": "1996-08-14 00:00:00",
    "calendarYear": "1996",
    "period": "Q2",
    "revenue": 41200000,
    "costOfRevenue": 100000,
    "grossProfit": 41100000,
    "grossProfitRatio": 0.9975728155,
    "researchAndDevelopmentExpenses": 29300000,
    "generalAndAdministrativeExpenses": 0,
    "sellingAndMarketingExpenses": 0,
    "sellingGeneralAndAdministrativeExpenses": 20500000,
    "otherExpenses": -8800000,
    "operatingExpenses": 41100000,
    "costAndExpenses": 41200000,
    "interestIncome": 0,
    "interestExpense": 0,
    "depreciationAndAmortization": -3700000,
    "ebitda": -12900000,
    "ebitdaratio": -0.3131067961,
    "operatingIncome": -12500000,
    "operatingIncomeRatio": -0.3033980583,
    "totalOtherIncomeExpensesNet": 4200000,
    "incomeBeforeTax": -8300000,
    "incomeBeforeTaxRatio": -0.2014563107,
    "incomeTaxExpense": 800000,
    "netIncome": -9100000,
    "netIncomeRatio": -0.2208737864,
    "eps": -0.0117,
    "epsdiluted": -0.0117,
    "weightedAverageShsOut": 780000000,
    "weightedAverageShsOutDil": 780000000,
    "link": "https://www.sec.gov/Archives/edgar/data/875045/000093639296000630/0000936392-96-000630-index.htm",
    "finalLink": "https://www.sec.gov/Archives/edgar/data/875045/000093639296000630/"
  },
  {
    "date": "1996-03-31",
    "symbol": "BIIB",
    "reportedCurrency": "USD",
    "cik": "0000875045",
    "fillingDate": "1996-06-06",
    "acceptedDate": "1996-06-06 00:00:00",
    "calendarYear": "1996",
    "period": "Q1",
    "revenue": 34400000,
    "costOfRevenue": 600000,
    "grossProfit": 33800000,
    "grossProfitRatio": 0.9825581395,
    "researchAndDevelopmentExpenses": 24500000,
    "generalAndAdministrativeExpenses": 0,
    "sellingAndMarketingExpenses": 0,
    "sellingGeneralAndAdministrativeExpenses": 13700000,
    "otherExpenses": -4400000,
    "operatingExpenses": 41800000,
    "costAndExpenses": 42400000,
    "interestIncome": 0,
    "interestExpense": 0,
    "depreciationAndAmortization": -3600000,
    "ebitda": -8900000,
    "ebitdaratio": -0.2587209302,
    "operatingIncome": -8000000,
    "operatingIncomeRatio": -0.2325581395,
    "totalOtherIncomeExpensesNet": 4500000,
    "incomeBeforeTax": -3500000,
    "incomeBeforeTaxRatio": -0.101744186,
    "incomeTaxExpense": 200000,
    "netIncome": -3700000,
    "netIncomeRatio": -0.1075581395,
    "eps": -0.005,
    "epsdiluted": -0.005,
    "weightedAverageShsOut": 740000000,
    "weightedAverageShsOutDil": 740000000,
    "link": "https://www.sec.gov/Archives/edgar/data/875045/000089161896000775/0000891618-96-000775-index.html",
    "finalLink": "https://www.sec.gov/Archives/edgar/data/875045/"
  },
  {
    "date": "1995-12-31",
    "symbol": "BIIB",
    "reportedCurrency": "USD",
    "cik": "0000875045",
    "fillingDate": "1996-06-06",
    "acceptedDate": "1996-06-06 00:00:00",
    "calendarYear": "1995",
    "period": "Q4",
    "revenue": 53091000,
    "costOfRevenue": 0,
    "grossProfit": 53091000,
    "grossProfitRatio": 1,
    "researchAndDevelopmentExpenses": 23248000,
    "generalAndAdministrativeExpenses": 0,
    "sellingAndMarketingExpenses": 0,
    "sellingGeneralAndAdministrativeExpenses": 7193000,
    "otherExpenses": -1799000,
    "operatingExpenses": 28642000,
    "costAndExpenses": 39146000,
    "interestIncome": 0,
    "interestExpense": 0,
    "depreciationAndAmortization": 18716000,
    "ebitda": 32661000,
    "ebitdaratio": 0.6151890151,
    "operatingIncome": 13945000,
    "operatingIncomeRatio": 0.2626622215,
    "totalOtherIncomeExpensesNet": -12500000,
    "incomeBeforeTax": 1445000,
    "incomeBeforeTaxRatio": 0.0272174191,
    "incomeTaxExpense": 485000,
    "netIncome": 960000,
    "netIncomeRatio": 0.0180821608,
    "eps": 0.0013,
    "epsdiluted": 0.0013,
    "weightedAverageShsOut": 740000000,
    "weightedAverageShsOutDil": 740000000,
    "link": "https://www.sec.gov/Archives/edgar/data/875045/000089161896000774/0000891618-96-000774-index.html",
    "finalLink": "https://www.sec.gov/Archives/edgar/data/875045/"
  },
  {
    "date": "1995-09-30",
    "symbol": "BIIB",
    "reportedCurrency": "USD",
    "cik": "0000875045",
    "fillingDate": "1996-12-18",
    "acceptedDate": "1996-12-18 00:00:00",
    "calendarYear": "1995",
    "period": "Q3",
    "revenue": 33900000,
    "costOfRevenue": 200000,
    "grossProfit": 33700000,
    "grossProfitRatio": 0.994100295,
    "researchAndDevelopmentExpenses": 22500000,
    "generalAndAdministrativeExpenses": 0,
    "sellingAndMarketingExpenses": 0,
    "sellingGeneralAndAdministrativeExpenses": 11100000,
    "otherExpenses": 100000,
    "operatingExpenses": 36400000,
    "costAndExpenses": 36600000,
    "interestIncome": 0,
    "interestExpense": 0,
    "depreciationAndAmortization": -2800000,
    "ebitda": -4200000,
    "ebitdaratio": -0.1238938053,
    "operatingIncome": -2700000,
    "operatingIncomeRatio": -0.0796460177,
    "totalOtherIncomeExpensesNet": 4600000,
    "incomeBeforeTax": 1900000,
    "incomeBeforeTaxRatio": 0.0560471976,
    "incomeTaxExpense": 800000,
    "netIncome": 1100000,
    "netIncomeRatio": 0.0324483776,
    "eps": 0.0017,
    "epsdiluted": 0.0017,
    "weightedAverageShsOut": 660000000,
    "weightedAverageShsOutDil": 660000000,
    "link": "https://www.sec.gov/Archives/edgar/data/875045/000093639296001198/0000936392-96-001198-index.html",
    "finalLink": "https://www.sec.gov/Archives/edgar/data/875045/"
  }
]