[
  {
    "date": "2024-12-31",
    "symbol": "BIIB",
    "reportedCurrency": "USD",
    "cik": "0000875045",
    "fillingDate": "2025-02-12",
    "acceptedDate": "2025-02-12 07:06:19",
    "calendarYear": "2024",
    "period": "FY",
    "revenue": 9675900000,
    "costOfRevenue": 2310400000,
    "grossProfit": 7365500000,
    "grossProfitRatio": 0.7612211784,
    "researchAndDevelopmentExpenses": 2041800000,
    "generalAndAdministrativeExpenses": 0,
    "sellingAndMarketingExpenses": 0,
    "sellingGeneralAndAdministrativeExpenses": 2403700000,
    "otherExpenses": 701100000,
    "operatingExpenses": 5146600000,
    "costAndExpenses": 7457000000,
    "interestIncome": 67600000,
    "interestExpense": 250300000,
    "depreciationAndAmortization": 673200000,
    "ebitda": 2829500000,
    "ebitdaratio": 0.2924275778,
    "operatingIncome": 2218900000,
    "operatingIncomeRatio": 0.2293223369,
    "totalOtherIncomeExpensesNet": -312900000,
    "incomeBeforeTax": 1906000000,
    "incomeBeforeTaxRatio": 0.1969842599,
    "incomeTaxExpense": 273800000,
    "netIncome": 1632200000,
    "netIncomeRatio": 0.1686871505,
    "eps": 11.2,
    "epsdiluted": 11.19,
    "weightedAverageShsOut": 145700000,
    "weightedAverageShsOutDil": 145900000,
    "link": "https://www.sec.gov/Archives/edgar/data/875045/000087504525000009/0000875045-25-000009-index.htm",
    "finalLink": "https://www.sec.gov/Archives/edgar/data/875045/000087504525000009/biib-20241231.htm"
  },
  {
    "date": "2023-12-31",
    "symbol": "BIIB",
    "reportedCurrency": "USD",
    "cik": "0000875045",
    "fillingDate": "2024-02-13",
    "acceptedDate": "2024-02-13 07:07:23",
    "calendarYear": "2023",
    "period": "FY",
    "revenue": 9835600000,
    "costOfRevenue": 2533400000,
    "grossProfit": 7302200000,
    "grossProfitRatio": 0.7424254748,
    "researchAndDevelopmentExpenses": 2462000000,
    "generalAndAdministrativeExpenses": 2430900000,
    "sellingAndMarketingExpenses": 71400000,
    "sellingGeneralAndAdministrativeExpenses": 2502300000,
    "otherExpenses": 993699999,
    "operatingExpenses": 5204900000,
    "costAndExpenses": 8004500000,
    "interestIncome": 276500000,
    "interestExpense": 246900000,
    "depreciationAndAmortization": 494800000,
    "ebitda": 2377000000,
    "ebitdaratio": 0.2416731059,
    "operatingIncome": 2097300000,
    "operatingIncomeRatio": 0.2132355932,
    "totalOtherIncomeExpensesNet": -534300000,
    "incomeBeforeTax": 1296800000,
    "incomeBeforeTaxRatio": 0.1318475741,
    "incomeTaxExpense": 135300000,
    "netIncome": 1161100000,
    "netIncomeRatio": 0.1180507544,
    "eps": 8.02,
    "epsdiluted": 7.97,
    "weightedAverageShsOut": 144700000,
    "weightedAverageShsOutDil": 145600000,
    "link": "https://www.sec.gov/Archives/edgar/data/875045/000087504524000009/0000875045-24-000009-index.htm",
    "finalLink": "https://www.sec.gov/Archives/edgar/data/875045/000087504524000009/biib-20231231.htm"
  },
  {
    "date": "2022-12-31",
    "symbol": "BIIB",
    "reportedCurrency": "USD",
    "cik": "0000875045",
    "fillingDate": "2023-02-15",
    "acceptedDate": "2023-02-15 16:24:20",
    "calendarYear": "2022",
    "period": "FY",
    "revenue": 10173400000,
    "costOfRevenue": 2278300000,
    "grossProfit": 7895100000,
    "grossProfitRatio": 0.7760532369,
    "researchAndDevelopmentExpenses": 2231100000,
    "generalAndAdministrativeExpenses": 2349500000,
    "sellingAndMarketingExpenses": 54100000,
    "sellingGeneralAndAdministrativeExpenses": 2403600000,
    "otherExpenses": 358500000,
    "operatingExpenses": 4993200000,
    "costAndExpenses": 7271500000,
    "interestIncome": 89300000,
    "interestExpense": 246600000,
    "depreciationAndAmortization": 518700000,
    "ebitda": 4357100000,
    "ebitdaratio": 0.428283563,
    "operatingIncome": 2901900000,
    "operatingIncomeRatio": 0.2852438713,
    "totalOtherIncomeExpensesNet": 705300000,
    "incomeBeforeTax": 3591800000,
    "incomeBeforeTaxRatio": 0.3530579747,
    "incomeTaxExpense": 632800000,
    "netIncome": 3046900000,
    "netIncomeRatio": 0.2994967268,
    "eps": 20.97,
    "epsdiluted": 20.87,
    "weightedAverageShsOut": 145300000,
    "weightedAverageShsOutDil": 146000000,
    "link": "https://www.sec.gov/Archives/edgar/data/875045/000087504523000009/0000875045-23-000009-index.htm",
    "finalLink": "https://www.sec.gov/Archives/edgar/data/875045/000087504523000009/biib-20221231.htm"
  },
  {
    "date": "2021-12-31",
    "symbol": "BIIB",
    "reportedCurrency": "USD",
    "cik": "0000875045",
    "fillingDate": "2022-02-03",
    "acceptedDate": "2022-02-03 17:24:29",
    "calendarYear": "2021",
    "period": "FY",
    "revenue": 10981700000,
    "costOfRevenue": 2109700000,
    "grossProfit": 8872000000,
    "grossProfitRatio": 0.8078894889,
    "researchAndDevelopmentExpenses": 2501200000,
    "generalAndAdministrativeExpenses": 2575600000,
    "sellingAndMarketingExpenses": 98700000,
    "sellingGeneralAndAdministrativeExpenses": 2674300000,
    "otherExpenses": 888500000,
    "operatingExpenses": 6064000000,
    "costAndExpenses": 8173700000,
    "interestIncome": 11000000,
    "interestExpense": 253600000,
    "depreciationAndAmortization": 487300000,
    "ebitda": 3923400000,
    "ebitdaratio": 0.3572670898,
    "operatingIncome": 2840700000,
    "operatingIncomeRatio": 0.258675797,
    "totalOtherIncomeExpensesNet": -1095500000,
    "incomeBeforeTax": 1745200000,
    "incomeBeforeTaxRatio": 0.1589189288,
    "incomeTaxExpense": 52500000,
    "netIncome": 1556100000,
    "netIncomeRatio": 0.1416993726,
    "eps": 10.44,
    "epsdiluted": 10.4,
    "weightedAverageShsOut": 149100000,
    "weightedAverageShsOutDil": 149600000,
    "link": "https://www.sec.gov/Archives/edgar/data/875045/000087504522000007/0000875045-22-000007-index.htm",
    "finalLink": "https://www.sec.gov/Archives/edgar/data/875045/000087504522000007/biib-20211231.htm"
  },
  {
    "date": "2020-12-31",
    "symbol": "BIIB",
    "reportedCurrency": "USD",
    "cik": "0000875045",
    "fillingDate": "2021-02-03",
    "acceptedDate": "2021-02-03 16:30:07",
    "calendarYear": "2020",
    "period": "FY",
    "revenue": 13444600000,
    "costOfRevenue": 1805200000,
    "grossProfit": 11639400000,
    "grossProfitRatio": 0.8657304792,
    "researchAndDevelopmentExpenses": 3990900000,
    "generalAndAdministrativeExpenses": 2392700000,
    "sellingAndMarketingExpenses": 111800000,
    "sellingGeneralAndAdministrativeExpenses": 2504500000,
    "otherExpenses": 697700000,
    "operatingExpenses": 6293500000,
    "costAndExpenses": 8851600000,
    "interestIncome": 42000000,
    "interestExpense": 222500000,
    "depreciationAndAmortization": 457000000,
    "ebitda": 5730300000,
    "ebitdaratio": 0.4262157297,
    "operatingIncome": 4550100000,
    "operatingIncomeRatio": 0.3384332743,
    "totalOtherIncomeExpensesNet": 497400000,
    "incomeBeforeTax": 5047500000,
    "incomeBeforeTaxRatio": 0.3754295405,
    "incomeTaxExpense": 992300000,
    "netIncome": 4000600000,
    "netIncomeRatio": 0.2975618464,
    "eps": 24.86,
    "epsdiluted": 24.8,
    "weightedAverageShsOut": 160900000,
    "weightedAverageShsOutDil": 161300000,
    "link": "https://www.sec.gov/Archives/edgar/data/875045/000087504521000010/0000875045-21-000010-index.htm",
    "finalLink": "https://www.sec.gov/Archives/edgar/data/875045/000087504521000010/biib-20201231.htm"
  },
  {
    "date": "2019-12-31",
    "symbol": "BIIB",
    "reportedCurrency": "USD",
    "cik": "0000875045",
    "fillingDate": "2020-02-06",
    "acceptedDate": "2020-02-06 16:32:39",
    "calendarYear": "2019",
    "period": "FY",
    "revenue": 14377900000,
    "costOfRevenue": 1955400000,
    "grossProfit": 12422500000,
    "grossProfitRatio": 0.8639996105,
    "researchAndDevelopmentExpenses": 2280600000,
    "generalAndAdministrativeExpenses": 2295500000,
    "sellingAndMarketingExpenses": 79200000,
    "sellingGeneralAndAdministrativeExpenses": 2374700000,
    "otherExpenses": 731500000,
    "operatingExpenses": 5379900000,
    "costAndExpenses": 7335300000,
    "interestIncome": 120000000,
    "interestExpense": 187400000,
    "depreciationAndAmortization": 464600000,
    "ebitda": 7777900000,
    "ebitdaratio": 0.5409621711,
    "operatingIncome": 7042600000,
    "operatingIncomeRatio": 0.4898211839,
    "totalOtherIncomeExpensesNet": 83300000,
    "incomeBeforeTax": 7125900000,
    "incomeBeforeTaxRatio": 0.4956147977,
    "incomeTaxExpense": 1158000000,
    "netIncome": 5888500000,
    "netIncomeRatio": 0.4095521599,
    "eps": 31.47,
    "epsdiluted": 31.42,
    "weightedAverageShsOut": 187100000,
    "weightedAverageShsOutDil": 187400000,
    "link": "https://www.sec.gov/Archives/edgar/data/875045/000087504520000005/0000875045-20-000005-index.htm",
    "finalLink": "https://www.sec.gov/Archives/edgar/data/875045/000087504520000005/biib-20191231x10k.htm"
  },
  {
    "date": "2018-12-31",
    "symbol": "BIIB",
    "reportedCurrency": "USD",
    "cik": "0000875045",
    "fillingDate": "2019-02-06",
    "acceptedDate": "2019-02-06 17:21:15",
    "calendarYear": "2018",
    "period": "FY",
    "revenue": 13452900000,
    "costOfRevenue": 1816300000,
    "grossProfit": 11636600000,
    "grossProfitRatio": 0.8649882182,
    "researchAndDevelopmentExpenses": 2597200000,
    "generalAndAdministrativeExpenses": 2016100000,
    "sellingAndMarketingExpenses": 90200000,
    "sellingGeneralAndAdministrativeExpenses": 2106300000,
    "otherExpenses": 1044500000,
    "operatingExpenses": 5748000000,
    "costAndExpenses": 7564300000,
    "interestIncome": 112500000,
    "interestExpense": 200600000,
    "depreciationAndAmortization": 650600000,
    "ebitda": 6750800000,
    "ebitdaratio": 0.5018100187,
    "operatingIncome": 5888600000,
    "operatingIncomeRatio": 0.4377197482,
    "totalOtherIncomeExpensesNet": 11000000,
    "incomeBeforeTax": 5899600000,
    "incomeBeforeTaxRatio": 0.4385374157,
    "incomeTaxExpense": 1425600000,
    "netIncome": 4430700000,
    "netIncomeRatio": 0.3293490623,
    "eps": 21.62,
    "epsdiluted": 21.58,
    "weightedAverageShsOut": 204900000,
    "weightedAverageShsOutDil": 205300000,
    "link": "https://www.sec.gov/Archives/edgar/data/875045/000087504519000006/0000875045-19-000006-index.htm",
    "finalLink": "https://www.sec.gov/Archives/edgar/data/875045/000087504519000006/biib-20181231x10k.htm"
  },
  {
    "date": "2017-12-31",
    "symbol": "BIIB",
    "reportedCurrency": "USD",
    "cik": "0000875045",
    "fillingDate": "2018-02-01",
    "acceptedDate": "2018-02-01 16:35:03",
    "calendarYear": "2017",
    "period": "FY",
    "revenue": 12273900000,
    "costOfRevenue": 1630000000,
    "grossProfit": 10643900000,
    "grossProfitRatio": 0.8671978752,
    "researchAndDevelopmentExpenses": 2253600000,
    "generalAndAdministrativeExpenses": 1860300000,
    "sellingAndMarketingExpenses": 75200000,
    "sellingGeneralAndAdministrativeExpenses": 1935500000,
    "otherExpenses": 988100000,
    "operatingExpenses": 5299700000,
    "costAndExpenses": 6929700000,
    "interestIncome": 78500000,
    "interestExpense": 250800000,
    "depreciationAndAmortization": 721600000,
    "ebitda": 6096000000,
    "ebitdaratio": 0.4966636521,
    "operatingIncome": 5344200000,
    "operatingIncomeRatio": 0.4354117273,
    "totalOtherIncomeExpensesNet": -217000000,
    "incomeBeforeTax": 5128800000,
    "incomeBeforeTaxRatio": 0.4178622932,
    "incomeTaxExpense": 2458700000,
    "netIncome": 2539100000,
    "netIncomeRatio": 0.2068698621,
    "eps": 11.94,
    "epsdiluted": 11.92,
    "weightedAverageShsOut": 212600000,
    "weightedAverageShsOutDil": 213000000,
    "link": "https://www.sec.gov/Archives/edgar/data/875045/000087504518000005/0000875045-18-000005-index.htm",
    "finalLink": "https://www.sec.gov/Archives/edgar/data/875045/000087504518000005/biib-20171231x10k.htm"
  },
  {
    "date": "2016-12-31",
    "symbol": "BIIB",
    "reportedCurrency": "USD",
    "cik": "0000875045",
    "fillingDate": "2017-02-02",
    "acceptedDate": "2017-02-02 16:24:00",
    "calendarYear": "2016",
    "period": "FY",
    "revenue": 11448800000,
    "costOfRevenue": 1478700000,
    "grossProfit": 9970100000,
    "grossProfitRatio": 0.870842359,
    "researchAndDevelopmentExpenses": 1973300000,
    "generalAndAdministrativeExpenses": 1841600000,
    "sellingAndMarketingExpenses": 106300000,
    "sellingGeneralAndAdministrativeExpenses": 1947900000,
    "otherExpenses": 898500000,
    "operatingExpenses": 4818400000,
    "costAndExpenses": 6298400000,
    "interestIncome": 63400000,
    "interestExpense": 260000000,
    "depreciationAndAmortization": 682700000,
    "ebitda": 5875700000,
    "ebitdaratio": 0.5132153588,
    "operatingIncome": 5150400000,
    "operatingIncomeRatio": 0.4498637412,
    "totalOtherIncomeExpensesNet": -218700000,
    "incomeBeforeTax": 4933000000,
    "incomeBeforeTaxRatio": 0.4308748515,
    "incomeTaxExpense": 1237300000,
    "netIncome": 3702800000,
    "netIncomeRatio": 0.3234225421,
    "eps": 16.96,
    "epsdiluted": 16.93,
    "weightedAverageShsOut": 218400000,
    "weightedAverageShsOutDil": 218800000,
    "link": "https://www.sec.gov/Archives/edgar/data/875045/000087504517000009/0000875045-17-000009-index.htm",
    "finalLink": "https://www.sec.gov/Archives/edgar/data/875045/000087504517000009/biib-20161231x10k.htm"
  },
  {
    "date": "2015-12-31",
    "symbol": "BIIB",
    "reportedCurrency": "USD",
    "cik": "0000875045",
    "fillingDate": "2016-02-03",
    "acceptedDate": "2016-02-03 16:25:52",
    "calendarYear": "2015",
    "period": "FY",
    "revenue": 10763800000,
    "costOfRevenue": 1240400000,
    "grossProfit": 9523400000,
    "grossProfitRatio": 0.8847618871,
    "researchAndDevelopmentExpenses": 2012800000,
    "generalAndAdministrativeExpenses": 2004500000,
    "sellingAndMarketingExpenses": 108600000,
    "sellingGeneralAndAdministrativeExpenses": 2113100000,
    "otherExpenses": 506500000,
    "operatingExpenses": 4632400000,
    "costAndExpenses": 5872800000,
    "interestIncome": 22100000,
    "interestExpense": 95500000,
    "depreciationAndAmortization": 600400000,
    "ebitda": 5615300000,
    "ebitdaratio": 0.521683792,
    "operatingIncome": 4891000000,
    "operatingIncomeRatio": 0.4543934298,
    "totalOtherIncomeExpensesNet": -123700000,
    "incomeBeforeTax": 4767300000,
    "incomeBeforeTaxRatio": 0.4429012059,
    "incomeTaxExpense": 1161600000,
    "netIncome": 3547000000,
    "netIncomeRatio": 0.3295304632,
    "eps": 15.38,
    "epsdiluted": 15.34,
    "weightedAverageShsOut": 230700000,
    "weightedAverageShsOutDil": 231200000,
    "link": "https://www.sec.gov/Archives/edgar/data/875045/000087504516000042/0000875045-16-000042-index.htm",
    "finalLink": "https://www.sec.gov/Archives/edgar/data/875045/000087504516000042/biib-20151231x10k.htm"
  },
  {
    "date": "2014-12-31",
    "symbol": "BIIB",
    "reportedCurrency": "USD",
    "cik": "0000875045",
    "fillingDate": "2015-02-04",
    "acceptedDate": "2015-02-04 16:39:52",
    "calendarYear": "2014",
    "period": "FY",
    "revenue": 8582424000,
    "costOfRevenue": 1171036000,
    "grossProfit": 6972527000,
    "grossProfitRatio": 0.8124193118,
    "researchAndDevelopmentExpenses": 1893422000,
    "generalAndAdministrativeExpenses": 2139442000,
    "sellingAndMarketingExpenses": 92900000,
    "sellingGeneralAndAdministrativeExpenses": 2232342000,
    "otherExpenses": -25781000,
    "operatingExpenses": 4125764000,
    "costAndExpenses": 5786561000,
    "interestIncome": 12200000,
    "interestExpense": 29500000,
    "depreciationAndAmortization": 489761000,
    "ebitda": 4664200000,
    "ebitdaratio": 0.5434595168,
    "operatingIncome": 2846763000,
    "operatingIncomeRatio": 0.3316968493,
    "totalOtherIncomeExpensesNet": 1099870000,
    "incomeBeforeTax": 3946633000,
    "incomeBeforeTaxRatio": 0.4598506203,
    "incomeTaxExpense": 989942000,
    "netIncome": 2934784000,
    "netIncomeRatio": 0.3419528096,
    "eps": 12.42,
    "epsdiluted": 12.37,
    "weightedAverageShsOut": 236359000,
    "weightedAverageShsOutDil": 237176000,
    "link": "https://www.sec.gov/Archives/edgar/data/875045/000087504515000005/0000875045-15-000005-index.htm",
    "finalLink": "https://www.sec.gov/Archives/edgar/data/875045/000087504515000005/biib-20141231x10k.htm"
  },
  {
    "date": "2013-12-31",
    "symbol": "BIIB",
    "reportedCurrency": "USD",
    "cik": "0000875045",
    "fillingDate": "2014-02-06",
    "acceptedDate": "2014-02-06 17:28:12",
    "calendarYear": "2013",
    "period": "FY",
    "revenue": 5860199000,
    "costOfRevenue": 857726000,
    "grossProfit": 4659525000,
    "grossProfitRatio": 0.7951137837,
    "researchAndDevelopmentExpenses": 1444053000,
    "generalAndAdministrativeExpenses": 1639351000,
    "sellingAndMarketingExpenses": 72700000,
    "sellingGeneralAndAdministrativeExpenses": 1712051000,
    "otherExpenses": 402800000,
    "operatingExpenses": 3584409000,
    "costAndExpenses": 4442135000,
    "interestIncome": 8200000,
    "interestExpense": 31900000,
    "depreciationAndAmortization": 531740000,
    "ebitda": 3021700000,
    "ebitdaratio": 0.5156309538,
    "operatingIncome": 2515509000,
    "operatingIncomeRatio": 0.4292531704,
    "totalOtherIncomeExpensesNet": -34921000,
    "incomeBeforeTax": 2480579000,
    "incomeBeforeTaxRatio": 0.423292622,
    "incomeTaxExpense": 601014000,
    "netIncome": 1862341000,
    "netIncomeRatio": 0.3177948394,
    "eps": 7.86,
    "epsdiluted": 7.81,
    "weightedAverageShsOut": 236919000,
    "weightedAverageShsOutDil": 238308000,
    "link": "https://www.sec.gov/Archives/edgar/data/875045/000087504514000004/0000875045-14-000004-index.htm",
    "finalLink": "https://www.sec.gov/Archives/edgar/data/875045/000087504514000004/biib-20131231x10k.htm"
  },
  {
    "date": "2012-12-31",
    "symbol": "BIIB",
    "reportedCurrency": "USD",
    "cik": "0000875045",
    "fillingDate": "2013-02-05",
    "acceptedDate": "2013-02-05 06:42:21",
    "calendarYear": "2012",
    "period": "FY",
    "revenue": 5516461000,
    "costOfRevenue": 545494000,
    "grossProfit": 4970967000,
    "grossProfitRatio": 0.9011152259,
    "researchAndDevelopmentExpenses": 1334919000,
    "generalAndAdministrativeExpenses": 1223165000,
    "sellingAndMarketingExpenses": 54300000,
    "sellingGeneralAndAdministrativeExpenses": 1277465000,
    "otherExpenses": 502734000,
    "operatingExpenses": 3132483000,
    "costAndExpenses": 3677977000,
    "interestIncome": 29500000,
    "interestExpense": 36500000,
    "depreciationAndAmortization": 365648000,
    "ebitda": 2257253000,
    "ebitdaratio": 0.4091849829,
    "operatingIncome": 1855849000,
    "operatingIncomeRatio": 0.3364202158,
    "totalOtherIncomeExpensesNet": 16621000,
    "incomeBeforeTax": 1855105000,
    "incomeBeforeTaxRatio": 0.3362853467,
    "incomeTaxExpense": 470554000,
    "netIncome": 1380033000,
    "netIncomeRatio": 0.2501663657,
    "eps": 5.8,
    "epsdiluted": 5.76,
    "weightedAverageShsOut": 237938000,
    "weightedAverageShsOutDil": 239740000,
    "link": "https://www.sec.gov/Archives/edgar/data/875045/000087504513000006/0000875045-13-000006-index.htm",
    "finalLink": "https://www.sec.gov/Archives/edgar/data/875045/000087504513000006/biib-20121231x10k.htm"
  },
  {
    "date": "2011-12-31",
    "symbol": "BIIB",
    "reportedCurrency": "USD",
    "cik": "0000875045",
    "fillingDate": "2012-02-03",
    "acceptedDate": "2012-02-03 17:19:40",
    "calendarYear": "2011",
    "period": "FY",
    "revenue": 5048634000,
    "costOfRevenue": 466780000,
    "grossProfit": 4581854000,
    "grossProfitRatio": 0.9075433078,
    "researchAndDevelopmentExpenses": 1219602000,
    "generalAndAdministrativeExpenses": 0,
    "sellingAndMarketingExpenses": 0,
    "sellingGeneralAndAdministrativeExpenses": 1373904000,
    "otherExpenses": 244631000,
    "operatingExpenses": 2838137000,
    "costAndExpenses": 3304917000,
    "interestIncome": 19200000,
    "interestExpense": 33000000,
    "depreciationAndAmortization": 358933000,
    "ebitda": 2103147000,
    "ebitdaratio": 0.4165774346,
    "operatingIncome": 1724691000,
    "operatingIncomeRatio": 0.3416153756,
    "totalOtherIncomeExpensesNet": 767232000,
    "incomeBeforeTax": 1711214000,
    "incomeBeforeTaxRatio": 0.3389459406,
    "incomeTaxExpense": 444528000,
    "netIncome": 1234428000,
    "netIncomeRatio": 0.2445073261,
    "eps": 5.09,
    "epsdiluted": 5.04,
    "weightedAverageShsOut": 242395000,
    "weightedAverageShsOutDil": 245033000,
    "link": "https://www.sec.gov/Archives/edgar/data/875045/000119312512039072/0001193125-12-039072-index.htm",
    "finalLink": "https://www.sec.gov/Archives/edgar/data/875045/000119312512039072/d272629d10k.htm"
  },
  {
    "date": "2010-12-31",
    "symbol": "BIIB",
    "reportedCurrency": "USD",
    "cik": "0000875045",
    "fillingDate": "2011-02-04",
    "acceptedDate": "2011-02-04 17:06:26",
    "calendarYear": "2010",
    "period": "FY",
    "revenue": 4716423000,
    "costOfRevenue": 400262000,
    "grossProfit": 4316161000,
    "grossProfitRatio": 0.9151344144,
    "researchAndDevelopmentExpenses": 1248604000,
    "generalAndAdministrativeExpenses": 0,
    "sellingAndMarketingExpenses": 0,
    "sellingGeneralAndAdministrativeExpenses": 1289611000,
    "otherExpenses": 208928000,
    "operatingExpenses": 2747143000,
    "costAndExpenses": 3467534000,
    "interestIncome": 22300000,
    "interestExpense": 36100000,
    "depreciationAndAmortization": 354101000,
    "ebitda": 1620107000,
    "ebitdaratio": 0.3435033287,
    "operatingIncome": 675318000,
    "operatingIncomeRatio": 0.1431843581,
    "totalOtherIncomeExpensesNet": -18983000000,
    "incomeBeforeTax": 1229906000,
    "incomeBeforeTaxRatio": 0.2607709275,
    "incomeTaxExpense": 331333000,
    "netIncome": 1005273000,
    "netIncomeRatio": 0.2131430959,
    "eps": 3.98,
    "epsdiluted": 3.94,
    "weightedAverageShsOut": 252307000,
    "weightedAverageShsOutDil": 254867000,
    "link": "https://www.sec.gov/Archives/edgar/data/875045/000095012311009300/0000950123-11-009300-index.htm",
    "finalLink": "https://www.sec.gov/Archives/edgar/data/875045/000095012311009300/b83162e10vk.htm"
  },
  {
    "date": "2009-12-31",
    "symbol": "BIIB",
    "reportedCurrency": "USD",
    "cik": "0000875045",
    "fillingDate": "2010-02-09",
    "acceptedDate": "2010-02-09 17:21:42",
    "calendarYear": "2009",
    "period": "FY",
    "revenue": 4377348000,
    "costOfRevenue": 382104000,
    "grossProfit": 3995244000,
    "grossProfitRatio": 0.9127087908,
    "researchAndDevelopmentExpenses": 1283068000,
    "generalAndAdministrativeExpenses": 0,
    "sellingAndMarketingExpenses": 0,
    "sellingGeneralAndAdministrativeExpenses": 1126938000,
    "otherExpenses": 289811000,
    "operatingExpenses": 2699817000,
    "costAndExpenses": 3081921000,
    "interestIncome": 48500000,
    "interestExpense": 35800000,
    "depreciationAndAmortization": 427961000,
    "ebitda": 1801840000,
    "ebitdaratio": 0.4116282279,
    "operatingIncome": 1295427000,
    "operatingIncomeRatio": 0.2959387739,
    "totalOtherIncomeExpensesNet": 37252000,
    "incomeBeforeTax": 1332679000,
    "incomeBeforeTaxRatio": 0.3044489495,
    "incomeTaxExpense": 355617000,
    "netIncome": 970132000,
    "netIncomeRatio": 0.2216255139,
    "eps": 3.37,
    "epsdiluted": 3.35,
    "weightedAverageShsOut": 287356000,
    "weightedAverageShsOutDil": 289476000,
    "link": "https://www.sec.gov/Archives/edgar/data/875045/000095012310010528/0000950123-10-010528-index.htm",
    "finalLink": "https://www.sec.gov/Archives/edgar/data/875045/000095012310010528/b77985e10vk.htm"
  },
  {
    "date": "2008-12-31",
    "symbol": "BIIB",
    "reportedCurrency": "USD",
    "cik": "0000875045",
    "fillingDate": "2009-02-06",
    "acceptedDate": "2009-02-06 17:15:32",
    "calendarYear": "2008",
    "period": "FY",
    "revenue": 4097507000,
    "costOfRevenue": 401989000,
    "grossProfit": 3695518000,
    "grossProfitRatio": 0.9018942494,
    "researchAndDevelopmentExpenses": 1072058000,
    "generalAndAdministrativeExpenses": 0,
    "sellingAndMarketingExpenses": 0,
    "sellingGeneralAndAdministrativeExpenses": 925305000,
    "otherExpenses": 459544000,
    "operatingExpenses": 2456907000,
    "costAndExpenses": 2858896000,
    "interestIncome": 72100000,
    "interestExpense": 52000000,
    "depreciationAndAmortization": 462059000,
    "ebitda": 1669902000,
    "ebitdaratio": 0.4075409755,
    "operatingIncome": 1213611000,
    "operatingIncomeRatio": 0.2961827765,
    "totalOtherIncomeExpensesNet": -57728000,
    "incomeBeforeTax": 1148943000,
    "incomeBeforeTaxRatio": 0.2804004972,
    "incomeTaxExpense": 365776000,
    "netIncome": 783167000,
    "netIncomeRatio": 0.1911325594,
    "eps": 2.67,
    "epsdiluted": 2.65,
    "weightedAverageShsOut": 292332000,
    "weightedAverageShsOutDil": 294984000,
    "link": "https://www.sec.gov/Archives/edgar/data/875045/000095013509000730/0000950135-09-000730-index.htm",
    "finalLink": "https://www.sec.gov/Archives/edgar/data/875045/000095013509000730/b73435bie10vk.htm"
  },
  {
    "date": "2007-12-31",
    "symbol": "BIIB",
    "reportedCurrency": "USD",
    "cik": "0000875045",
    "fillingDate": "2008-02-14",
    "acceptedDate": "2008-02-14 17:07:02",
    "calendarYear": "2007",
    "period": "FY",
    "revenue": 2567917000,
    "costOfRevenue": 335192000,
    "grossProfit": 1975230000,
    "grossProfitRatio": 0.7691954218,
    "researchAndDevelopmentExpenses": 925164000,
    "generalAndAdministrativeExpenses": 0,
    "sellingAndMarketingExpenses": 0,
    "sellingGeneralAndAdministrativeExpenses": 776103000,
    "otherExpenses": 271574000,
    "operatingExpenses": 1972841000,
    "costAndExpenses": 2308033000,
    "interestIncome": 103600000,
    "interestExpense": 40500000,
    "depreciationAndAmortization": 380293000,
    "ebitda": 1331388000,
    "ebitdaratio": 0.5184700284,
    "operatingIncome": 779772000,
    "operatingIncomeRatio": 0.3036593472,
    "totalOtherIncomeExpensesNet": 130823000,
    "incomeBeforeTax": 852195000,
    "incomeBeforeTaxRatio": 0.3318623616,
    "incomeTaxExpense": 272423000,
    "netIncome": 638172000,
    "netIncomeRatio": 0.2485173781,
    "eps": 2.02,
    "epsdiluted": 1.99,
    "weightedAverageShsOut": 315836000,
    "weightedAverageShsOutDil": 320171000,
    "link": "https://www.sec.gov/Archives/edgar/data/875045/000095013508001029/0000950135-08-001029-index.htm",
    "finalLink": "https://www.sec.gov/Archives/edgar/data/875045/000095013508001029/b68103bie10vk.htm"
  },
  {
    "date": "2006-12-31",
    "symbol": "BIIB",
    "reportedCurrency": "USD",
    "cik": "0000875045",
    "fillingDate": "2007-02-21",
    "acceptedDate": "2007-02-21 17:10:26",
    "calendarYear": "2006",
    "period": "FY",
    "revenue": 1872185000,
    "costOfRevenue": 274383000,
    "grossProfit": 1597802000,
    "grossProfitRatio": 0.8534423681,
    "researchAndDevelopmentExpenses": 718390000,
    "generalAndAdministrativeExpenses": 0,
    "sellingAndMarketingExpenses": 0,
    "sellingGeneralAndAdministrativeExpenses": 685067000,
    "otherExpenses": 565189000,
    "operatingExpenses": 1968646000,
    "costAndExpenses": 2243029000,
    "interestIncome": 101219000,
    "interestExpense": 871000,
    "depreciationAndAmortization": 375870000,
    "ebitda": 875674000,
    "ebitdaratio": 0.4677283495,
    "operatingIncome": 440020000,
    "operatingIncomeRatio": 0.235030192,
    "totalOtherIncomeExpensesNet": 52143000,
    "incomeBeforeTax": 492163000,
    "incomeBeforeTaxRatio": 0.2628816063,
    "incomeTaxExpense": 278431000,
    "netIncome": 217511000,
    "netIncomeRatio": 0.116180292,
    "eps": 0.64,
    "epsdiluted": 0.63,
    "weightedAverageShsOut": 338585000,
    "weightedAverageShsOutDil": 345281000,
    "link": "https://www.sec.gov/Archives/edgar/data/875045/000095013507000981/0000950135-07-000981-index.htm",
    "finalLink": "https://www.sec.gov/Archives/edgar/data/875045/000095013507000981/b63632bie10vk.htm"
  },
  {
    "date": "2005-12-31",
    "symbol": "BIIB",
    "reportedCurrency": "USD",
    "cik": "0000875045",
    "fillingDate": "2006-03-03",
    "acceptedDate": "2006-03-03 17:18:32",
    "calendarYear": "2005",
    "period": "FY",
    "revenue": 1713619000,
    "costOfRevenue": 373614000,
    "grossProfit": 1340005000,
    "grossProfitRatio": 0.7819737059,
    "researchAndDevelopmentExpenses": 747671000,
    "generalAndAdministrativeExpenses": 0,
    "sellingAndMarketingExpenses": 0,
    "sellingGeneralAndAdministrativeExpenses": 644758000,
    "otherExpenses": 302305000,
    "operatingExpenses": 1694734000,
    "costAndExpenses": 2186460000,
    "interestIncome": 62751000,
    "interestExpense": 9647000,
    "depreciationAndAmortization": 402208000,
    "ebitda": 668050000,
    "ebitdaratio": 0.3898474515,
    "operatingIncome": 236040000,
    "operatingIncomeRatio": 0.1377435708,
    "totalOtherIncomeExpensesNet": 20155000,
    "incomeBeforeTax": 256195000,
    "incomeBeforeTaxRatio": 0.1495052284,
    "incomeTaxExpense": 95484000,
    "netIncome": 160711000,
    "netIncomeRatio": 0.0937845577,
    "eps": 0.48,
    "epsdiluted": 0.47,
    "weightedAverageShsOut": 335586000,
    "weightedAverageShsOutDil": 346163000,
    "link": "https://www.sec.gov/Archives/edgar/data/875045/000095013506001384/0000950135-06-001384-index.htm",
    "finalLink": "https://www.sec.gov/Archives/edgar/data/875045/000095013506001384/b58456bie10vk.htm"
  },
  {
    "date": "2004-12-31",
    "symbol": "BIIB",
    "reportedCurrency": "USD",
    "cik": "0000875045",
    "fillingDate": "2005-03-31",
    "acceptedDate": "2005-03-31 17:25:18",
    "calendarYear": "2004",
    "period": "FY",
    "revenue": 1595819000,
    "costOfRevenue": 554319000,
    "grossProfit": 1041500000,
    "grossProfitRatio": 0.6526429376,
    "researchAndDevelopmentExpenses": 687663000,
    "generalAndAdministrativeExpenses": 0,
    "sellingAndMarketingExpenses": 0,
    "sellingGeneralAndAdministrativeExpenses": 578487000,
    "otherExpenses": 347677000,
    "operatingExpenses": 1613827000,
    "costAndExpenses": 2168146000,
    "interestIncome": 57225000,
    "interestExpense": 18898000,
    "depreciationAndAmortization": 439435000,
    "ebitda": 522426000,
    "ebitdaratio": 0.3273717132,
    "operatingIncome": 43416000,
    "operatingIncomeRatio": 0.0272060929,
    "totalOtherIncomeExpensesNet": 20677000,
    "incomeBeforeTax": 64093000,
    "incomeBeforeTaxRatio": 0.0401630761,
    "incomeTaxExpense": 39007000,
    "netIncome": 25086000,
    "netIncomeRatio": 0.0157198279,
    "eps": 0.07,
    "epsdiluted": 0.07,
    "weightedAverageShsOut": 334996000,
    "weightedAverageShsOutDil": 343475000,
    "link": "https://www.sec.gov/Archives/edgar/data/875045/000095013505001792/0000950135-05-001792-index.htm",
    "finalLink": "https://www.sec.gov/Archives/edgar/data/875045/000095013505001792/b53275bie10vk.htm"
  },
  {
    "date": "2003-12-31",
    "symbol": "BIIB",
    "reportedCurrency": "USD",
    "cik": "0000875045",
    "fillingDate": "2004-03-10",
    "acceptedDate": "2004-03-10 14:23:45",
    "calendarYear": "2003",
    "period": "FY",
    "revenue": 679183000,
    "costOfRevenue": 284739000,
    "grossProfit": 394444000,
    "grossProfitRatio": 0.5807624749,
    "researchAndDevelopmentExpenses": 233337000,
    "generalAndAdministrativeExpenses": 0,
    "sellingAndMarketingExpenses": 0,
    "sellingGeneralAndAdministrativeExpenses": 174596000,
    "otherExpenses": 33180000,
    "operatingExpenses": 771064000,
    "costAndExpenses": 1055803000,
    "interestIncome": 33610000,
    "interestExpense": 15182000,
    "depreciationAndAmortization": 61308000,
    "ebitda": -804134000,
    "ebitdaratio": -1.1839725081,
    "operatingIncome": -869669000,
    "operatingIncomeRatio": -1.2804634392,
    "totalOtherIncomeExpensesNet": -10955000,
    "incomeBeforeTax": -880624000,
    "incomeBeforeTaxRatio": -1.2965931126,
    "incomeTaxExpense": -5527000,
    "netIncome": -875097000,
    "netIncomeRatio": -1.2884553942,
    "eps": -2.62,
    "epsdiluted": -2.62,
    "weightedAverageShsOut": 333699000,
    "weightedAverageShsOutDil": 333699000,
    "link": "https://www.sec.gov/Archives/edgar/data/875045/000095013504001180/0000950135-04-001180-index.htm",
    "finalLink": "https://www.sec.gov/Archives/edgar/data/875045/000095013504001180/b48790bie10vk.htm"
  },
  {
    "date": "2002-12-31",
    "symbol": "BIIB",
    "reportedCurrency": "USD",
    "cik": "0000875045",
    "fillingDate": "2003-03-31",
    "acceptedDate": "2003-03-28 20:18:09",
    "calendarYear": "2002",
    "period": "FY",
    "revenue": 1148364000,
    "costOfRevenue": 160159000,
    "grossProfit": 988205000,
    "grossProfitRatio": 0.8605328972,
    "researchAndDevelopmentExpenses": 100868000,
    "generalAndAdministrativeExpenses": 0,
    "sellingAndMarketingExpenses": 0,
    "sellingGeneralAndAdministrativeExpenses": 95241000,
    "otherExpenses": 0,
    "operatingExpenses": 188889000,
    "costAndExpenses": 851727000,
    "interestIncome": 33719000,
    "interestExpense": 3546000,
    "depreciationAndAmortization": 10156000,
    "ebitda": 257751000,
    "ebitdaratio": 0.2244506097,
    "operatingIncome": 213876000,
    "operatingIncomeRatio": 0.1862440829,
    "totalOtherIncomeExpensesNet": 17646000,
    "incomeBeforeTax": 231522000,
    "incomeBeforeTaxRatio": 0.2016102908,
    "incomeTaxExpense": 83432000,
    "netIncome": 148090000,
    "netIncomeRatio": 0.1289573689,
    "eps": 0.51,
    "epsdiluted": 0.5,
    "weightedAverageShsOut": 389964000,
    "weightedAverageShsOutDil": 398753000,
    "link": "https://www.sec.gov/Archives/edgar/data/875045/000104746903011017/0001047469-03-011017-index.htm",
    "finalLink": "https://www.sec.gov/Archives/edgar/data/875045/000104746903011017/a2106647z10-k.htm"
  },
  {
    "date": "2001-12-31",
    "symbol": "BIIB",
    "reportedCurrency": "USD",
    "cik": "0000875045",
    "fillingDate": "2002-04-01",
    "acceptedDate": "2002-04-01 00:00:00",
    "calendarYear": "2001",
    "period": "FY",
    "revenue": 1043360000,
    "costOfRevenue": 136510000,
    "grossProfit": 906850000,
    "grossProfitRatio": 0.8691630885,
    "researchAndDevelopmentExpenses": 314556000,
    "generalAndAdministrativeExpenses": 0,
    "sellingAndMarketingExpenses": 0,
    "sellingGeneralAndAdministrativeExpenses": 232096000,
    "otherExpenses": 0,
    "operatingExpenses": 546652000,
    "costAndExpenses": 683162000,
    "interestIncome": 44128000,
    "interestExpense": 3954000,
    "depreciationAndAmortization": 36913000,
    "ebitda": 367812000,
    "ebitdaratio": 0.352526453,
    "operatingIncome": 360198000,
    "operatingIncomeRatio": 0.3452288759,
    "totalOtherIncomeExpensesNet": 29299000,
    "incomeBeforeTax": 389497000,
    "incomeBeforeTaxRatio": 0.3733102668,
    "incomeTaxExpense": 116814000,
    "netIncome": 272683000,
    "netIncomeRatio": 0.2613508281,
    "eps": 0.7,
    "epsdiluted": 0.68,
    "weightedAverageShsOut": 389964000,
    "weightedAverageShsOutDil": 398753000,
    "link": "https://www.sec.gov/Archives/edgar/data/875045/000091205702012961/0000912057-02-012961-index.htm",
    "finalLink": "https://www.sec.gov/Archives/edgar/data/875045/000091205702012961/a2074782z10-k.htm"
  },
  {
    "date": "2000-12-31",
    "symbol": "BIIB",
    "reportedCurrency": "USD",
    "cik": "0000875045",
    "fillingDate": "2001-04-02",
    "acceptedDate": "2001-04-02 00:00:00",
    "calendarYear": "2000",
    "period": "FY",
    "revenue": 926452000,
    "costOfRevenue": 125198000,
    "grossProfit": 801254000,
    "grossProfitRatio": 0.8648629395,
    "researchAndDevelopmentExpenses": 302840000,
    "generalAndAdministrativeExpenses": 0,
    "sellingAndMarketingExpenses": 0,
    "sellingGeneralAndAdministrativeExpenses": 170058000,
    "otherExpenses": 0,
    "operatingExpenses": 472898000,
    "costAndExpenses": 598096000,
    "interestIncome": 42965000,
    "interestExpense": 4310000,
    "depreciationAndAmortization": 38824000,
    "ebitda": 530450000,
    "ebitdaratio": 0.5725606939,
    "operatingIncome": 328356000,
    "operatingIncomeRatio": 0.354423111,
    "totalOtherIncomeExpensesNet": 158749000,
    "incomeBeforeTax": 487105000,
    "incomeBeforeTaxRatio": 0.5257746759,
    "incomeTaxExpense": 153528000,
    "netIncome": 333577000,
    "netIncomeRatio": 0.3600585891,
    "eps": 0.75,
    "epsdiluted": 0.72,
    "weightedAverageShsOut": 446229000,
    "weightedAverageShsOutDil": 463806000,
    "link": "https://www.sec.gov/Archives/edgar/data/875045/000091205701506405/0000912057-01-506405-index.htm",
    "finalLink": "https://www.sec.gov/Archives/edgar/data/875045/000091205701506405/a2043163z10-k.txt"
  },
  {
    "date": "1999-12-31",
    "symbol": "BIIB",
    "reportedCurrency": "USD",
    "cik": "0000875045",
    "fillingDate": "2000-03-30",
    "acceptedDate": "2000-03-30 00:00:00",
    "calendarYear": "1999",
    "period": "FY",
    "revenue": 794435000,
    "costOfRevenue": 111005000,
    "grossProfit": 683430000,
    "grossProfitRatio": 0.8602717655,
    "researchAndDevelopmentExpenses": 221153000,
    "generalAndAdministrativeExpenses": 0,
    "sellingAndMarketingExpenses": 0,
    "sellingGeneralAndAdministrativeExpenses": 146026000,
    "otherExpenses": 0,
    "operatingExpenses": 367179000,
    "costAndExpenses": 478184000,
    "interestIncome": 0,
    "interestExpense": 0,
    "depreciationAndAmortization": 31099000,
    "ebitda": 347350000,
    "ebitdaratio": 0.4372289741,
    "operatingIncome": 316251000,
    "operatingIncomeRatio": 0.3980829143,
    "totalOtherIncomeExpensesNet": 12765000,
    "incomeBeforeTax": 329016000,
    "incomeBeforeTaxRatio": 0.4141509375,
    "incomeTaxExpense": 108566000,
    "netIncome": 220450000,
    "netIncomeRatio": 0.2774928094,
    "eps": 0.49,
    "epsdiluted": 0.47,
    "weightedAverageShsOut": 449763000,
    "weightedAverageShsOutDil": 473364000,
    "link": "https://www.sec.gov/Archives/edgar/data/875045/000093639200000180/0000936392-00-000180-index.htm",
    "finalLink": "https://www.sec.gov/Archives/edgar/data/875045/000093639200000180/"
  },
  {
    "date": "1998-12-31",
    "symbol": "BIIB",
    "reportedCurrency": "USD",
    "cik": "0000875045",
    "fillingDate": "1999-03-31",
    "acceptedDate": "1999-03-31 00:00:00",
    "calendarYear": "1998",
    "period": "FY",
    "revenue": 557587000,
    "costOfRevenue": 74509000,
    "grossProfit": 483078000,
    "grossProfitRatio": 0.8663724226,
    "researchAndDevelopmentExpenses": 177228000,
    "generalAndAdministrativeExpenses": 0,
    "sellingAndMarketingExpenses": 0,
    "sellingGeneralAndAdministrativeExpenses": 115211000,
    "otherExpenses": 0,
    "operatingExpenses": 292439000,
    "costAndExpenses": 366948000,
    "interestIncome": 0,
    "interestExpense": 0,
    "depreciationAndAmortization": 24590000,
    "ebitda": 215229000,
    "ebitdaratio": 0.3860007497,
    "operatingIncome": 190639000,
    "operatingIncomeRatio": 0.3419000084,
    "totalOtherIncomeExpensesNet": 19554000,
    "incomeBeforeTax": 210193000,
    "incomeBeforeTaxRatio": 0.3769689752,
    "incomeTaxExpense": 71496000,
    "netIncome": 138697000,
    "netIncomeRatio": 0.2487450389,
    "eps": 0.16,
    "epsdiluted": 0.15,
    "weightedAverageShsOut": 884516000,
    "weightedAverageShsOutDil": 945517000,
    "link": "https://www.sec.gov/Archives/edgar/data/875045/000093639299000364/0000936392-99-000364-index.htm",
    "finalLink": "https://www.sec.gov/Archives/edgar/data/875045/000093639299000364/"
  },
  {
    "date": "1997-12-31",
    "symbol": "BIIB",
    "reportedCurrency": "USD",
    "cik": "0000875045",
    "fillingDate": "1998-02-27",
    "acceptedDate": "1998-02-27 00:00:00",
    "calendarYear": "1997",
    "period": "FY",
    "revenue": 434044000,
    "costOfRevenue": 50188000,
    "grossProfit": 383856000,
    "grossProfitRatio": 0.8843711697,
    "researchAndDevelopmentExpenses": 145501000,
    "generalAndAdministrativeExpenses": 0,
    "sellingAndMarketingExpenses": 0,
    "sellingGeneralAndAdministrativeExpenses": 90098000,
    "otherExpenses": -711000,
    "operatingExpenses": 234888000,
    "costAndExpenses": 285076000,
    "interestIncome": 0,
    "interestExpense": 0,
    "depreciationAndAmortization": 19296000,
    "ebitda": 168264000,
    "ebitdaratio": 0.3876657666,
    "operatingIncome": 148968000,
    "operatingIncomeRatio": 0.3432094442,
    "totalOtherIncomeExpensesNet": 0,
    "incomeBeforeTax": 148968000,
    "incomeBeforeTaxRatio": 0.3432094442,
    "incomeTaxExpense": 59801000,
    "netIncome": 89167000,
    "netIncomeRatio": 0.2054330897,
    "eps": 0.1,
    "epsdiluted": 0.0962,
    "weightedAverageShsOut": 877895000,
    "weightedAverageShsOutDil": 926667000,
    "link": "https://www.sec.gov/Archives/edgar/data/875045/000093639298000343/0000936392-98-000343-index.htm",
    "finalLink": "https://www.sec.gov/Archives/edgar/data/875045/000093639298000343/"
  },
  {
    "date": "1996-12-31",
    "symbol": "BIIB",
    "reportedCurrency": "USD",
    "cik": "0000875045",
    "fillingDate": "1997-03-31",
    "acceptedDate": "1997-03-31 00:00:00",
    "calendarYear": "1996",
    "period": "FY",
    "revenue": 277090000,
    "costOfRevenue": 28525000,
    "grossProfit": 248565000,
    "grossProfitRatio": 0.8970551084,
    "researchAndDevelopmentExpenses": 132384000,
    "generalAndAdministrativeExpenses": 0,
    "sellingAndMarketingExpenses": 0,
    "sellingGeneralAndAdministrativeExpenses": 73632000,
    "otherExpenses": 1720000,
    "operatingExpenses": 207736000,
    "costAndExpenses": 236261000,
    "interestIncome": 0,
    "interestExpense": 0,
    "depreciationAndAmortization": 15264000,
    "ebitda": 56093000,
    "ebitdaratio": 0.2024360316,
    "operatingIncome": 40829000,
    "operatingIncomeRatio": 0.1473492367,
    "totalOtherIncomeExpensesNet": 0,
    "incomeBeforeTax": 40829000,
    "incomeBeforeTaxRatio": 0.1473492367,
    "incomeTaxExpense": 299000,
    "netIncome": 40530000,
    "netIncomeRatio": 0.1462701649,
    "eps": 0.0477,
    "epsdiluted": 0.0439,
    "weightedAverageShsOut": 850000000,
    "weightedAverageShsOutDil": 922857000,
    "link": "https://www.sec.gov/Archives/edgar/data/875045/000093639297000428/0000936392-97-000428-index.htm",
    "finalLink": "https://www.sec.gov/Archives/edgar/data/875045/000093639297000428/"
  },
  {
    "date": "1995-12-31",
    "symbol": "BIIB",
    "reportedCurrency": "USD",
    "cik": "0000875045",
    "fillingDate": "1996-06-06",
    "acceptedDate": "1996-06-06 00:00:00",
    "calendarYear": "1995",
    "period": "FY",
    "revenue": 151691000,
    "costOfRevenue": 10504000,
    "grossProfit": 141187000,
    "grossProfitRatio": 0.9307539669,
    "researchAndDevelopmentExpenses": 87448000,
    "generalAndAdministrativeExpenses": 0,
    "sellingAndMarketingExpenses": 0,
    "sellingGeneralAndAdministrativeExpenses": 40293000,
    "otherExpenses": 6001000,
    "operatingExpenses": 133742000,
    "costAndExpenses": 144246000,
    "interestIncome": 0,
    "interestExpense": 0,
    "depreciationAndAmortization": 10916000,
    "ebitda": 18361000,
    "ebitdaratio": 0.1210421185,
    "operatingIncome": 7445000,
    "operatingIncomeRatio": 0.0490800377,
    "totalOtherIncomeExpensesNet": 0,
    "incomeBeforeTax": 7445000,
    "incomeBeforeTaxRatio": 0.0490800377,
    "incomeTaxExpense": 1785000,
    "netIncome": 5660000,
    "netIncomeRatio": 0.0373126949,
    "eps": 0.0267,
    "epsdiluted": 0.008,
    "weightedAverageShsOut": 705000000,
    "weightedAverageShsOutDil": 705000000,
    "link": "https://www.sec.gov/Archives/edgar/data/875045/000089161896000774/0000891618-96-000774-index.html",
    "finalLink": "https://www.sec.gov/Archives/edgar/data/875045/"
  },
  {
    "date": "1994-12-31",
    "symbol": "BIIB",
    "reportedCurrency": "USD",
    "cik": "0000875045",
    "fillingDate": "1994-12-31",
    "acceptedDate": "1994-12-30 19:00:00",
    "calendarYear": "1994",
    "period": "FY",
    "revenue": 156344000,
    "costOfRevenue": 9948000,
    "grossProfit": 146396000,
    "grossProfitRatio": 0.9363710792,
    "researchAndDevelopmentExpenses": 91213000,
    "generalAndAdministrativeExpenses": 0,
    "sellingAndMarketingExpenses": 0,
    "sellingGeneralAndAdministrativeExpenses": 24686000,
    "otherExpenses": 32404000,
    "operatingExpenses": 148303000,
    "costAndExpenses": 158251000,
    "interestIncome": 0,
    "interestExpense": 0,
    "depreciationAndAmortization": 8056000,
    "ebitda": 6149000,
    "ebitdaratio": 0.0393299391,
    "operatingIncome": -1907000,
    "operatingIncomeRatio": -0.012197462,
    "totalOtherIncomeExpensesNet": 0,
    "incomeBeforeTax": -1907000,
    "incomeBeforeTaxRatio": -0.012197462,
    "incomeTaxExpense": 2990000,
    "netIncome": -4897000,
    "netIncomeRatio": -0.0313219567,
    "eps": -0.006,
    "epsdiluted": -0.006,
    "weightedAverageShsOut": 816000000,
    "weightedAverageShsOutDil": 816000000,
    "link": "",
    "finalLink": ""
  },
  {
    "date": "1993-12-31",
    "symbol": "BIIB",
    "reportedCurrency": "USD",
    "cik": "0000875045",
    "fillingDate": "1993-12-31",
    "acceptedDate": "1993-12-30 19:00:00",
    "calendarYear": "1993",
    "period": "FY",
    "revenue": 136400000,
    "costOfRevenue": 5500000,
    "grossProfit": 130900000,
    "grossProfitRatio": 0.9596774194,
    "researchAndDevelopmentExpenses": 0,
    "generalAndAdministrativeExpenses": 0,
    "sellingAndMarketingExpenses": 0,
    "sellingGeneralAndAdministrativeExpenses": 102500000,
    "otherExpenses": 6700000,
    "operatingExpenses": 109200000,
    "costAndExpenses": 114700000,
    "interestIncome": 0,
    "interestExpense": 0,
    "depreciationAndAmortization": -6700000,
    "ebitda": 15500000,
    "ebitdaratio": 0.1136363636,
    "operatingIncome": 21700000,
    "operatingIncomeRatio": 0.1590909091,
    "totalOtherIncomeExpensesNet": 12900000,
    "incomeBeforeTax": 34600000,
    "incomeBeforeTaxRatio": 0.2536656891,
    "incomeTaxExpense": 2200000,
    "netIncome": 32400000,
    "netIncomeRatio": 0.2375366569,
    "eps": 0.0433,
    "epsdiluted": 0.04,
    "weightedAverageShsOut": 747692000,
    "weightedAverageShsOutDil": 810000000,
    "link": "",
    "finalLink": ""
  },
  {
    "date": "1992-12-31",
    "symbol": "BIIB",
    "reportedCurrency": "USD",
    "cik": "0000875045",
    "fillingDate": "1992-12-31",
    "acceptedDate": "1992-12-30 19:00:00",
    "calendarYear": "1992",
    "period": "FY",
    "revenue": 123700000,
    "costOfRevenue": 2200000,
    "grossProfit": 121500000,
    "grossProfitRatio": 0.9822150364,
    "researchAndDevelopmentExpenses": 0,
    "generalAndAdministrativeExpenses": 0,
    "sellingAndMarketingExpenses": 0,
    "sellingGeneralAndAdministrativeExpenses": 85800000,
    "otherExpenses": 7100000,
    "operatingExpenses": 92900000,
    "costAndExpenses": 95100000,
    "interestIncome": 0,
    "interestExpense": 0,
    "depreciationAndAmortization": -7100000,
    "ebitda": 24300000,
    "ebitdaratio": 0.1964430073,
    "operatingIncome": 28600000,
    "operatingIncomeRatio": 0.2312045271,
    "totalOtherIncomeExpensesNet": 11300000,
    "incomeBeforeTax": 39900000,
    "incomeBeforeTaxRatio": 0.3225545675,
    "incomeTaxExpense": 1600000,
    "netIncome": 38300000,
    "netIncomeRatio": 0.3096200485,
    "eps": 0.0467,
    "epsdiluted": 0.045,
    "weightedAverageShsOut": 820714000,
    "weightedAverageShsOutDil": 851111000,
    "link": "",
    "finalLink": ""
  },
  {
    "date": "1991-12-31",
    "symbol": "BIIB",
    "reportedCurrency": "USD",
    "cik": "0000875045",
    "fillingDate": "1991-12-31",
    "acceptedDate": "1991-12-30 19:00:00",
    "calendarYear": "1991",
    "period": "FY",
    "revenue": 61400000,
    "costOfRevenue": 43300000,
    "grossProfit": 18100000,
    "grossProfitRatio": 0.2947882736,
    "researchAndDevelopmentExpenses": 0,
    "generalAndAdministrativeExpenses": 0,
    "sellingAndMarketingExpenses": 0,
    "sellingGeneralAndAdministrativeExpenses": 14300000,
    "otherExpenses": 3800000,
    "operatingExpenses": 18100000,
    "costAndExpenses": 61400000,
    "interestIncome": 0,
    "interestExpense": 0,
    "depreciationAndAmortization": -5100000,
    "ebitda": -4900000,
    "ebitdaratio": -0.0798045603,
    "operatingIncome": -1300000,
    "operatingIncomeRatio": -0.0211726384,
    "totalOtherIncomeExpensesNet": 8800000,
    "incomeBeforeTax": 7500000,
    "incomeBeforeTaxRatio": 0.1221498371,
    "incomeTaxExpense": 300000,
    "netIncome": 7200000,
    "netIncomeRatio": 0.1172638436,
    "eps": 0.0067,
    "epsdiluted": 0.0067,
    "weightedAverageShsOut": 675000000,
    "weightedAverageShsOutDil": 675000000,
    "link": "",
    "finalLink": ""
  },
  {
    "date": "1990-12-31",
    "symbol": "BIIB",
    "reportedCurrency": "USD",
    "cik": "0000875045",
    "fillingDate": "1990-12-31",
    "acceptedDate": "1990-12-30 19:00:00",
    "calendarYear": "1990",
    "period": "FY",
    "revenue": 50100000,
    "costOfRevenue": 35400000,
    "grossProfit": 14700000,
    "grossProfitRatio": 0.2934131737,
    "researchAndDevelopmentExpenses": 0,
    "generalAndAdministrativeExpenses": 0,
    "sellingAndMarketingExpenses": 0,
    "sellingGeneralAndAdministrativeExpenses": 10100000,
    "otherExpenses": 3800000,
    "operatingExpenses": 13900000,
    "costAndExpenses": 49300000,
    "interestIncome": 0,
    "interestExpense": 0,
    "depreciationAndAmortization": -3800000,
    "ebitda": -2600000,
    "ebitdaratio": -0.0518962076,
    "operatingIncome": 800000,
    "operatingIncomeRatio": 0.0159680639,
    "totalOtherIncomeExpensesNet": 7200000,
    "incomeBeforeTax": 8000000,
    "incomeBeforeTaxRatio": 0.1596806387,
    "incomeTaxExpense": 300000,
    "netIncome": 7700000,
    "netIncomeRatio": 0.1536926148,
    "eps": 0.0033,
    "epsdiluted": 0.0033,
    "weightedAverageShsOut": 540000000,
    "weightedAverageShsOutDil": 540000000,
    "link": "",
    "finalLink": ""
  },
  {
    "date": "1989-12-31",
    "symbol": "BIIB",
    "reportedCurrency": "USD",
    "cik": "0000875045",
    "fillingDate": "1989-12-31",
    "acceptedDate": "1989-12-30 19:00:00",
    "calendarYear": "1989",
    "period": "FY",
    "revenue": 28500000,
    "costOfRevenue": 25200000,
    "grossProfit": 3300000,
    "grossProfitRatio": 0.1157894737,
    "researchAndDevelopmentExpenses": 0,
    "generalAndAdministrativeExpenses": 0,
    "sellingAndMarketingExpenses": 0,
    "sellingGeneralAndAdministrativeExpenses": 9000000,
    "otherExpenses": 3300000,
    "operatingExpenses": 12300000,
    "costAndExpenses": 37500000,
    "interestIncome": 0,
    "interestExpense": 0,
    "depreciationAndAmortization": -3300000,
    "ebitda": -18100000,
    "ebitdaratio": -0.6350877193,
    "operatingIncome": -9000000,
    "operatingIncomeRatio": -0.3157894737,
    "totalOtherIncomeExpensesNet": 12400000,
    "incomeBeforeTax": 3400000,
    "incomeBeforeTaxRatio": 0.1192982456,
    "incomeTaxExpense": 200000,
    "netIncome": 3200000,
    "netIncomeRatio": 0.1122807018,
    "eps": 0.0082,
    "epsdiluted": 0.0082,
    "weightedAverageShsOut": 390000000,
    "weightedAverageShsOutDil": 390000000,
    "link": "",
    "finalLink": ""
  },
  {
    "date": "1988-12-31",
    "symbol": "BIIB",
    "reportedCurrency": "USD",
    "cik": "0000875045",
    "fillingDate": "1988-12-31",
    "acceptedDate": "1988-12-30 19:00:00",
    "calendarYear": "1988",
    "period": "FY",
    "revenue": 20600000,
    "costOfRevenue": 21100000,
    "grossProfit": -500000,
    "grossProfitRatio": -0.0242718447,
    "researchAndDevelopmentExpenses": 0,
    "generalAndAdministrativeExpenses": 0,
    "sellingAndMarketingExpenses": 0,
    "sellingGeneralAndAdministrativeExpenses": 8300000,
    "otherExpenses": 3100000,
    "operatingExpenses": 11400000,
    "costAndExpenses": 32500000,
    "interestIncome": 0,
    "interestExpense": 0,
    "depreciationAndAmortization": 3100000,
    "ebitda": -8800000,
    "ebitdaratio": -0.427184466,
    "operatingIncome": -11900000,
    "operatingIncomeRatio": -0.5776699029,
    "totalOtherIncomeExpensesNet": 11000000,
    "incomeBeforeTax": -900000,
    "incomeBeforeTaxRatio": -0.0436893204,
    "incomeTaxExpense": 300000,
    "netIncome": -1200000,
    "netIncomeRatio": -0.0582524272,
    "eps": -0.0033,
    "epsdiluted": -0.005,
    "weightedAverageShsOut": 240000000,
    "weightedAverageShsOutDil": 240000000,
    "link": "",
    "finalLink": ""
  },
  {
    "date": "1987-12-31",
    "symbol": "BIIB",
    "reportedCurrency": "USD",
    "cik": "0000875045",
    "fillingDate": "1987-12-31",
    "acceptedDate": "1987-12-30 19:00:00",
    "calendarYear": "1987",
    "period": "FY",
    "revenue": 8600000,
    "costOfRevenue": 21000000,
    "grossProfit": -12400000,
    "grossProfitRatio": -1.4418604651,
    "researchAndDevelopmentExpenses": 0,
    "generalAndAdministrativeExpenses": 0,
    "sellingAndMarketingExpenses": 0,
    "sellingGeneralAndAdministrativeExpenses": 8000000,
    "otherExpenses": 3800000,
    "operatingExpenses": 11800000,
    "costAndExpenses": 32800000,
    "interestIncome": 0,
    "interestExpense": 0,
    "depreciationAndAmortization": 3800000,
    "ebitda": -20400000,
    "ebitdaratio": -2.3720930233,
    "operatingIncome": -24200000,
    "operatingIncomeRatio": -2.8139534884,
    "totalOtherIncomeExpensesNet": 1800000,
    "incomeBeforeTax": -22400000,
    "incomeBeforeTaxRatio": -2.6046511628,
    "incomeTaxExpense": 200000,
    "netIncome": -22600000,
    "netIncomeRatio": -2.6279069767,
    "eps": -0.0433,
    "epsdiluted": -0.0433,
    "weightedAverageShsOut": 521538000,
    "weightedAverageShsOutDil": 521538000,
    "link": "",
    "finalLink": ""
  },
  {
    "date": "1986-12-31",
    "symbol": "BIIB",
    "reportedCurrency": "USD",
    "cik": "0000875045",
    "fillingDate": "1986-12-31",
    "acceptedDate": "1986-12-30 19:00:00",
    "calendarYear": "1986",
    "period": "FY",
    "revenue": 6400000,
    "costOfRevenue": 23300000,
    "grossProfit": -16900000,
    "grossProfitRatio": -2.640625,
    "researchAndDevelopmentExpenses": 0,
    "generalAndAdministrativeExpenses": 0,
    "sellingAndMarketingExpenses": 0,
    "sellingGeneralAndAdministrativeExpenses": 8100000,
    "otherExpenses": 4100000,
    "operatingExpenses": 12200000,
    "costAndExpenses": 35500000,
    "interestIncome": 0,
    "interestExpense": 0,
    "depreciationAndAmortization": 4100000,
    "ebitda": -25000000,
    "ebitdaratio": -3.90625,
    "operatingIncome": -29100000,
    "operatingIncomeRatio": -4.546875,
    "totalOtherIncomeExpensesNet": 1300000,
    "incomeBeforeTax": -27800000,
    "incomeBeforeTaxRatio": -4.34375,
    "incomeTaxExpense": 400000,
    "netIncome": -28200000,
    "netIncomeRatio": -4.40625,
    "eps": -0.06,
    "epsdiluted": -0.06,
    "weightedAverageShsOut": 470000000,
    "weightedAverageShsOutDil": 470000000,
    "link": "",
    "finalLink": ""
  },
  {
    "date": "1985-12-31",
    "symbol": "BIIB",
    "reportedCurrency": "USD",
    "cik": "0000875045",
    "fillingDate": "1985-12-31",
    "acceptedDate": "1985-12-30 19:00:00",
    "calendarYear": "1985",
    "period": "FY",
    "revenue": 15100000,
    "costOfRevenue": 4500000,
    "grossProfit": 10600000,
    "grossProfitRatio": 0.701986755,
    "researchAndDevelopmentExpenses": 0,
    "generalAndAdministrativeExpenses": 0,
    "sellingAndMarketingExpenses": 0,
    "sellingGeneralAndAdministrativeExpenses": 39000000,
    "otherExpenses": 4500000,
    "operatingExpenses": 43500000,
    "costAndExpenses": 48000000,
    "interestIncome": 0,
    "interestExpense": 0,
    "depreciationAndAmortization": 4500000,
    "ebitda": -28400000,
    "ebitdaratio": -1.880794702,
    "operatingIncome": -32900000,
    "operatingIncomeRatio": -2.178807947,
    "totalOtherIncomeExpensesNet": 14200000,
    "incomeBeforeTax": -18700000,
    "incomeBeforeTaxRatio": -1.238410596,
    "incomeTaxExpense": 400000,
    "netIncome": -19100000,
    "netIncomeRatio": -1.2649006623,
    "eps": -0.0433,
    "epsdiluted": -0.0433,
    "weightedAverageShsOut": 440769000,
    "weightedAverageShsOutDil": 440769000,
    "link": "",
    "finalLink": ""
  }
]